<?xml version="1.0" encoding="UTF-8"?>
<!DOCTYPE html PUBLIC "-//W3C//DTD XHTML 1.0 Transitional//EN"
    "http://www.w3.org/TR/xhtml1/DTD/xhtml1-transitional.dtd">
<html xmlns="http://www.w3.org/1999/xhtml" xml:lang="en" lang="en">
 <head>
  <title>
</title>
<meta http-equiv="Content-Type" content="text/html;charset=utf-8" />
  <meta name='ocr-system' content='tesseract 3.04.00' />
  <meta name='ocr-capabilities' content='ocr_page ocr_carea ocr_par ocr_line ocrx_word'/>
</head>
<body>
  <div class='ocr_page' id='page_1' title='image "./actaconciliicons02counuoft/actaconciliicons02counuoft_0360.png"; bbox 0 0 2102 3444; ppageno 0'>
   <div class='ocr_carea' id='block_1_1' title="bbox 206 142 1443 186">
    <p class='ocr_par' dir='ltr' id='par_1_1' title="bbox 206 142 1443 186">
     <span class='ocr_line' id='line_1_1' title="bbox 206 142 1443 186; baseline -0.005 -4"><span class='ocrx_word' id='word_1_1' title='bbox 206 144 290 186; x_wconf 84' lang='lat'>346</span> <span class='ocrx_word' id='word_1_2' title='bbox 743 143 767 178; x_wconf 93' lang='grc' dir='ltr'>Ι.</span> <span class='ocrx_word' id='word_1_3' title='bbox 793 143 1004 179; x_wconf 84' lang='lat' dir='ltr'>Abschnitt.</span> <span class='ocrx_word' id='word_1_4' title='bbox 1043 142 1443 186; x_wconf 83' lang='lat' dir='ltr'>Konzilstagebiicher.</span> 
     </span>
    </p>
   </div>
   <div class='ocr_carea' id='block_1_2' title="bbox 207 261 1982 3081">
    <p class='ocr_par' dir='ltr' id='par_1_2' title="bbox 207 261 1982 3081">
     <span class='ocr_line' id='line_1_2' title="bbox 212 261 1976 316; baseline 0.001 -14"><span class='ocrx_word' id='word_1_5' title='bbox 212 263 293 313; x_wconf 89' lang='lat' dir='ltr'>(ll.</span> <span class='ocrx_word' id='word_1_6' title='bbox 330 275 423 315; x_wconf 84' lang='lat' dir='ltr'>reg.</span> <span class='ocrx_word' id='word_1_7' title='bbox 458 262 655 315; x_wconf 79' lang='lat' dir='ltr'>XXIII),</span> <span class='ocrx_word' id='word_1_8' title='bbox 690 275 803 315; x_wconf 89' lang='lat' dir='ltr'>quos</span> <span class='ocrx_word' id='word_1_9' title='bbox 837 262 975 303; x_wconf 87' lang='lat' dir='ltr'>etiam</span> <span class='ocrx_word' id='word_1_10' title='bbox 1011 261 1229 303; x_wconf 84' lang='lat' dir='ltr'>admonet</span> <span class='ocrx_word' id='word_1_11' title='bbox 1262 261 1520 314; x_wconf 89' lang='lat' dir='ltr'>psalmista:</span> <span class='ocrx_word' id='word_1_12' title='bbox 1568 266 1613 304; x_wconf 90' lang='lat' dir='ltr'>et</span> <span class='ocrx_word' id='word_1_13' title='bbox 1647 275 1781 315; x_wconf 91' lang='lat' dir='ltr'>nunc,</span> <span class='ocrx_word' id='word_1_14' title='bbox 1816 262 1976 316; x_wconf 91' lang='lat' dir='ltr'>inquit,</span> 
     </span>
     <span class='ocr_line' id='line_1_3' title="bbox 210 332 1975 386; baseline 0.001 -13"><span class='ocrx_word' id='word_1_15' title='bbox 210 345 343 385; x_wconf 85' lang='lat' dir='ltr'>reges</span> <span class='ocrx_word' id='word_1_16' title='bbox 373 333 631 386; x_wconf 88' lang='lat' dir='ltr'>intelligite,</span> <span class='ocrx_word' id='word_1_17' title='bbox 660 336 704 374; x_wconf 93' lang='lat' dir='ltr'>et</span> <span class='ocrx_word' id='word_1_18' title='bbox 732 332 981 373; x_wconf 88' lang='lat' dir='ltr'>erudimini</span> <span class='ocrx_word' id='word_1_19' title='bbox 1012 345 1187 384; x_wconf 91' lang='lat' dir='ltr'>omnes,</span> <span class='ocrx_word' id='word_1_20' title='bbox 1216 333 1292 384; x_wconf 86' lang='lat' dir='ltr'>qui</span> <span class='ocrx_word' id='word_1_21' title='bbox 1323 332 1534 375; x_wconf 90' lang='lat' dir='ltr'>iudicatis</span> <span class='ocrx_word' id='word_1_22' title='bbox 1562 337 1734 374; x_wconf 89' lang='lat' dir='ltr'>terram</span> <span class='ocrx_word' id='word_1_23' title='bbox 1767 333 1862 385; x_wconf 90' lang='lat' dir='ltr'>(Ps.</span> <span class='ocrx_word' id='word_1_24' title='bbox 1896 333 1975 386; x_wconf 90' lang='grc' dir='ltr'>ΙΙ).</span> 
     </span>
     <span class='ocr_line' id='line_1_4' title="bbox 331 403 1977 457; baseline 0 -12"><span class='ocrx_word' id='word_1_25' title='bbox 331 404 393 445; x_wconf 88' lang='lat' dir='ltr'>De</span> <span class='ocrx_word' id='word_1_26' title='bbox 432 404 678 445; x_wconf 87' lang='lat' dir='ltr'>clementia</span> <span class='ocrx_word' id='word_1_27' title='bbox 716 415 839 454; x_wconf 87' lang='lat' dir='ltr'>vero,</span> <span class='ocrx_word' id='word_1_28' title='bbox 879 403 1000 455; x_wconf 91' lang='lat' dir='ltr'>quod</span> <span class='ocrx_word' id='word_1_29' title='bbox 1039 407 1139 445; x_wconf 92' lang='lat' dir='ltr'>erat</span> <span class='ocrx_word' id='word_1_30' title='bbox 1175 403 1359 445; x_wconf 87' lang='lat' dir='ltr'>tertium</span> <span class='ocrx_word' id='word_1_31' title='bbox 1399 405 1443 445; x_wconf 92' lang='lat' dir='ltr'>in</span> <span class='ocrx_word' id='word_1_32' title='bbox 1483 417 1591 457; x_wconf 85' lang='lat' dir='ltr'>rege</span> <span class='ocrx_word' id='word_1_33' title='bbox 1630 403 1977 456; x_wconf 90' lang='lat' dir='ltr'>attendendum,</span> 
     </span>
     <span class='ocr_line' id='line_1_5' title="bbox 209 473 1979 526; baseline 0.001 -12"><span class='ocrx_word' id='word_1_34' title='bbox 209 474 546 516; x_wconf 82' lang='lat' dir='ltr'>commendavit</span> <span class='ocrx_word' id='word_1_35' title='bbox 572 486 621 515; x_wconf 91' lang='lat' dir='ltr'>se</span> <span class='ocrx_word' id='word_1_36' title='bbox 650 474 944 525; x_wconf 71' lang='lat' dir='ltr'>Artaxerses,</span> <span class='ocrx_word' id='word_1_37' title='bbox 971 474 1047 526; x_wconf 87' lang='lat' dir='ltr'>qui</span> <span class='ocrx_word' id='word_1_38' title='bbox 1075 473 1269 517; x_wconf 84' lang='lat' dir='ltr'>ducibus</span> <span class='ocrx_word' id='word_1_39' title='bbox 1294 478 1340 516; x_wconf 91' lang='lat' dir='ltr'>et</span> <span class='ocrx_word' id='word_1_40' title='bbox 1365 474 1532 516; x_wconf 88' lang='lat' dir='ltr'>ceteris</span> <span class='ocrx_word' id='word_1_41' title='bbox 1559 474 1659 516; x_wconf 92' lang='lat' dir='ltr'>eius</span> <span class='ocrx_word' id='word_1_42' title='bbox 1685 474 1847 516; x_wconf 83' lang='lat' dir='ltr'>ditioni</span> <span class='ocrx_word' id='word_1_43' title='bbox 1874 474 1979 516; x_wconf 93' lang='lat' dir='ltr'>sub-</span> 
     </span>
     <span class='ocr_line' id='line_1_6' title="bbox 209 544 1978 598; baseline 0.001 -13"><span class='ocrx_word' id='word_1_44' title='bbox 209 545 315 587; x_wconf 91' lang='lat' dir='ltr'>ditis</span> <span class='ocrx_word' id='word_1_45' title='bbox 345 545 554 587; x_wconf 86' lang='lat' dir='ltr'>scribens</span> <span class='ocrx_word' id='word_1_46' title='bbox 584 544 661 586; x_wconf 90' lang='lat' dir='ltr'>ait:</span> <span class='ocrx_word' id='word_1_47' title='bbox 705 556 805 585; x_wconf 90' lang='lat' dir='ltr'>cum</span> <span class='ocrx_word' id='word_1_48' title='bbox 835 545 1052 597; x_wconf 86' lang='lat' dir='ltr'>plurimis</span> <span class='ocrx_word' id='word_1_49' title='bbox 1078 544 1294 597; x_wconf 90' lang='lat' dir='ltr'>gentibus</span> <span class='ocrx_word' id='word_1_50' title='bbox 1325 546 1605 598; x_wconf 80' lang='lat' dir='ltr'>imperarem</span> <span class='ocrx_word' id='word_1_51' title='bbox 1634 548 1679 586; x_wconf 87' lang='lat' dir='ltr'>et</span> <span class='ocrx_word' id='word_1_52' title='bbox 1708 545 1978 587; x_wconf 90' lang='lat' dir='ltr'>universum</span> 
     </span>
     <span class='ocr_line' id='line_1_7' title="bbox 210 614 1979 669; baseline 0.002 -14"><span class='ocrx_word' id='word_1_53' title='bbox 210 616 369 657; x_wconf 88' lang='lat' dir='ltr'>orbem</span> <span class='ocrx_word' id='word_1_54' title='bbox 407 627 507 656; x_wconf 92' lang='lat' dir='ltr'>mee</span> <span class='ocrx_word' id='word_1_55' title='bbox 545 615 712 656; x_wconf 89' lang='lat' dir='ltr'>dicioni</span> <span class='ocrx_word' id='word_1_56' title='bbox 751 614 1088 668; x_wconf 89' lang='lat' dir='ltr'>subiugassem,</span> <span class='ocrx_word' id='word_1_57' title='bbox 1124 616 1250 657; x_wconf 92' lang='lat' dir='ltr'>nolui</span> <span class='ocrx_word' id='word_1_58' title='bbox 1290 616 1352 657; x_wconf 93' lang='lat' dir='ltr'>uti</span> <span class='ocrx_word' id='word_1_59' title='bbox 1388 617 1610 669; x_wconf 90' lang='lat' dir='ltr'>potentia,</span> <span class='ocrx_word' id='word_1_60' title='bbox 1647 615 1979 669; x_wconf 81' lang='lat' dir='ltr'>magnitudine,</span> 
     </span>
     <span class='ocr_line' id='line_1_8' title="bbox 211 685 1978 741; baseline 0.001 -14"><span class='ocrx_word' id='word_1_61' title='bbox 211 686 291 727; x_wconf 88' lang='lat' dir='ltr'>sed</span> <span class='ocrx_word' id='word_1_62' title='bbox 326 686 572 727; x_wconf 85' lang='lat' dir='ltr'>clementia</span> <span class='ocrx_word' id='word_1_63' title='bbox 607 689 654 727; x_wconf 94' lang='lat' dir='ltr'>et</span> <span class='ocrx_word' id='word_1_64' title='bbox 687 685 875 728; x_wconf 81' lang='lat' dir='ltr'>lenitate</span> <span class='ocrx_word' id='word_1_65' title='bbox 912 686 1176 739; x_wconf 66' lang='lat' dir='ltr'>gubernare</span> <span class='ocrx_word' id='word_1_66' title='bbox 1214 687 1445 729; x_wconf 89' lang='lat' dir='ltr'>subiectos</span> <span class='ocrx_word' id='word_1_67' title='bbox 1484 687 1674 740; x_wconf 84' lang='lat' dir='ltr'>(Hester</span> <span class='ocrx_word' id='word_1_68' title='bbox 1708 686 1863 741; x_wconf 90' lang='lat' dir='ltr'><strong>XIII).</strong></span> <span class='ocrx_word' id='word_1_69' title='bbox 1911 686 1978 728; x_wconf 94' lang='lat' dir='ltr'>De</span> 
     </span>
     <span class='ocr_line' id='line_1_9' title="bbox 209 756 1977 810; baseline 0.001 -13"><span class='ocrx_word' id='word_1_70' title='bbox 209 757 372 798; x_wconf 82' lang='lat' dir='ltr'>eadem</span> <span class='ocrx_word' id='word_1_71' title='bbox 400 756 647 798; x_wconf 92' lang='lat' dir='ltr'>clementia</span> <span class='ocrx_word' id='word_1_72' title='bbox 672 759 716 798; x_wconf 94' lang='lat' dir='ltr'>et</span> <span class='ocrx_word' id='word_1_73' title='bbox 740 756 1025 799; x_wconf 86' lang='lat' dir='ltr'>humanitate</span> <span class='ocrx_word' id='word_1_74' title='bbox 1053 757 1168 799; x_wconf 85' lang='lat' dir='ltr'>dixit</span> <span class='ocrx_word' id='word_1_75' title='bbox 1193 757 1459 810; x_wconf 88' lang='lat' dir='ltr'>imperator,</span> <span class='ocrx_word' id='word_1_76' title='bbox 1487 757 1608 810; x_wconf 92' lang='lat' dir='ltr'>quod</span> <span class='ocrx_word' id='word_1_77' title='bbox 1636 757 1696 799; x_wconf 88' lang='lat' dir='ltr'>ita</span> <span class='ocrx_word' id='word_1_78' title='bbox 1721 757 1868 799; x_wconf 85' lang='lat' dir='ltr'>credit</span> <span class='ocrx_word' id='word_1_79' title='bbox 1893 757 1977 799; x_wconf 91' lang='lat' dir='ltr'>Dei</span> 
     </span>
     <span class='ocr_line' id='line_1_10' title="bbox 211 827 1980 881; baseline 0.002 -14"><span class='ocrx_word' id='word_1_80' title='bbox 211 827 571 870; x_wconf 75' lang='lat' dir='ltr'>benivolentiam</span> <span class='ocrx_word' id='word_1_81' title='bbox 605 831 650 869; x_wconf 92' lang='lat' dir='ltr'>et</span> <span class='ocrx_word' id='word_1_82' title='bbox 684 828 803 870; x_wconf 91' lang='lat' dir='ltr'>circa</span> <span class='ocrx_word' id='word_1_83' title='bbox 836 840 984 881; x_wconf 90' lang='lat' dir='ltr'>genus</span> <span class='ocrx_word' id='word_1_84' title='bbox 1016 828 1269 870; x_wconf 89' lang='lat' dir='ltr'>humanum</span> <span class='ocrx_word' id='word_1_85' title='bbox 1304 828 1611 881; x_wconf 92' lang='lat' dir='ltr'>clementiam,</span> <span class='ocrx_word' id='word_1_86' title='bbox 1646 830 1867 881; x_wconf 84' lang='lat' dir='ltr'>quantum</span> <span class='ocrx_word' id='word_1_87' title='bbox 1899 828 1980 870; x_wconf 90' lang='lat' dir='ltr'>hu-</span> 
     </span>
     <span class='ocr_line' id='line_1_11' title="bbox 211 898 1979 952; baseline 0.001 -13"><span class='ocrx_word' id='word_1_88' title='bbox 211 911 344 940; x_wconf 90' lang='lat' dir='ltr'>mane</span> <span class='ocrx_word' id='word_1_89' title='bbox 382 901 546 940; x_wconf 88' lang='lat' dir='ltr'>nature</span> <span class='ocrx_word' id='word_1_90' title='bbox 586 898 812 952; x_wconf 90' lang='lat' dir='ltr'>possibile</span> <span class='ocrx_word' id='word_1_91' title='bbox 851 902 920 941; x_wconf 90' lang='lat' dir='ltr'>est</span> <span class='ocrx_word' id='word_1_92' title='bbox 958 899 1141 949; x_wconf 80' lang='lat' dir='ltr'>imitari,</span> <span class='ocrx_word' id='word_1_93' title='bbox 1180 900 1217 941; x_wconf 85' lang='lat' dir='ltr'>si</span> <span class='ocrx_word' id='word_1_94' title='bbox 1257 899 1379 941; x_wconf 92' lang='lat' dir='ltr'>omni</span> <span class='ocrx_word' id='word_1_95' title='bbox 1419 903 1628 952; x_wconf 91' lang='lat' dir='ltr'>tempore</span> <span class='ocrx_word' id='word_1_96' title='bbox 1667 898 1979 941; x_wconf 89' lang='lat' dir='ltr'>subiectorum</span> 
     </span>
     <span class='ocr_line' id='line_1_12' title="bbox 210 968 1981 1023; baseline 0.001 -13"><span class='ocrx_word' id='word_1_97' title='bbox 210 969 447 1011; x_wconf 83' lang='lat' dir='ltr'>commoda</span> <span class='ocrx_word' id='word_1_98' title='bbox 474 968 822 1022; x_wconf 82' lang='lat' dir='ltr'>investigaverit</span> <span class='ocrx_word' id='word_1_99' title='bbox 849 1003 856 1011; x_wconf 92' lang='lat'>.</span> <span class='ocrx_word' id='word_1_100' title='bbox 893 1003 900 1010; x_wconf 89' lang='lat'>.</span> <span class='ocrx_word' id='word_1_101' title='bbox 938 1003 944 1011; x_wconf 94' lang='lat'>.</span> <span class='ocrx_word' id='word_1_102' title='bbox 986 970 1287 1012; x_wconf 89' lang='lat' dir='ltr'>Devotionem</span> <span class='ocrx_word' id='word_1_103' title='bbox 1312 982 1424 1012; x_wconf 86' lang='lat' dir='ltr'>vero</span> <span class='ocrx_word' id='word_1_104' title='bbox 1450 970 1656 1023; x_wconf 89' lang='lat' dir='ltr'>ipsorum</span> <span class='ocrx_word' id='word_1_105' title='bbox 1681 969 1738 1012; x_wconf 90' lang='lat' dir='ltr'>ad</span> <span class='ocrx_word' id='word_1_106' title='bbox 1763 969 1911 1011; x_wconf 92' lang='lat' dir='ltr'>Deum</span> <span class='ocrx_word' id='word_1_107' title='bbox 1936 973 1981 1012; x_wconf 91' lang='lat' dir='ltr'>et</span> 
     </span>
     <span class='ocr_line' id='line_1_13' title="bbox 209 1040 1979 1094; baseline 0 -12"><span class='ocrx_word' id='word_1_108' title='bbox 209 1040 451 1083; x_wconf 84' lang='lat' dir='ltr'>ecclesiam</span> <span class='ocrx_word' id='word_1_109' title='bbox 486 1040 623 1082; x_wconf 80' lang='lat' dir='ltr'>facile</span> <span class='ocrx_word' id='word_1_110' title='bbox 658 1040 877 1093; x_wconf 83' lang='lat' dir='ltr'>colligere</span> <span class='ocrx_word' id='word_1_111' title='bbox 912 1040 1032 1093; x_wconf 92' lang='lat' dir='ltr'>licet,</span> <span class='ocrx_word' id='word_1_112' title='bbox 1066 1042 1104 1082; x_wconf 92' lang='lat' dir='ltr'>si</span> <span class='ocrx_word' id='word_1_113' title='bbox 1137 1053 1297 1082; x_wconf 90' lang='lat' dir='ltr'>eorum</span> <span class='ocrx_word' id='word_1_114' title='bbox 1332 1040 1460 1094; x_wconf 91' lang='lat' dir='ltr'>origo</span> <span class='ocrx_word' id='word_1_115' title='bbox 1493 1043 1731 1094; x_wconf 83' lang='lat' dir='ltr'>pensetur.</span> <span class='ocrx_word' id='word_1_116' title='bbox 1775 1040 1888 1083; x_wconf 91' lang='lat' dir='ltr'>Nam</span> <span class='ocrx_word' id='word_1_117' title='bbox 1922 1040 1979 1082; x_wconf 91' lang='lat' dir='ltr'>de</span> 
     </span>
     <span class='ocr_line' id='line_1_14' title="bbox 211 1109 1981 1164; baseline 0.001 -12"><span class='ocrx_word' id='word_1_118' title='bbox 211 1109 525 1153; x_wconf 83' lang='lat' dir='ltr'>illustrissima</span> <span class='ocrx_word' id='word_1_119' title='bbox 559 1110 694 1153; x_wconf 91' lang='lat' dir='ltr'>domo</span> <span class='ocrx_word' id='word_1_120' title='bbox 727 1123 888 1164; x_wconf 86' lang='lat' dir='ltr'>regum</span> <span class='ocrx_word' id='word_1_121' title='bbox 922 1111 1117 1153; x_wconf 89' lang='lat' dir='ltr'>Francie</span> <span class='ocrx_word' id='word_1_122' title='bbox 1152 1111 1238 1153; x_wconf 92' lang='lat' dir='ltr'>orti</span> <span class='ocrx_word' id='word_1_123' title='bbox 1272 1111 1361 1153; x_wconf 81' lang='lat' dir='ltr'>dici</span> <span class='ocrx_word' id='word_1_124' title='bbox 1393 1114 1600 1164; x_wconf 84' lang='lat' dir='ltr'>possunt.</span> <span class='ocrx_word' id='word_1_125' title='bbox 1648 1112 1774 1154; x_wconf 90' lang='lat' dir='ltr'>Hanc</span> <span class='ocrx_word' id='word_1_126' title='bbox 1808 1111 1981 1154; x_wconf 87' lang='lat' dir='ltr'>devoti-</span> 
     </span>
     <span class='ocr_line' id='line_1_15' title="bbox 209 1181 1979 1236; baseline 0.001 -13"><span class='ocrx_word' id='word_1_127' title='bbox 209 1194 343 1224; x_wconf 88' lang='lat' dir='ltr'>onem</span> <span class='ocrx_word' id='word_1_128' title='bbox 370 1194 395 1224; x_wconf 91' lang='lat' dir='ltr'>a</span> <span class='ocrx_word' id='word_1_129' title='bbox 422 1182 518 1225; x_wconf 88' lang='lat' dir='ltr'>suis</span> <span class='ocrx_word' id='word_1_130' title='bbox 542 1182 744 1224; x_wconf 84' lang='lat' dir='ltr'>traxisse</span> <span class='ocrx_word' id='word_1_131' title='bbox 771 1182 1162 1236; x_wconf 85' lang='lat' dir='ltr'>progenitoribus,</span> <span class='ocrx_word' id='word_1_132' title='bbox 1188 1182 1280 1235; x_wconf 91' lang='lat' dir='ltr'>qui,</span> <span class='ocrx_word' id='word_1_133' title='bbox 1307 1185 1478 1235; x_wconf 91' lang='lat' dir='ltr'>quanto</span> <span class='ocrx_word' id='word_1_134' title='bbox 1505 1181 1656 1225; x_wconf 91' lang='lat' dir='ltr'>studio</span> <span class='ocrx_word' id='word_1_135' title='bbox 1681 1182 1979 1225; x_wconf 85' lang='lat' dir='ltr'>christianam</span> 
     </span>
     <span class='ocr_line' id='line_1_16' title="bbox 210 1252 1981 1307; baseline 0.001 -13"><span class='ocrx_word' id='word_1_136' title='bbox 210 1252 482 1306; x_wconf 85' lang='lat' dir='ltr'>religionem</span> <span class='ocrx_word' id='word_1_137' title='bbox 511 1252 727 1296; x_wconf 86' lang='lat' dir='ltr'>auxerint</span> <span class='ocrx_word' id='word_1_138' title='bbox 754 1257 1018 1306; x_wconf 89' lang='lat' dir='ltr'>quantoque</span> <span class='ocrx_word' id='word_1_139' title='bbox 1049 1253 1288 1306; x_wconf 83' lang='lat' dir='ltr'>diligentia</span> <span class='ocrx_word' id='word_1_140' title='bbox 1317 1253 1562 1295; x_wconf 90' lang='lat' dir='ltr'>ecclesiam</span> <span class='ocrx_word' id='word_1_141' title='bbox 1593 1253 1677 1296; x_wconf 92' lang='lat' dir='ltr'>Dei</span> <span class='ocrx_word' id='word_1_142' title='bbox 1705 1253 1763 1296; x_wconf 90' lang='lat' dir='ltr'>ab</span> <span class='ocrx_word' id='word_1_143' title='bbox 1790 1266 1981 1307; x_wconf 91' lang='lat' dir='ltr'>oppres-</span> 
     </span>
     <span class='ocr_line' id='line_1_17' title="bbox 209 1323 1979 1378; baseline 0 -13"><span class='ocrx_word' id='word_1_144' title='bbox 209 1323 393 1366; x_wconf 91' lang='lat' dir='ltr'>soribus</span> <span class='ocrx_word' id='word_1_145' title='bbox 428 1323 747 1377; x_wconf 86' lang='lat' dir='ltr'>liberaverint,</span> <span class='ocrx_word' id='word_1_146' title='bbox 782 1337 874 1366; x_wconf 90' lang='lat' dir='ltr'>non</span> <span class='ocrx_word' id='word_1_147' title='bbox 908 1323 1047 1366; x_wconf 78' lang='lat' dir='ltr'>facile</span> <span class='ocrx_word' id='word_1_148' title='bbox 1082 1327 1232 1377; x_wconf 91' lang='lat' dir='ltr'>potest</span> <span class='ocrx_word' id='word_1_149' title='bbox 1266 1337 1350 1377; x_wconf 89' lang='lat' dir='ltr'>per</span> <span class='ocrx_word' id='word_1_150' title='bbox 1385 1325 1569 1378; x_wconf 87' lang='lat' dir='ltr'>singula</span> <span class='ocrx_word' id='word_1_151' title='bbox 1601 1324 1842 1378; x_wconf 89' lang='lat' dir='ltr'>explicari.</span> <span class='ocrx_word' id='word_1_152' title='bbox 1888 1324 1979 1368; x_wconf 89' lang='lat' dir='ltr'>Sed</span> 
     </span>
     <span class='ocr_line' id='line_1_18' title="bbox 208 1394 1980 1448; baseline 0.001 -12"><span class='ocrx_word' id='word_1_153' title='bbox 208 1395 324 1437; x_wconf 89' lang='lat' dir='ltr'>illud</span> <span class='ocrx_word' id='word_1_154' title='bbox 348 1396 404 1437; x_wconf 91' lang='lat' dir='ltr'>ab</span> <span class='ocrx_word' id='word_1_155' title='bbox 428 1395 536 1437; x_wconf 91' lang='lat' dir='ltr'>inde</span> <span class='ocrx_word' id='word_1_156' title='bbox 560 1394 779 1437; x_wconf 91' lang='lat' dir='ltr'>retulisse</span> <span class='ocrx_word' id='word_1_157' title='bbox 804 1395 1061 1448; x_wconf 81' lang='lat' dir='ltr'>sufficeret,</span> <span class='ocrx_word' id='word_1_158' title='bbox 1085 1395 1207 1448; x_wconf 85' lang='lat' dir='ltr'>quod</span> <span class='ocrx_word' id='word_1_159' title='bbox 1232 1396 1277 1436; x_wconf 92' lang='lat' dir='ltr'>in</span> <span class='ocrx_word' id='word_1_160' title='bbox 1301 1395 1504 1448; x_wconf 90' lang='lat' dir='ltr'>antiquis</span> <span class='ocrx_word' id='word_1_161' title='bbox 1526 1394 1774 1438; x_wconf 88' lang='lat' dir='ltr'>annalibus</span> <span class='ocrx_word' id='word_1_162' title='bbox 1796 1398 1868 1437; x_wconf 90' lang='lat' dir='ltr'>est</span> <span class='ocrx_word' id='word_1_163' title='bbox 1888 1394 1980 1437; x_wconf 88' lang='lat' dir='ltr'>fre-</span> 
     </span>
     <span class='ocr_line' id='line_1_19' title="bbox 209 1465 1979 1520; baseline 0.001 -13"><span class='ocrx_word' id='word_1_164' title='bbox 209 1465 577 1518; x_wconf 85' lang='lat' dir='ltr'>quentissimum.</span> <span class='ocrx_word' id='word_1_165' title='bbox 627 1466 739 1508; x_wconf 84' lang='lat' dir='ltr'>Nam</span> <span class='ocrx_word' id='word_1_166' title='bbox 779 1479 879 1508; x_wconf 89' lang='lat' dir='ltr'>cum</span> <span class='ocrx_word' id='word_1_167' title='bbox 918 1466 1115 1508; x_wconf 89' lang='lat' dir='ltr'>ecclesia</span> <span class='ocrx_word' id='word_1_168' title='bbox 1153 1466 1497 1519; x_wconf 88' lang='lat' dir='ltr'>opprimeretur</span> <span class='ocrx_word' id='word_1_169' title='bbox 1535 1466 1593 1508; x_wconf 88' lang='lat' dir='ltr'>ab</span> <span class='ocrx_word' id='word_1_170' title='bbox 1630 1465 1830 1519; x_wconf 85' lang='lat' dir='ltr'>Astulfo‚</span> <span class='ocrx_word' id='word_1_171' title='bbox 1869 1478 1979 1520; x_wconf 87' lang='lat' dir='ltr'>rege</span> 
     </span>
     <span class='ocr_line' id='line_1_20' title="bbox 210 1536 1980 1591; baseline 0 -12"><span class='ocrx_word' id='word_1_172' title='bbox 210 1536 635 1591; x_wconf 87' lang='lat' dir='ltr'>Longobardorum,</span> <span class='ocrx_word' id='word_1_173' title='bbox 676 1540 721 1578; x_wconf 93' lang='lat' dir='ltr'>et</span> <span class='ocrx_word' id='word_1_174' title='bbox 763 1550 788 1579; x_wconf 91' lang='lat' dir='ltr'>a</span> <span class='ocrx_word' id='word_1_175' title='bbox 830 1537 1134 1580; x_wconf 91' lang='lat' dir='ltr'>Constantino</span> <span class='ocrx_word' id='word_1_176' title='bbox 1174 1540 1219 1579; x_wconf 92' lang='lat' dir='ltr'>et</span> <span class='ocrx_word' id='word_1_177' title='bbox 1260 1537 1430 1589; x_wconf 86' lang='lat' dir='ltr'>Leone,</span> <span class='ocrx_word' id='word_1_178' title='bbox 1472 1540 1577 1579; x_wconf 92' lang='lat' dir='ltr'>tunc</span> <span class='ocrx_word' id='word_1_179' title='bbox 1620 1537 1980 1590; x_wconf 87' lang='lat' dir='ltr'>imperatoribus</span> 
     </span>
     <span class='ocr_line' id='line_1_21' title="bbox 208 1607 1981 1662; baseline 0 -12"><span class='ocrx_word' id='word_1_180' title='bbox 208 1608 331 1660; x_wconf 88' lang='lat' dir='ltr'>apud</span> <span class='ocrx_word' id='word_1_181' title='bbox 367 1607 831 1662; x_wconf 86' lang='lat' dir='ltr'>Constantinopolim,</span> <span class='ocrx_word' id='word_1_182' title='bbox 866 1607 1174 1661; x_wconf 84' lang='lat' dir='ltr'>patrocinium</span> <span class='ocrx_word' id='word_1_183' title='bbox 1208 1609 1466 1661; x_wconf 90' lang='lat' dir='ltr'>expetisset</span> <span class='ocrx_word' id='word_1_184' title='bbox 1499 1620 1584 1650; x_wconf 91' lang='lat' dir='ltr'>nec</span> <span class='ocrx_word' id='word_1_185' title='bbox 1620 1607 1709 1661; x_wconf 87' lang='lat' dir='ltr'>ipsi</span> <span class='ocrx_word' id='word_1_186' title='bbox 1745 1607 1981 1650; x_wconf 89' lang='lat' dir='ltr'>exhibuis-</span> 
     </span>
     <span class='ocr_line' id='line_1_22' title="bbox 210 1678 1979 1733; baseline 0 -13"><span class='ocrx_word' id='word_1_187' title='bbox 210 1682 325 1732; x_wconf 83' lang='lat' dir='ltr'>sent,</span> <span class='ocrx_word' id='word_1_188' title='bbox 360 1678 561 1721; x_wconf 90' lang='lat' dir='ltr'>Karolus</span> <span class='ocrx_word' id='word_1_189' title='bbox 601 1679 792 1733; x_wconf 86' lang='lat' dir='ltr'>Magnus</span> <span class='ocrx_word' id='word_1_190' title='bbox 825 1679 964 1722; x_wconf 92' lang='lat' dir='ltr'>huius</span> <span class='ocrx_word' id='word_1_191' title='bbox 1000 1679 1147 1733; x_wconf 91' lang='lat' dir='ltr'>ipsius</span> <span class='ocrx_word' id='word_1_192' title='bbox 1184 1679 1362 1728; x_wconf 85' lang='lat' dir='ltr'>domus,</span> <span class='ocrx_word' id='word_1_193' title='bbox 1397 1691 1549 1732; x_wconf 88' lang='lat' dir='ltr'>ymmo</span> <span class='ocrx_word' id='word_1_194' title='bbox 1584 1679 1742 1722; x_wconf 86' lang='lat' dir='ltr'>verius</span> <span class='ocrx_word' id='word_1_195' title='bbox 1777 1678 1979 1721; x_wconf 92' lang='lat' dir='ltr'>omnium</span> 
     </span>
     <span class='ocr_line' id='line_1_23' title="bbox 209 1749 1982 1804; baseline 0.001 -14"><span class='ocrx_word' id='word_1_196' title='bbox 209 1749 577 1792; x_wconf 88' lang='lat' dir='ltr'>Christianorum</span> <span class='ocrx_word' id='word_1_197' title='bbox 611 1750 898 1803; x_wconf 91' lang='lat' dir='ltr'>amplissima</span> <span class='ocrx_word' id='word_1_198' title='bbox 932 1752 1012 1792; x_wconf 91' lang='lat' dir='ltr'>lux</span> <span class='ocrx_word' id='word_1_199' title='bbox 1047 1764 1128 1793; x_wconf 86' lang='lat' dir='ltr'>sua</span> <span class='ocrx_word' id='word_1_200' title='bbox 1161 1751 1328 1793; x_wconf 90' lang='lat' dir='ltr'>virtute</span> <span class='ocrx_word' id='word_1_201' title='bbox 1362 1750 1490 1792; x_wconf 92' lang='lat' dir='ltr'>illam</span> <span class='ocrx_word' id='word_1_202' title='bbox 1523 1751 1878 1804; x_wconf 91' lang='lat' dir='ltr'>oppressionem</span> <span class='ocrx_word' id='word_1_203' title='bbox 1911 1762 1982 1792; x_wconf 91' lang='lat' dir='ltr'>re-</span> 
     </span>
     <span class='ocr_line' id='line_1_24' title="bbox 210 1820 1980 1874; baseline 0 -12"><span class='ocrx_word' id='word_1_204' title='bbox 210 1820 381 1872; x_wconf 89' lang='lat' dir='ltr'>pressit</span> <span class='ocrx_word' id='word_1_205' title='bbox 404 1824 449 1863; x_wconf 90' lang='lat' dir='ltr'>et</span> <span class='ocrx_word' id='word_1_206' title='bbox 472 1821 717 1863; x_wconf 91' lang='lat' dir='ltr'>ecclesiam</span> <span class='ocrx_word' id='word_1_207' title='bbox 744 1821 974 1864; x_wconf 88' lang='lat' dir='ltr'>liberavit.</span> <span class='ocrx_word' id='word_1_208' title='bbox 1014 1822 1065 1863; x_wconf 94' lang='lat' dir='ltr'>In</span> <span class='ocrx_word' id='word_1_209' title='bbox 1092 1821 1221 1864; x_wconf 90' lang='lat' dir='ltr'>cuius</span> <span class='ocrx_word' id='word_1_210' title='bbox 1246 1822 1313 1863; x_wconf 92' lang='lat' dir='ltr'>rei</span> <span class='ocrx_word' id='word_1_211' title='bbox 1339 1822 1655 1864; x_wconf 90' lang='lat' dir='ltr'>testimonium</span> <span class='ocrx_word' id='word_1_212' title='bbox 1681 1824 1727 1863; x_wconf 93' lang='lat' dir='ltr'>et</span> <span class='ocrx_word' id='word_1_213' title='bbox 1750 1821 1980 1874; x_wconf 87' lang='lat' dir='ltr'>premium</span> 
     </span>
     <span class='ocr_line' id='line_1_25' title="bbox 209 1891 1979 1946; baseline 0.001 -13"><span class='ocrx_word' id='word_1_214' title='bbox 209 1892 471 1944; x_wconf 84' lang='lat' dir='ltr'>Stephanus</span> <span class='ocrx_word' id='word_1_215' title='bbox 496 1905 618 1945; x_wconf 89' lang='lat' dir='ltr'>papa</span> <span class='ocrx_word' id='word_1_216' title='bbox 643 1892 875 1935; x_wconf 87' lang='lat' dir='ltr'>secundus</span> <span class='ocrx_word' id='word_1_217' title='bbox 899 1896 944 1934; x_wconf 92' lang='lat' dir='ltr'>et</span> <span class='ocrx_word' id='word_1_218' title='bbox 967 1893 1127 1934; x_wconf 89' lang='lat' dir='ltr'>martir</span> <span class='ocrx_word' id='word_1_219' title='bbox 1151 1892 1397 1945; x_wconf 89' lang='lat' dir='ltr'>imperium</span> <span class='ocrx_word' id='word_1_220' title='bbox 1423 1905 1448 1934; x_wconf 93' lang='lat' dir='ltr'>a</span> <span class='ocrx_word' id='word_1_221' title='bbox 1472 1891 1636 1935; x_wconf 90' lang='lat' dir='ltr'>Grecis</span> <span class='ocrx_word' id='word_1_222' title='bbox 1661 1893 1708 1934; x_wconf 93' lang='lat' dir='ltr'>in</span> <span class='ocrx_word' id='word_1_223' title='bbox 1730 1905 1979 1946; x_wconf 88' lang='lat' dir='ltr'>personam</span> 
     </span>
     <span class='ocr_line' id='line_1_26' title="bbox 209 1962 1979 2017; baseline 0.001 -14"><span class='ocrx_word' id='word_1_224' title='bbox 209 1962 418 2004; x_wconf 91' lang='lat' dir='ltr'>eiusdem</span> <span class='ocrx_word' id='word_1_225' title='bbox 457 1963 692 2016; x_wconf 84' lang='lat' dir='ltr'>magnifici</span> <span class='ocrx_word' id='word_1_226' title='bbox 732 1964 891 2006; x_wconf 88' lang='lat' dir='ltr'>Karoli</span> <span class='ocrx_word' id='word_1_227' title='bbox 928 1963 1164 2006; x_wconf 90' lang='lat' dir='ltr'>transtulit</span> <span class='ocrx_word' id='word_1_228' title='bbox 1202 1964 1248 2005; x_wconf 91' lang='lat' dir='ltr'>in</span> <span class='ocrx_word' id='word_1_229' title='bbox 1287 1963 1560 2016; x_wconf 91' lang='lat' dir='ltr'>Germanos,</span> <span class='ocrx_word' id='word_1_230' title='bbox 1598 1967 1647 2006; x_wconf 93' lang='lat' dir='ltr'>ut</span> <span class='ocrx_word' id='word_1_231' title='bbox 1683 1964 1870 2017; x_wconf 89' lang='lat' dir='ltr'>legitur:</span> <span class='ocrx_word' id='word_1_232' title='bbox 1921 1963 1979 2005; x_wconf 91' lang='lat' dir='ltr'>de</span> 
     </span>
     <span class='ocr_line' id='line_1_27' title="bbox 208 2033 1980 2088; baseline 0.002 -15"><span class='ocrx_word' id='word_1_233' title='bbox 208 2033 320 2075; x_wconf 83' lang='lat' dir='ltr'>elec.</span> <span class='ocrx_word' id='word_1_234' title='bbox 349 2033 684 2076; x_wconf 88' lang='lat' dir='ltr'>venerabilem.</span> <span class='ocrx_word' id='word_1_235' title='bbox 727 2035 781 2076; x_wconf 81' lang='lat' dir='ltr'>Et</span> <span class='ocrx_word' id='word_1_236' title='bbox 810 2035 866 2076; x_wconf 91' lang='lat' dir='ltr'>de</span> <span class='ocrx_word' id='word_1_237' title='bbox 898 2035 998 2088; x_wconf 92' lang='lat' dir='ltr'>ipso</span> <span class='ocrx_word' id='word_1_238' title='bbox 1026 2034 1191 2077; x_wconf 92' lang='lat' dir='ltr'>eodem</span> <span class='ocrx_word' id='word_1_239' title='bbox 1221 2035 1394 2077; x_wconf 88' lang='lat' dir='ltr'>Karolo</span> <span class='ocrx_word' id='word_1_240' title='bbox 1427 2034 1590 2087; x_wconf 86' lang='lat' dir='ltr'>Magno</span> <span class='ocrx_word' id='word_1_241' title='bbox 1618 2034 1829 2088; x_wconf 84' lang='lat' dir='ltr'>legimus,</span> <span class='ocrx_word' id='word_1_242' title='bbox 1857 2033 1980 2088; x_wconf 91' lang='lat' dir='ltr'>quod</span> 
     </span>
     <span class='ocr_line' id='line_1_28' title="bbox 209 2103 1979 2158; baseline 0.001 -14"><span class='ocrx_word' id='word_1_243' title='bbox 209 2103 445 2147; x_wconf 78' lang='lat' dir='ltr'>Adrianus</span> <span class='ocrx_word' id='word_1_244' title='bbox 471 2117 593 2158; x_wconf 89' lang='lat' dir='ltr'>papa</span> <span class='ocrx_word' id='word_1_245' title='bbox 622 2105 773 2158; x_wconf 84' lang='lat' dir='ltr'>ipsum</span> <span class='ocrx_word' id='word_1_246' title='bbox 801 2105 992 2148; x_wconf 88' lang='lat' dir='ltr'>Romam</span> <span class='ocrx_word' id='word_1_247' title='bbox 1020 2106 1182 2147; x_wconf 87' lang='lat' dir='ltr'>venire</span> <span class='ocrx_word' id='word_1_248' title='bbox 1212 2106 1270 2147; x_wconf 90' lang='lat' dir='ltr'>ad</span> <span class='ocrx_word' id='word_1_249' title='bbox 1298 2105 1648 2147; x_wconf 79' lang='lat' dir='ltr'>defendendum</span> <span class='ocrx_word' id='word_1_250' title='bbox 1677 2118 1753 2147; x_wconf 90' lang='lat' dir='ltr'>res</span> <span class='ocrx_word' id='word_1_251' title='bbox 1781 2105 1979 2147; x_wconf 79' lang='lat' dir='ltr'>ecclesie</span> 
     </span>
     <span class='ocr_line' id='line_1_29' title="bbox 209 2168 1980 2229; baseline 0.001 -12"><span class='ocrx_word' id='word_1_252' title='bbox 209 2176 473 2229; x_wconf 87' lang='lat' dir='ltr'>postulavit,</span> <span class='ocrx_word' id='word_1_253' title='bbox 499 2177 574 2229; x_wconf 90' lang='lat' dir='ltr'>qui</span> <span class='ocrx_word' id='word_1_254' title='bbox 602 2176 827 2219; x_wconf 85' lang='lat' dir='ltr'>accedens</span> <span class='ocrx_word' id='word_1_255' title='bbox 854 2177 1042 2229; x_wconf 89' lang='lat' dir='ltr'>Papiam</span> <span class='ocrx_word' id='word_1_256' title='bbox 1069 2177 1251 2219; x_wconf 91' lang='lat' dir='ltr'>obsedit</span> <span class='ocrx_word' id='word_1_257' title='bbox 1276 2180 1322 2218; x_wconf 93' lang='lat' dir='ltr'>et</span> <span class='ocrx_word' id='word_1_258' title='bbox 1347 2176 1657 2229; x_wconf 88' lang='lat' dir='ltr'>Desiderium,</span> <span class='ocrx_word' id='word_1_259' title='bbox 1683 2189 1839 2229; x_wconf 89' lang='lat' dir='ltr'>regem</span> <span class='ocrx_word' id='word_1_260' title='bbox 1865 2168 1980 2218; x_wconf 58' lang='lat' dir='ltr'>honss</span> 
     </span>
     <span class='ocr_line' id='line_1_30' title="bbox 207 2246 1980 2300; baseline 0.001 -13"><span class='ocrx_word' id='word_1_261' title='bbox 207 2246 533 2299; x_wconf 87' lang='lat' dir='ltr'>gobardorum,</span> <span class='ocrx_word' id='word_1_262' title='bbox 561 2247 681 2299; x_wconf 92' lang='lat' dir='ltr'>cepit</span> <span class='ocrx_word' id='word_1_263' title='bbox 707 2251 752 2289; x_wconf 88' lang='lat' dir='ltr'>et</span> <span class='ocrx_word' id='word_1_264' title='bbox 779 2247 842 2290; x_wconf 90' lang='lat' dir='ltr'>sic</span> <span class='ocrx_word' id='word_1_265' title='bbox 870 2247 1112 2289; x_wconf 89' lang='lat' dir='ltr'>ecclesiam</span> <span class='ocrx_word' id='word_1_266' title='bbox 1142 2248 1199 2289; x_wconf 89' lang='lat' dir='ltr'>ab</span> <span class='ocrx_word' id='word_1_267' title='bbox 1227 2248 1329 2290; x_wconf 92' lang='lat' dir='ltr'>eius</span> <span class='ocrx_word' id='word_1_268' title='bbox 1356 2247 1663 2300; x_wconf 89' lang='lat' dir='ltr'>oppressione</span> <span class='ocrx_word' id='word_1_269' title='bbox 1692 2247 1909 2289; x_wconf 86' lang='lat' dir='ltr'>liberavit</span> <span class='ocrx_word' id='word_1_270' title='bbox 1935 2249 1980 2288; x_wconf 91' lang='lat' dir='ltr'>et</span> 
     </span>
     <span class='ocr_line' id='line_1_31' title="bbox 211 2317 1980 2372; baseline 0.001 -14"><span class='ocrx_word' id='word_1_271' title='bbox 211 2318 255 2358; x_wconf 92' lang='lat' dir='ltr'>in</span> <span class='ocrx_word' id='word_1_272' title='bbox 299 2318 411 2360; x_wconf 88' lang='lat' dir='ltr'>tanti</span> <span class='ocrx_word' id='word_1_273' title='bbox 454 2317 674 2359; x_wconf 82' lang='lat' dir='ltr'>beneficii</span> <span class='ocrx_word' id='word_1_274' title='bbox 721 2317 1082 2371; x_wconf 83' lang='lat' dir='ltr'>recognitionem</span> <span class='ocrx_word' id='word_1_275' title='bbox 1128 2319 1269 2360; x_wconf 91' lang='lat' dir='ltr'>multa</span> <span class='ocrx_word' id='word_1_276' title='bbox 1311 2318 1558 2372; x_wconf 81' lang='lat' dir='ltr'>privilegia</span> <span class='ocrx_word' id='word_1_277' title='bbox 1600 2318 1702 2371; x_wconf 90' lang='lat' dir='ltr'>ipse</span> <span class='ocrx_word' id='word_1_278' title='bbox 1744 2317 1980 2360; x_wconf 87' lang='lat' dir='ltr'>Adrianus</span> 
     </span>
     <span class='ocr_line' id='line_1_32' title="bbox 208 2387 1920 2442; baseline 0.001 -13"><span class='ocrx_word' id='word_1_279' title='bbox 208 2387 361 2429; x_wconf 90' lang='lat' dir='ltr'>eidem</span> <span class='ocrx_word' id='word_1_280' title='bbox 391 2388 564 2430; x_wconf 88' lang='lat' dir='ltr'>Karolo</span> <span class='ocrx_word' id='word_1_281' title='bbox 593 2388 833 2441; x_wconf 88' lang='lat' dir='ltr'>concessit,</span> <span class='ocrx_word' id='word_1_282' title='bbox 864 2402 953 2441; x_wconf 89' lang='lat' dir='ltr'>que</span> <span class='ocrx_word' id='word_1_283' title='bbox 983 2390 1122 2431; x_wconf 89' lang='lat' dir='ltr'>etiam</span> <span class='ocrx_word' id='word_1_284' title='bbox 1152 2389 1370 2442; x_wconf 84' lang='lat' dir='ltr'>leguntur</span> <span class='ocrx_word' id='word_1_285' title='bbox 1399 2389 1552 2431; x_wconf 93' lang='lat' dir='ltr'>LXIII</span> <span class='ocrx_word' id='word_1_286' title='bbox 1582 2389 1641 2431; x_wconf 89' lang='lat' dir='ltr'>di.</span> <span class='ocrx_word' id='word_1_287' title='bbox 1670 2389 1920 2431; x_wconf 88' lang='lat' dir='ltr'>Adrianus.</span> 
     </span>
     <span class='ocr_line' id='line_1_33' title="bbox 326 2459 1979 2513; baseline 0 -13"><span class='ocrx_word' id='word_1_288' title='bbox 326 2459 453 2501; x_wconf 92' lang='lat' dir='ltr'>Hanc</span> <span class='ocrx_word' id='word_1_289' title='bbox 484 2459 631 2512; x_wconf 85' lang='lat' dir='ltr'>ipsam</span> <span class='ocrx_word' id='word_1_290' title='bbox 664 2459 956 2501; x_wconf 89' lang='lat' dir='ltr'>devotionem</span> <span class='ocrx_word' id='word_1_291' title='bbox 989 2473 1015 2501; x_wconf 92' lang='lat' dir='ltr'>a</span> <span class='ocrx_word' id='word_1_292' title='bbox 1041 2460 1422 2513; x_wconf 85' lang='lat' dir='ltr'>progenitoribus</span> <span class='ocrx_word' id='word_1_293' title='bbox 1455 2463 1688 2513; x_wconf 88' lang='lat' dir='ltr'>acceptam</span> <span class='ocrx_word' id='word_1_294' title='bbox 1720 2460 1809 2513; x_wconf 86' lang='lat' dir='ltr'>ipsi</span> <span class='ocrx_word' id='word_1_295' title='bbox 1838 2459 1979 2501; x_wconf 79' lang='lat' dir='ltr'>iidem</span> 
     </span>
     <span class='ocr_line' id='line_1_34' title="bbox 209 2529 1980 2583; baseline 0 -12"><span class='ocrx_word' id='word_1_296' title='bbox 209 2529 445 2583; x_wconf 87' lang='lat' dir='ltr'>principes</span> <span class='ocrx_word' id='word_1_297' title='bbox 471 2530 672 2572; x_wconf 86' lang='lat' dir='ltr'>Jacobus</span> <span class='ocrx_word' id='word_1_298' title='bbox 697 2534 741 2572; x_wconf 93' lang='lat' dir='ltr'>et</span> <span class='ocrx_word' id='word_1_299' title='bbox 767 2530 980 2573; x_wconf 79' lang='lat' dir='ltr'>Johanna</span> <span class='ocrx_word' id='word_1_300' title='bbox 1006 2543 1099 2572; x_wconf 90' lang='lat' dir='ltr'>non</span> <span class='ocrx_word' id='word_1_301' title='bbox 1127 2531 1275 2572; x_wconf 89' lang='lat' dir='ltr'>solum</span> <span class='ocrx_word' id='word_1_302' title='bbox 1301 2534 1650 2583; x_wconf 83' lang='lat' dir='ltr'>conservarunt,</span> <span class='ocrx_word' id='word_1_303' title='bbox 1677 2531 1760 2573; x_wconf 93' lang='lat' dir='ltr'>sed</span> <span class='ocrx_word' id='word_1_304' title='bbox 1787 2531 1980 2583; x_wconf 87' lang='lat' dir='ltr'>insuper</span> 
     </span>
     <span class='ocr_line' id='line_1_35' title="bbox 210 2600 1979 2654; baseline 0.001 -13"><span class='ocrx_word' id='word_1_305' title='bbox 210 2600 455 2653; x_wconf 87' lang='lat' dir='ltr'>magnifice</span> <span class='ocrx_word' id='word_1_306' title='bbox 487 2601 771 2653; x_wconf 88' lang='lat' dir='ltr'>ampliarunt</span> <span class='ocrx_word' id='word_1_307' title='bbox 798 2601 843 2641; x_wconf 91' lang='lat' dir='ltr'>in</span> <span class='ocrx_word' id='word_1_308' title='bbox 872 2601 1076 2654; x_wconf 89' lang='lat' dir='ltr'>benigna</span> <span class='ocrx_word' id='word_1_309' title='bbox 1106 2601 1399 2654; x_wconf 89' lang='lat' dir='ltr'>susceptione</span> <span class='ocrx_word' id='word_1_310' title='bbox 1430 2605 1664 2643; x_wconf 90' lang='lat' dir='ltr'>oratorum</span> <span class='ocrx_word' id='word_1_311' title='bbox 1694 2602 1832 2644; x_wconf 87' lang='lat' dir='ltr'>huius</span> <span class='ocrx_word' id='word_1_312' title='bbox 1861 2601 1979 2644; x_wconf 90' lang='lat' dir='ltr'>sacri</span> 
     </span>
     <span class='ocr_line' id='line_1_36' title="bbox 208 2670 1979 2715; baseline -0.001 -2"><span class='ocrx_word' id='word_1_313' title='bbox 208 2670 389 2713; x_wconf 87' lang='lat' dir='ltr'>concilii</span> <span class='ocrx_word' id='word_1_314' title='bbox 423 2671 538 2714; x_wconf 90' lang='lat' dir='ltr'>alias</span> <span class='ocrx_word' id='word_1_315' title='bbox 572 2671 629 2714; x_wconf 90' lang='lat' dir='ltr'>ad</span> <span class='ocrx_word' id='word_1_316' title='bbox 661 2684 742 2714; x_wconf 89' lang='lat' dir='ltr'>eos</span> <span class='ocrx_word' id='word_1_317' title='bbox 772 2671 1152 2714; x_wconf 78' lang='lat' dir='ltr'>transmissorum</span> <span class='ocrx_word' id='word_1_318' title='bbox 1184 2677 1231 2715; x_wconf 90' lang='lat' dir='ltr'>et</span> <span class='ocrx_word' id='word_1_319' title='bbox 1260 2672 1512 2714; x_wconf 86' lang='lat' dir='ltr'>novissime</span> <span class='ocrx_word' id='word_1_320' title='bbox 1548 2673 1593 2713; x_wconf 91' lang='lat' dir='ltr'>in</span> <span class='ocrx_word' id='word_1_321' title='bbox 1624 2672 1979 2715; x_wconf 77' lang='lat' dir='ltr'>transmissione</span> 
     </span>
     <span class='ocr_line' id='line_1_37' title="bbox 210 2742 1978 2796; baseline 0.001 -12"><span class='ocrx_word' id='word_1_322' title='bbox 210 2743 400 2785; x_wconf 91' lang='lat' dir='ltr'>istorum</span> <span class='ocrx_word' id='word_1_323' title='bbox 427 2743 749 2796; x_wconf 89' lang='lat' dir='ltr'>spectabilium</span> <span class='ocrx_word' id='word_1_324' title='bbox 775 2745 820 2784; x_wconf 93' lang='lat' dir='ltr'>et</span> <span class='ocrx_word' id='word_1_325' title='bbox 844 2742 1196 2796; x_wconf 82' lang='lat' dir='ltr'>magnificorum</span> <span class='ocrx_word' id='word_1_326' title='bbox 1221 2746 1453 2785; x_wconf 89' lang='lat' dir='ltr'>oratorum</span> <span class='ocrx_word' id='word_1_327' title='bbox 1481 2756 1683 2796; x_wconf 87' lang='lat' dir='ltr'>suorum,</span> <span class='ocrx_word' id='word_1_328' title='bbox 1709 2744 1802 2796; x_wconf 92' lang='lat' dir='ltr'>qui,</span> <span class='ocrx_word' id='word_1_329' title='bbox 1826 2746 1875 2785; x_wconf 93' lang='lat' dir='ltr'>ut</span> <span class='ocrx_word' id='word_1_330' title='bbox 1897 2756 1978 2785; x_wconf 90' lang='lat' dir='ltr'>vos</span> 
     </span>
     <span class='ocr_line' id='line_1_38' title="bbox 211 2813 1979 2867; baseline -0.001 -12"><span class='ocrx_word' id='word_1_331' title='bbox 211 2814 296 2866; x_wconf 91' lang='lat' dir='ltr'>ipsi</span> <span class='ocrx_word' id='word_1_332' title='bbox 331 2826 374 2867; x_wconf 92' lang='lat' dir='ltr'>p.</span> <span class='ocrx_word' id='word_1_333' title='bbox 410 2813 545 2855; x_wconf 82' lang='lat' dir='ltr'>r&#39;evmi</span> <span class='ocrx_word' id='word_1_334' title='bbox 580 2813 857 2867; x_wconf 80' lang='lat' dir='ltr'>conspicitis,</span> <span class='ocrx_word' id='word_1_335' title='bbox 893 2826 993 2855; x_wconf 89' lang='lat' dir='ltr'>cum</span> <span class='ocrx_word' id='word_1_336' title='bbox 1028 2813 1362 2866; x_wconf 84' lang='lat' dir='ltr'>multiplicibus</span> <span class='ocrx_word' id='word_1_337' title='bbox 1397 2814 1705 2867; x_wconf 87' lang='lat' dir='ltr'>maximisque</span> <span class='ocrx_word' id='word_1_338' title='bbox 1739 2813 1979 2856; x_wconf 91' lang='lat' dir='ltr'>laboribus</span> 
     </span>
     <span class='ocr_line' id='line_1_39' title="bbox 209 2883 1978 2938; baseline 0 -12"><span class='ocrx_word' id='word_1_339' title='bbox 209 2888 252 2926; x_wconf 91' lang='lat' dir='ltr'>et</span> <span class='ocrx_word' id='word_1_340' title='bbox 279 2884 502 2938; x_wconf 90' lang='lat' dir='ltr'>periculis</span> <span class='ocrx_word' id='word_1_341' title='bbox 528 2885 647 2927; x_wconf 89' lang='lat' dir='ltr'>hanc</span> <span class='ocrx_word' id='word_1_342' title='bbox 675 2885 821 2927; x_wconf 91' lang='lat' dir='ltr'>solam</span> <span class='ocrx_word' id='word_1_343' title='bbox 850 2885 907 2926; x_wconf 94' lang='lat' dir='ltr'>ob</span> <span class='ocrx_word' id='word_1_344' title='bbox 934 2897 1032 2926; x_wconf 93' lang='lat' dir='ltr'>rem</span> <span class='ocrx_word' id='word_1_345' title='bbox 1061 2885 1147 2926; x_wconf 93' lang='lat' dir='ltr'>huc</span> <span class='ocrx_word' id='word_1_346' title='bbox 1175 2883 1232 2926; x_wconf 93' lang='lat' dir='ltr'>de</span> <span class='ocrx_word' id='word_1_347' title='bbox 1261 2884 1585 2928; x_wconf 88' lang='lat' dir='ltr'>remotissimis</span> <span class='ocrx_word' id='word_1_348' title='bbox 1612 2883 1882 2938; x_wconf 88' lang='lat' dir='ltr'>regionibus</span> <span class='ocrx_word' id='word_1_349' title='bbox 1909 2896 1978 2926; x_wconf 89' lang='lat' dir='ltr'>ac-</span> 
     </span>
     <span class='ocr_line' id='line_1_40' title="bbox 210 2954 1978 3009; baseline 0 -13"><span class='ocrx_word' id='word_1_350' title='bbox 210 2957 465 3008; x_wconf 90' lang='lat' dir='ltr'>cesserunt,</span> <span class='ocrx_word' id='word_1_351' title='bbox 488 2959 537 2997; x_wconf 93' lang='lat' dir='ltr'>ut</span> <span class='ocrx_word' id='word_1_352' title='bbox 562 2955 694 2998; x_wconf 91' lang='lat' dir='ltr'>vobis</span> <span class='ocrx_word' id='word_1_353' title='bbox 719 2954 994 2997; x_wconf 88' lang='lat' dir='ltr'>assisterent</span> <span class='ocrx_word' id='word_1_354' title='bbox 1018 2957 1154 3008; x_wconf 89' lang='lat' dir='ltr'>atque</span> <span class='ocrx_word' id='word_1_355' title='bbox 1180 2955 1486 3009; x_wconf 89' lang='lat' dir='ltr'>patrocinium</span> <span class='ocrx_word' id='word_1_356' title='bbox 1512 2968 1662 3008; x_wconf 91' lang='lat' dir='ltr'>omne,</span> <span class='ocrx_word' id='word_1_357' title='bbox 1688 2955 1812 3009; x_wconf 93' lang='lat' dir='ltr'>quod</span> <span class='ocrx_word' id='word_1_358' title='bbox 1837 2956 1885 2997; x_wconf 91' lang='lat' dir='ltr'>in</span> <span class='ocrx_word' id='word_1_359' title='bbox 1908 2954 1978 2997; x_wconf 91' lang='lat' dir='ltr'>eis</span> 
     </span>
     <span class='ocr_line' id='line_1_41' title="bbox 211 3025 1976 3081; baseline 0.001 -15"><span class='ocrx_word' id='word_1_360' title='bbox 211 3025 365 3077; x_wconf 78' lang='lat' dir='ltr'>fuerit,</span> <span class='ocrx_word' id='word_1_361' title='bbox 388 3026 620 3068; x_wconf 76' lang='lat' dir='ltr'>afferrent</span> <span class='ocrx_word' id='word_1_362' title='bbox 641 3026 685 3068; x_wconf 93' lang='lat' dir='ltr'>in</span> <span class='ocrx_word' id='word_1_363' title='bbox 708 3026 982 3069; x_wconf 87' lang='lat' dir='ltr'>executione</span> <span class='ocrx_word' id='word_1_364' title='bbox 1006 3026 1143 3069; x_wconf 89' lang='lat' dir='ltr'>huius</span> <span class='ocrx_word' id='word_1_365' title='bbox 1167 3026 1433 3068; x_wconf 89' lang='lat' dir='ltr'>arduissimi</span> <span class='ocrx_word' id='word_1_366' title='bbox 1456 3026 1645 3081; x_wconf 90' lang='lat' dir='ltr'>laboris,</span> <span class='ocrx_word' id='word_1_367' title='bbox 1668 3026 1790 3081; x_wconf 93' lang='lat' dir='ltr'>quod</span> <span class='ocrx_word' id='word_1_368' title='bbox 1814 3028 1976 3080; x_wconf 90' lang='lat' dir='ltr'>sponte</span> 
     </span>
    </p>
   </div>
  </div>
 </body>
</html>
