2227 3434
791 95 835 131 A.
873 94 1208 130 Reformtraktate.
1799 94 1884 136 585

116 215 195 269 qui
220 216 395 258 curiam
423 217 642 257 secuntur
667 226 754 267 pro
781 226 864 257 sua
890 213 1171 266 petulencia,
1197 213 1275 266 qui
1301 213 1469 255 missas
1496 224 1590 254 non
1618 211 1775 254 dicunt
1799 223 1884 253 nec

115 275 323 328 officium
346 298 453 338 ymo
472 297 558 327 nec
582 284 833 337 presbiteri
859 287 966 326 sunt
988 295 1074 325 nec
1097 284 1257 326 volunt
1279 295 1384 325 esse
1411 282 1494 325 sed
1519 283 1583 325 sic
1607 282 1753 324 ditant
1777 295 1884 324 suos

115 359 161 398 et
195 360 356 410 postea
393 355 582 407 nubent,
619 358 862 410 postquam
901 355 1214 407 impleverunt
1249 354 1416 396 bursas
1454 365 1562 395 suas
1600 356 1644 394 et
1681 365 1884 403 suorum,

115 427 192 480 qui
229 426 532 469 elemosinam
569 438 662 467 non
699 424 874 467 faciunt
911 424 1001 466 nisi
1038 424 1203 471 mimis.
1239 424 1546 466 histrionibus
1582 428 1628 466 et
1665 424 1885 465 reclama-

114 497 292 540 toribus
323 499 369 540 et
397 495 735 539 meretricibus.
778 495 978 537 Narrent
1008 495 1107 546 ista,
1140 496 1217 548 qui
1249 495 1422 542 vident,
1454 495 1492 536 si
1525 497 1682 536 mutuo
1712 493 1784 535 hic
1816 496 1885 535 est

37 555 47 559 ’
67 609 69 611 ,
113 567 250 610 valde
277 566 632 620 providendum.

231 638 395 681 Utrum
436 650 558 691 papa
601 637 769 697 debeat
809 649 894 678 nec
935 636 1179 678 concilium
1220 637 1305 682 hoc
1349 648 1529 678 sacrum
1572 634 1884 685 dissimulare,

114 708 237 762 quod
263 708 392 750 bulle
421 711 528 750 sunt
555 707 871 759 rescribende,
899 719 1000 748 cum
1026 706 1133 749 talis
1161 706 1413 759 rescripcio
1441 707 1499 749 sit
1524 705 1707 748 furtum
1726 706 1885 747 volun-

67 789 70 791 *
112 779 281 822 tarium
305 781 350 821 et
373 779 511 821 nimis
534 778 768 821 familiare
794 777 852 820 ad
875 778 1127 831 dampnum
1152 778 1416 830 petencium
1442 780 1486 818 et
1512 776 1570 818 ad
1594 775 1882 829 implendum

113 849 282 893 bursas
313 850 604 902 scriptorum.
648 849 761 891 Nam
793 861 851 890 ex
884 849 969 890 hoc
1002 847 1199 901 videtur,
1231 847 1355 900 quod
1387 847 1537 890 forma
1570 846 1708 889 unius
1740 846 1884 897 bulle,

45 912 47 922 ⁵
112 923 357 974 postquam
379 923 450 963 est
471 921 616 963 semel
639 921 704 963 sic
726 919 856 962 irrita
877 920 950 961 vel
975 918 1034 961 ad
1055 918 1340 972 profundum
1360 917 1536 960 inferni
1558 920 1752 971 portata,
1777 917 1883 970 quia

112 1003 363 1045 numquam
402 992 651 1044 reperitur,
692 991 809 1045 aut¹)
851 993 923 1032 est
963 989 1174 1032 defectus
1215 990 1491 1042 scriptorum
1531 992 1576 1030 et
1615 987 1883 1041 ignorancia

112 1074 273 1104 eorum
299 1065 345 1104 et
369 1064 476 1104 tunc
503 1061 784 1114 vituperium
812 1060 1062 1102 maximum
1089 1072 1210 1113 pape
1239 1063 1284 1102 et
1309 1059 1389 1101 toti
1416 1060 1543 1101 curie
1570 1063 1616 1101 et
1643 1059 1705 1101 sic
1733 1058 1884 1111 sequi-

111 1135 202 1174 tur:
243 1132 413 1175 Beatus
437 1132 533 1184 ille,
560 1132 636 1185 qui
665 1132 862 1185 scriptor
885 1134 1039 1184 potest
1063 1143 1169 1173 esse
1197 1130 1255 1172 ad
1281 1130 1634 1184 depredandum
1661 1131 1726 1172 sic
1753 1129 1883 1171 fami-

113 1203 294 1246 liariter
346 1203 403 1246 ad
454 1202 667 1245 umbram
718 1215 841 1256 pape
894 1202 1157 1255 proximum
1213 1214 1358 1245 suum.
1431 1200 1559 1242 Istud
1614 1200 1882 1260 corrigatur,

111 1273 335 1328 supplico.

227 1344 392 1388 Utrum
429 1357 552 1398 papa
589 1344 758 1387 debeat
792 1343 1049 1386 concedere
1087 1356 1173 1385 nec
1210 1343 1418 1396 episcopi
1454 1341 1721 1396 permitere,
1760 1340 1882 1395 quod

111 1416 252 1458 misse
283 1415 584 1458 celebrentur
615 1428 758 1469 super
788 1414 1159 1468 deeyssato(‘?)²)
1196 1417 1240 1456 et
1272 1413 1499 1456 mensalia
1531 1413 1589 1455 ad
1623 1412 1738 1455 alios
1769 1425 1883 1454 usus

111 1485 345 1540 deputata,
375 1499 464 1540 que
493 1486 750 1528 comuniter
780 1489 885 1528 sunt
914 1485 1148 1527 rubricata
1179 1484 1419 1538 sanguine,
1451 1485 1568 1535 oleo,
1598 1482 1882 1537 pinguedine

112 1560 157 1600 et
195 1558 301 1600 aliis
340 1556 650 1600 immundiciis
688 1556 947 1610 deturpata,
986 1559 1032 1598 et
1070 1555 1192 1609 quod
1230 1556 1366 1608 peius
1404 1558 1475 1597 est
1513 1567 1614 1596 cum
1652 1566 1745 1596 una
1784 1555 1881 1597 sola

110 1627 342 1683 tobellia³)
373 1631 420 1670 et
447 1628 494 1669 in
521 1628 622 1670 loco
650 1627 926 1680 discoperto,
954 1627 1202 1669 inhonesto
1228 1630 1273 1669 et
1296 1627 1491 1679 polluto,
1517 1629 1566 1667 ut
1594 1625 1640 1667 in
1668 1624 1883 1679 pluribus

111 1698 252 1741 hodie
292 1699 405 1742 talia
448 1699 789 1741 comunitantur
833 1698 890 1740 ad
934 1710 1151 1751 magnum
1194 1696 1474 1750 vituperium
1518 1695 1794 1738 sacramenti
1838 1699 1882 1738 et

112 1769 312 1812 ministri
339 1769 616 1812 exercentis.

227 1839 392 1883 Utrum
428 1840 575 1893 possit
609 1853 730 1894 papa
766 1852 927 1882 creare
964 1837 1227 1882 cardinales
1264 1839 1458 1880 iuvenes
1494 1837 1754 1890 illiteratos,
1789 1849 1881 1879 non

0 1906 18 1922 ”
59 1928 66 1934 “
110 1910 375 1965 graduatos,
410 1910 667 1963 indevotos,
704 1923 804 1953 cum
842 1910 1071 1964 ipsi-ipso
1104 1910 1226 1952 facto
1263 1910 1356 1952 sint
1389 1908 1644 1951 consiliarii
1682 1909 1767 1959 sui,
1805 1907 1882 1961 qui

111 1980 257 2034 magis
298 1985 346 2024 et
385 1980 660 2035 frequenter
704 1980 916 2034 indigent
952 1981 1075 2023 bono
1117 1980 1310 2022 consilio
1354 1992 1491 2032 quam
1534 1979 1704 2032 aliquis
1746 1978 1883 2020 homo

112 2053 275 2095 vivens
315 2065 458 2106 super
498 2057 669 2096 terram
711 2055 757 2095 et
794 2055 950 2094 tamen
991 2064 1017 2094 a
1056 2051 1228 2094 talibus
1269 2050 1470 2093 mundus
1510 2063 1603 2092 non
1645 2050 1883 2092 consuevit

109 2122 288 2165 habere
316 2122 439 2166 bona
466 2136 553 2165 nec
583 2136 696 2165 sana
725 2123 921 2165 consilia
951 2126 1035 2165 etc.

228 2193 392 2237 Utrum
414 2207 536 2248 papa
561 2194 707 2248 possit
730 2194 802 2236 vel
828 2185 998 2236 debeat
1020 2193 1177 2235 facere
1202 2192 1446 2246 episcopos
1470 2204 1598 2233 mere
1623 2191 1779 2243 laicos,
1804 2191 1879 2243 qui

70 2304 84 2312 a
113 2264 236 2307 infra
265 2276 422 2308 sacros
456 2263 687 2320 [ordines]
699 2265 737 2319 ¹²)
769 2277 860 2307 non
892 2267 998 2307 sunt
1023 2277 1109 2306 nec
1134 2276 1242 2306 esse
1272 2264 1444 2314 volunt,
1473 2275 1574 2304 cum
1603 2262 1785 2304 comitet
1813 2261 1881 2302 eis

113 2335 215 2389 ipso
250 2335 374 2378 facto
409 2335 467 2378 ad
501 2335 857 2389 gubernandum
895 2335 1086 2377 animas.
1136 2335 1192 2376 Et
1228 2335 1293 2376 sic
1330 2333 1512 2376 videtur
1550 2334 1723 2375 comitit
1759 2333 1882 2386 lupis

113 2406 240 2459 ipsas
263 2405 557 2450 devorandas
581 2409 628 2449 et
651 2406 828 2448 sufficit
851 2406 934 2458 eis,
960 2405 1082 2458 quod
1106 2405 1310 2447 habeant
1334 2400 1544 2447 redditus
1569 2416 1690 2446 suos.

228 2475 393 2519 Utrum
419 2476 477 2520 sit
501 2475 774 2530 expediens,
801 2477 924 2530 quod
949 2489 1071 2530 papa
1096 2476 1237 2518 faciat
1259 2475 1333 2516 vel
1359 2475 1531 2517 habeat
1555 2475 1718 2528 plures
1745 2486 1880 2527 quam

111 2551 309 2600 quatuor
328 2547 717 2601 prothonotarios,
738 2560 839 2590 cum
858 2560 952 2589 non
975 2548 1067 2590 sint
1085 2546 1176 2588 nisi
1197 2549 1394 2599 quatuor
1414 2546 1715 2598 evangeliste,
1737 2544 1881 2587 eciam

216 2702 247 2725 a}
272 2697 355 2725 F'ehlt
378 2699 430 2725 113-

233 2759 265 2799 1)
292 2759 347 2793 Ob
373 2758 457 2792 hier
482 2758 583 2791 nich!
609 2758 670 2792 ein
699 2757 811 2792 Glr'ed
835 2757 959 2801 fehlt?

231 2817 264 2859 ²)
295 2817 373 2851 Das
406 2816 505 2850 Wnrt
534 2817 581 2851 is!
611 2816 758 2850 seha-er
787 2827 831 2850 :n
862 2816 968 2850 lesen
998 2817 1076 2850 und
1107 2816 1219 2850 huam
1250 2826 1293 2849 :1¹
1324 2817 1476 2850 (leviten.
1519 2815 1567 2849 Es
1596 2816 1686 2858 must
1719 2814 1783 2847 mi!
1813 2813 1882 2846 det·

67 2865 70 2867 ’
117 2873 377 2909 Amor-Mensa
409 2874 620 2916 irqencln-ie
648 2873 1034 2916 zusammenhfinqen.

239 2932 270 2974 ³)
298 2931 510 2966 Handtuch.
549 2931 644 2966 ΛςΙαίΙ
667 2942 742 2966 una
768 2931 867 2966 stem
894 2932 933 2966 in
957 2932 1027 2966 der
1052 2932 1105 2965 Hs
1132 2933 1241 2965 bona.
1281 2932 1328 2965 Es
1355 2931 1510 2965 handel!
1535 2930 1612 2964 sich
1641 2930 1733 2965 aber
1759 2928 1883 2962 sicher

46 3011 54 3017 ι
113 2999 176 3024 um
203 2990 267 3024 die
296 2989 544 3035 liturye'schen
570 2989 832 3031 Ahar-mehem-
862 2991 950 3024 slalt
977 2990 1062 3024 ‹Irei
1092 2990 1185 3024 u-ird
1218 2999 1287 3023 nur
1315 2989 1397 3023 eins
1425 2987 1641 3028 ,crebra-uehi.
