2227 3434
562 181 601 216 B.
639 180 717 216 Der
738 181 839 216 liber
861 183 1053 225 gestorum
1078 181 1147 216 des
1171 180 1412 216 Cerretanus.
1785 182 1871 225 213

105 300 327 354 precepit.
386 300 490 354 Ipse
533 302 686 342 autem
728 299 770 341 d.
814 299 1089 342 Franciscus
1130 298 1382 342 cardinalis
1422 299 1721 341 Florentinus
1764 303 1870 342 ante

106 371 254 425 ipsius
277 370 442 413 cedule
465 370 688 412 lecturam
712 369 1041 423 pulcerrimam
1065 370 1343 422 oracionem,
1368 373 1504 423 prout
1527 372 1652 412 tante
1676 370 1746 412 rei
1769 382 1871 412 con-

104 441 313 495 gruebat,
344 442 389 483 in
420 442 562 483 multa
591 444 832 483 venustate
863 440 1112 482 verborum
1140 453 1337 482 exorsus
1367 444 1454 492 est;
1486 440 1616 483 cuius
1644 440 1872 482 oracionis

105 512 237 566 copia
264 511 337 554 hic
363 524 457 555 non
483 512 685 565 ponitur,
716 511 823 565 quia
852 524 955 554 eam
985 511 1222 565 inopinate
1251 514 1296 553 et
1325 515 1519 564 repente
1546 511 1658 553 fecit
1685 515 1730 553 et
1759 512 1872 554 reci-

105 582 230 636 tavit,
250 595 335 625 nec
356 595 460 625 eam
481 582 628 625 dictus
649 582 902 625 cardinalis
923 583 970 624 in
992 582 1176 636 scriptis
1197 581 1394 636 redegit;
1417 582 1475 624 ob
1497 582 1620 635 quod
1641 594 1802 625 omnes
1825 583 1872 624 in

104 653 298 696 concilio
327 654 584 696 existentes
613 653 890 695 immensum
920 653 1140 706 gaudium
1170 655 1490 706 susceperunt,
1520 653 1608 707 ipsi
1641 653 1681 697 d.
1713 656 1872 696 nostro

104 737 226 778 pape
248 724 428 778 gracias
452 727 643 778 agentes
668 736 892 777 spemque
915 723 1220 766 certissimam
1245 726 1382 777 atque
1407 723 1592 766 firmam
1617 724 1673 766 de
1699 725 1871 766 unione

105 795 152 838 in
183 795 316 837 brevi
347 794 506 838 futura
538 797 851 848 conceperunt
882 789 975 837 una
1008 807 1118 836 voce
1152 793 1376 837 dicentes:
1425 807 1449 837 a
1482 794 1669 837 domino
1701 794 1870 838 factum

105 869 175 910 est
201 865 325 909 istud
351 869 397 909 et
422 869 494 908 est
521 865 736 908 mirabile
766 865 811 907 in
839 865 985 908 oculis
1013 865 1198 908 nostris.

225 936 276 979 In
320 937 508 979 nomine
553 935 728 978 domini
773 936 920 978 Jhesu
966 935 1137 978 Christi
1180 936 1343 978 Amen.
1401 935 1727 979 Sanctissimus
1774 970 1782 978 .
1818 970 1826 978 .
1863 969 1870 977 .

105 1006 362 1062 tenendo.¹)

222 1078 308 1121 Die
328 1078 559 1121 dominica
578 1078 725 1120 XVII.
749 1079 924 1121 mensis
946 1078 1191 1120 Februarii
1211 1087 1381 1119 revmus
1403 1079 1450 1120 in
1473 1077 1578 1121 Chr.
1600 1091 1643 1131 p.
1665 1078 1707 1120 d.
1732 1079 1872 1121 Fran-

104 1149 250 1193 ciscus
278 1150 363 1191 Dei
389 1150 546 1203 gracia
572 1149 951 1202 archiepiscopus
976 1149 1308 1201 Narbonensis,
1337 1149 1377 1191 d.
1406 1150 1550 1191 nostri
1578 1162 1699 1202 pape
1727 1161 1873 1191 came-

105 1221 272 1274 rarius,
301 1220 624 1264 Constanciam
651 1221 893 1274 ingressus
919 1223 1003 1273 est,
1032 1221 1103 1262 cui
1130 1233 1217 1273 pro
1243 1223 1373 1273 parte
1404 1220 1445 1262 d.
1473 1221 1619 1262 nostri
1648 1232 1768 1274 pape
1796 1220 1873 1263 ob-

106 1291 349 1335 viaverunt
385 1291 427 1333 d.
467 1291 753 1334 Guillermus
791 1292 1039 1344 episcopus
1081 1291 1360 1334 Morinensis
1398 1295 1444 1333 et
1481 1291 1522 1332 d.
1563 1291 1776 1333 Nicolaus
1814 1290 1871 1333 de

105 1362 319 1405 Robertis
347 1363 569 1416 magister
597 1362 791 1416 hospicii
821 1362 863 1404 d.
891 1363 1038 1404 nostri
1068 1374 1189 1416 pape
1220 1365 1265 1404 et
1292 1374 1378 1415 pro
1407 1365 1538 1415 parte
1565 1361 1872 1404 cardinalium

106 1433 255 1477 omnis
279 1446 440 1476 eorum
464 1432 659 1476 familia.

222 1504 308 1547 Die
335 1505 446 1546 lune
472 1504 644 1546 XVIII.
673 1504 847 1547 mensis
876 1504 1120 1546 Februarii
1147 1516 1206 1545 ex
1232 1503 1390 1546 verbis
1417 1503 1680 1557 supradicte
1707 1502 1872 1545 cedule

105 1575 225 1618 inter
249 1575 471 1628 naciones
496 1578 595 1618 orta
622 1578 693 1617 est
719 1574 977 1627 altercacio,
993 1574 1193 1616 maxime
1209 1577 1401 1628 propter
1416 1574 1560 1616 verba
1576 1574 1622 1615 in
1636 1586 1693 1616 ea
1708 1575 1873 1627 posita,

106 1645 338 1690 videlicet:
379 1649 453 1699 „et
477 1659 578 1688 cum
605 1645 766 1699 modis,
791 1646 1155 1688 circumstanciis
1181 1649 1225 1688 et
1250 1645 1503 1698 tempore“.
1543 1645 1599 1687 Et
1621 1648 1872 1699 propterea

107 1717 149 1760 d.
184 1729 269 1760 rex
302 1717 615 1760 Romanorum
651 1720 696 1759 et
731 1717 952 1759 naciones
988 1717 1046 1759 ad
1082 1717 1122 1761 d.
1160 1720 1369 1758 nostrum
1405 1729 1573 1770 papam
1611 1716 1871 1758 Johannem

105 1787 276 1830 XXIII.
308 1788 583 1831 accedentes
614 1789 858 1841 regraciati
892 1791 997 1830 sunt
1030 1788 1183 1830 eidem
1214 1787 1271 1829 de
1303 1787 1425 1830 bona
1457 1787 1558 1829 eius
1590 1786 1871 1837 intencione;

107 1858 274 1902 deInde
304 1859 573 1902 obtulerunt
604 1860 647 1901 ei
678 1859 890 1902 cedulam
919 1859 1266 1912 infrascriptam
1296 1858 1612 1912 supplicantes
1644 1858 1871 1901 sanctitati

108 1941 204 1983 sue,
228 1930 366 1983 quod,
392 1930 499 1983 quia
524 1933 715 1984 propter
740 1930 884 1972 verba
909 1929 1117 1983 predicta
1144 1930 1191 1971 in
1217 1942 1358 1982 supra
1386 1928 1555 1982 scripta
1580 1928 1746 1971 cedula
1771 1940 1874 1970 con-

106 2003 231 2044 tenta
252 2004 353 2044 erat
375 2000 496 2043 inter
518 2001 738 2044 naciones
762 2002 1022 2053 altercacio,
1047 2001 1316 2054 dignaretur
1340 2013 1423 2043 sua
1448 2001 1665 2042 sanctitas
1687 1999 1873 2053 promit-

107 2074 206 2114 tere
250 2071 505 2114 secundum
549 2072 760 2114 cedulam
807 2071 1063 2125 predictam
1110 2071 1350 2123 addentes,
1397 2070 1520 2124 quod
1566 2070 1624 2113 ad
1671 2071 1873 2123 aliquam

108 2142 352 2196 practicam
378 2143 540 2185 venire
566 2156 659 2185 non
686 2143 1003 2195 intendebant,
1030 2143 1120 2184 nisi
1146 2154 1344 2196 presens
1370 2141 1535 2184 cedula
1562 2141 1874 2184 ratificaretur

110 2216 155 2256 et
188 2214 529 2268 approbaretur
564 2217 608 2256 et
646 2213 899 2256 secundum
934 2214 1037 2256 eius
1072 2217 1282 2256 tenorem
1321 2213 1443 2255 idem
1480 2212 1521 2254 d.
1559 2215 1717 2255 noster
1752 2224 1873 2265 papa

109 2284 395 2337 promitteret
423 2288 469 2327 et
496 2287 700 2327 voveret.

224 2355 296 2398 Ad
323 2355 509 2398 laudem
537 2359 584 2398 et
612 2355 836 2398 honorem
866 2355 1195 2408 omnipotentis
1225 2355 1310 2397 Dei
1339 2358 1384 2396 et
1412 2354 1782 2397 consolacionem
1811 2356 1874 2395 to-

109 2425 207 2469 cius
232 2426 392 2480 populi
419 2426 657 2469 christiani
686 2427 977 2480 salutemque
1005 2427 1264 2469 animarum
1291 2428 1336 2468 et
1363 2425 1500 2468 huius
1527 2425 1740 2478 pestiferi
1769 2423 1875 2466 scis-

111 2497 244 2540 matis
282 2496 539 2540 faciliorem
579 2500 624 2539 et
662 2498 850 2540 totalem
890 2497 1257 2550 extirpacionem
1295 2496 1562 2550 exemplum
1603 2495 1874 2538 humilitatis

113 2565 282 2610 Christi
321 2567 640 2621 insequentes:
696 2569 785 2611 Nos
827 2568 1066 2611 Johannes
1108 2567 1263 2610 divina
1304 2567 1580 2621 disponente
1623 2565 1874 2608 clemencia

113 2649 231 2691 papa
252 2638 423 2681 XXIII.
447 2639 567 2682 viam
591 2639 816 2682 cessionis
837 2642 1049 2693 papatus,
1073 2641 1143 2681 cui
1170 2639 1354 2681 Christo
1376 2639 1562 2680 favente
1589 2638 1704 2679 iuste
1730 2637 1875 2690 presi-

114 2707 289 2763 demus,
310 2710 448 2752 Petro
470 2711 527 2753 de
551 2710 680 2753 Luna
701 2714 747 2753 et
767 2711 948 2764 Angelo
970 2710 1163 2753 Corario
1186 2711 1257 2752 ius
1280 2710 1325 2751 in
1349 2710 1469 2752 dicto
1490 2712 1662 2762 papatu
1685 2707 1788 2749 licet
1812 2707 1875 2747 in-

113 2777 266 2822 debite
291 2781 693 2834 pretendentibus,
718 2794 903 2824 exnunc
929 2794 1045 2835 pura
1071 2784 1117 2823 et
1143 2781 1324 2823 sincera
1352 2779 1612 2822 intencione
1641 2777 1875 2820 offerimus

115 2860 199 2901 per
224 2862 310 2894 nos
336 2854 414 2894 aut
441 2855 788 2905 procuratorem
816 2855 1025 2895 nostrum
1055 2852 1113 2894 ad
1141 2852 1227 2894 hoc
1255 2851 1548 2894 sufficienter
1577 2853 1621 2891 et
1650 2849 1875 2891 irrevoca-

116 2918 270 2963 biliter
300 2922 670 2965 constituendum
703 2923 829 2965 iuxta
861 2922 1302 2965 determinacionem
1336 2922 1474 2963 huius
1506 2920 1622 2963 sacri
1657 2919 1877 2961 Constan-

117 2990 285 3035 ciensis
317 2993 496 3035 concilii
529 3006 630 3036 cum
663 2993 838 3036 effectu
871 2993 1223 3047 perficiendam,
1257 2992 1453 3046 prefatis
1488 2992 1623 3033 I’etro
1656 2991 1712 3032 de
1748 2990 1875 3031 Luna

202 3064 216 3065 ⁷*
234 3086 262 3128 1)
291 3065 409 3122 Ηανάι
437 3066 487 3128 Ῐι,
514 3088 583 3123 :232
609 3088 643 3131 7·‚·
674 3087 798 3122 Manse·
827 3086 984 3129 xxm,
1011 3088 1097 3129 564;
1129 3087 1226 3121 oben
1255 3088 1287 3120 s,
1318 3087 1369 3121 19.
