2102 3444
269 141 355 184 212
805 141 829 175 Ι.
856 140 1066 176 Abschnitt.
1107 140 1507 185 Konzilstagebiicher.

272 259 513 302 nacionem
538 272 623 313 pro
647 263 778 313 parte
804 260 1117 313 predictorum
1143 260 1184 302 d.
1211 260 1335 313 regis
1360 263 1404 302 et
1428 261 1674 303 nacionum
1698 261 2040 313 exhortaretur,

270 330 488 383 quatinus
515 331 617 385 ipsa
642 331 775 373 nacio
802 330 981 373 Ytalica
1009 343 1109 372 cum
1137 332 1205 372 eis
1233 330 1278 372 in
1306 344 1446 373 unum
1474 331 1761 385 propositum
1789 331 2039 374 convenire

271 402 414 444 vellet
437 401 495 444 ad
515 402 856 444 exhortandum
881 401 1055 445 scilicet
1076 402 1117 443 d.
1141 405 1348 444 nostrum
1373 414 1541 456 papam
1564 403 1826 445 Johannem
1848 401 2041 444 XXIII.-

271 473 488 525 quatinus
517 472 740 532 cessionis
770 473 891 515 viam
921 473 1061 515 velud
1090 476 1295 515 sanctam
1323 476 1368 514 et
1397 473 1726 526 expedientem
1755 485 1840 526 pro
1868 472 2040 515 unione

270 544 467 586 ecclesie
497 543 711 597 amplecti
739 546 784 586 et
810 545 1032 597 prosequi
1061 543 1345 597 dignaretur.
1388 544 1479 586 Iste
1508 544 1693 598 quidem
1723 544 1766 586 d.
1793 544 2041 598 episcopus

271 614 581 657 Tholonensis
605 615 663 657 ad
685 615 942 668 predictam
965 615 1208 657 nacionem
1232 615 1522 668 prefatorum
1546 615 1675 658 iussu
1697 627 1748 658 se
1771 615 2041 657 tranferens

270 684 512 728 nacionem
541 685 688 738 ipsam
717 685 763 726 in
790 688 916 728 tanta
943 685 1192 727 verborum
1220 688 1477 740 venustate,
1506 686 1753 728 dulcedine
1782 688 1828 728 et
1855 685 2041 740 elegan-

269 756 338 798 cia
367 756 563 799 adorsus
591 760 676 810 est,
705 757 827 810 quod
857 769 995 799 aures
1024 756 1227 799 omnium
1258 757 1303 798 in
1333 757 1696 810 congregacione
1726 756 1937 799 eiusdem
1963 768 2042 798 na-

269 826 415 870 cionis
442 826 749 869 existencium
778 828 896 870 adeo
922 827 1131 882 pellexit,
1160 828 1283 881 quod
1310 840 1394 881 pre
1423 827 1577 870 leticia
1605 829 1767 882 plures
1793 840 1853 870 ex
1879 828 1950 871 eis
1977 828 2041 870 la-

269 898 437 941 crimas
467 897 719 940 effundere
751 900 971 953 compulit
1001 911 1256 952 omnesque
1288 899 1449 941 effecit
1479 899 1726 942 unanimes
1755 901 1801 941 et
1829 898 1888 942 ad
1917 898 2040 941 idem

268 968 557 1022 propositum
590 973 934 1012 concurrentes.
980 970 1160 1024 Singuli
1193 970 1399 1024 ipsorum
1434 983 1595 1013 eorum
1628 970 1799 1012 bonum
1831 970 2041 1024 proposi-

268 1043 362 1081 tum
396 1040 541 1082 verbo
573 1041 893 1094 protulissent,
928 1041 1017 1084 nisi
1053 1042 1365 1084 intencionem
1399 1054 1520 1095 pape
1553 1041 1832 1084 titubassent
1866 1040 1924 1083 ab
1956 1041 2041 1082 hoc

268 1111 506 1164 proposito
533 1111 738 1154 deviare.
776 1112 869 1154 Sed
892 1112 1194 1166 surgentibus
1220 1125 1245 1154 e
1272 1112 1425 1155 medio
1451 1113 1492 1155 d.
1521 1113 1694 1155 Jacobo
1720 1111 1968 1166 Lunensil)
1997 1114 2042 1153 et

268 1183 466 1226 civitatis
497 1182 689 1225 Castelli
719 1183 952 1236 episcopis
983 1196 1034 1225 ac
1062 1183 1304 1237 utriusque
1334 1183 1449 1237 juris
1480 1184 1674 1226 famosis
1704 1183 1969 1226 doctoribus
1997 1183 2039 1225 d.

271 1254 409 1296 Petro
433 1253 489 1296 de
512 1254 792 1297 Ancharano
815 1257 859 1296 et
881 1254 1120 1308 Raphaele
1145 1255 1202 1296 de
1227 1255 1457 1308 Fulgosiis
1481 1258 1525 1297 et
1549 1254 1870 1297 asserentibus
1891 1254 1951 1297 de
1976 1254 2042 1296 in-

270 1324 481 1367 tencione
507 1325 703 1378 sincera,
728 1338 865 1378 quam
888 1325 1012 1368 idem
1036 1325 1077 1368 d.
1100 1329 1259 1369 noster
1282 1339 1404 1380 papa
1427 1326 1486 1368 ad
1508 1325 1727 1368 unionem
1750 1326 1967 1379 habebat,
1990 1338 2040 1368 se

270 1407 375 1438 esse
401 1396 676 1449 plenissime
702 1396 992 1450 informatos,
1017 1399 1062 1439 et
1087 1397 1210 1450 quod
1233 1397 1395 1451 procul
1421 1396 1561 1439 dubio
1586 1397 1708 1440 viam
1731 1397 1850 1439 hanc
1875 1395 2042 1439 cessio-

269 1466 342 1509 nis
369 1470 629 1521 acceptaret
656 1480 706 1510 ac
731 1467 1137 1522 subiungentibus,
1164 1468 1287 1521 quod
1313 1468 1370 1511 ab
1397 1481 1477 1510 ore
1505 1468 1653 1522 ipsius
1679 1468 1721 1510 d.
1747 1467 1895 1510 nostri
1919 1478 2041 1521 pape

267 1537 475 1591 predicta
503 1538 766 1581 habuerant
796 1539 1130 1592 licenciamque
1161 1540 1208 1581 in
1237 1552 1398 1581 eorum
1427 1539 1581 1582 medio
1609 1539 1722 1582 talia
1750 1537 2041 1593 proferendi,

267 1610 410 1652 ceteri
446 1609 492 1652 in
526 1609 736 1664 predicta
772 1610 1136 1664 congregacione
1171 1611 1429 1654 existentes
1463 1609 1719 1664 predictam
1754 1610 2039 1653 sentenciam

267 1680 550 1723 unanimiter
602 1681 976 1735 comprobarunt,
1029 1681 1278 1724 terminum
1319 1685 1475 1724 tamen
1516 1682 1575 1724 ad
1617 1681 1931 1724 deliberacius
1971 1693 2042 1723 re-

270 1751 594 1805 spondendum
618 1753 927 1806 postularunt.
965 1753 1034 1795 Ex
1058 1765 1255 1807 quorum
1280 1752 1468 1807 quidem
1492 1753 1702 1795 unanimi
1726 1755 1832 1795 voto
1855 1755 1902 1795 et
1924 1764 2041 1795 com-

269 1823 544 1876 probatione
580 1824 817 1866 sentencie
853 1836 1066 1878 magnam
1103 1837 1234 1877 spem
1270 1824 1326 1866 de
1361 1823 1533 1867 unione
1568 1836 1730 1867 omnes
1765 1824 1812 1866 in
1845 1822 2041 1866 concilio

271 1893 527 1937 existentes
556 1894 733 1937 habere
764 1899 1001 1949 ceperunt.

387 1965 473 2007 Die
499 1964 680 2008 sabbati
703 1965 824 2008 XVI.
851 1967 1026 2008 mensis
1052 1966 1297 2009 Februarii
1323 1966 1614 2020 congregatis
1640 1965 1738 2009 sive
1762 1965 2040 2008 convenien-

268 2035 391 2079 tibus
421 2036 552 2078 iussu
581 2035 622 2078 d.
654 2036 801 2079 nostri
830 2049 951 2090 pape
982 2037 1028 2078 in
1058 2038 1165 2079 aula
1193 2037 1362 2090 palacii
1391 2037 1632 2090 apostolici
1663 2035 2041 2080 Constanciensis

270 2106 311 2148 d.
347 2106 684 2161 gloriosissimo
719 2107 930 2161 principe
967 2108 1008 2149 d.
1045 2107 1341 2161 Sigismundo
1375 2108 1687 2150 Romanorum
1723 2110 1769 2150 et
1801 2106 2040 2162 Hungarie

271 2190 381 2232 rege
405 2190 593 2231 semper
615 2181 809 2231 augusto
832 2190 1057 2232 sacroque
1081 2181 1183 2220 cetu
1207 2188 1399 2220 revorum
1423 2182 1606 2232 patrum
1630 2179 1672 2221 d.
1698 2191 1732 2221 s.
1756 2178 1806 2221 R.
1830 2190 1871 2221 e.
1894 2177 2041 2221 cardi-

268 2247 444 2291 nalium
472 2261 523 2291 ac
550 2249 717 2291 ceteris
744 2249 1035 2302 principibus
1063 2252 1108 2292 et
1133 2250 1343 2302 prelatis,
1370 2249 1633 2292 oratoribus
1660 2252 1705 2291 et
1731 2249 2041 2303 procuratori·

270 2321 356 2362 bus
386 2320 677 2362 dominorum
708 2320 753 2361 in
784 2320 1080 2362 multitudine
1111 2321 1298 2373 copiosa
1330 2321 1376 2361 in
1408 2333 1539 2363 sacra
1570 2319 1747 2373 synodo
1775 2319 2042 2363 ¹Constanci-

269 2391 371 2433 ensi
394 2390 704 2434 existentibus
729 2390 851 2432 idem
875 2391 917 2433 d.
940 2394 1099 2433 noster
1122 2403 1244 2444 papa
1267 2391 1535 2444 exemplum
1559 2381 1871 2445 redemptoris
1892 2390 2040 2434 nostri

269 2461 454 2515 Christi,
486 2462 564 2515 qui
596 2462 897 2514 semetipsum
914 2461 1171 2503 exinanivit
1187 2461 1335 2503 factus
1351 2462 1579 2504 obediens
1594 2474 1741 2516 usque
1759 2461 1817 2504 ad
1832 2464 2041 2514 mortem,

270 2532 440 2576 imitari
474 2545 525 2575 ac
558 2545 719 2586 pacem
754 2535 799 2575 et
832 2532 1051 2574 unionem
1085 2532 1341 2585 perfectam
1378 2532 1490 2575 dare
1525 2533 1688 2576 volens
1723 2533 1922 2576 ecclesie
1955 2545 2039 2575 sue

270 2606 426 2646 sancte
455 2616 505 2647 se
534 2603 913 2646 renunciaturum
940 2604 1129 2657 papatui
1159 2604 1324 2645 obtulit
1351 2606 1395 2645 et
1422 2603 1648 2657 promisit,
1675 2606 1812 2657 prout
1839 2602 2041 2646 contine-

269 2678 343 2717 tur
371 2675 418 2717 in
442 2674 608 2717 cedula
635 2674 834 2717 inferius
862 2674 1092 2727 denotata,
1121 2686 1257 2727 quam
1286 2674 1473 2727 quidem
1501 2674 1713 2717 cedulam
1739 2687 1825 2728 per
1850 2683 2039 2716 revmum

272 2745 319 2787 in
353 2745 458 2788 Chr.
490 2758 534 2799 p.
569 2745 610 2788 d.
645 2745 941 2788 Franciscum
973 2744 1092 2786 tituli
1127 2747 1390 2787 sanctorum
1423 2745 1588 2788 Cosme
1622 2748 1668 2788 et
1698 2744 1913 2788 Damiani
1946 2744 2040 2787 dia-

270 2829 435 2859 conum
470 2817 755 2859 cardinalem
791 2815 1111 2858 Florentinum
1145 2815 1261 2858 iuris
1295 2815 1502 2857 canonici
1538 2816 1835 2858 monarcham
1869 2818 1914 2858 et
1947 2816 2041 2858 elo-

270 2887 624 2940 quentissimum
659 2887 831 2929 ibidem
865 2887 911 2928 in
944 2886 1131 2940 publico
1164 2885 1296 2940 legia)
1331 2886 1543 2940 prefatus
1576 2886 1618 2929 d.
1651 2889 1811 2929 noster
1841 2898 1886 2929 n.
1917 2897 2040 2940 papa

372 3004 401 3033 a)
423 3003 599 3036 karrissiert
621 3011 679 3029 aus
702 3003 886 3035 legendam,
907 3004 966 3029 flas
991 3003 1021 3028 in
1048 3002 1243 3035 ‹¹51eblieben
1267 3003 1316 3028 ist.

391 3053 416 3091 ¹)
446 3052 562 3086 Garris
586 3052 690 3095 fiilert
717 3052 809 3094 irriy
835 3062 876 3086 zu
905 3052 1005 3093 1414,
1030 3051 1142 3094 April
1166 3051 1233 3093 29„
1259 3052 1346 3085 stall
1371 3051 1495 3085 jah-ob
1519 3051 1636 3086 sehon
1662 3050 1892 3085 Franziskus
1916 3049 1992 3094 auf.
