2227 3434
726 187 816 221 1415
838 186 926 222 Feb.
950 188 979 221 1.
1003 209 1043 212 —
1068 187 1156 222 Feb.
1181 187 1234 222 19.
1778 192 1862 235 397

214 304 397 347 Salus
448 307 665 346 nostra
716 305 774 346 in
828 317 1001 348 manu
1052 309 1153 349 tua
1206 309 1312 349 est.
1377 307 1705 361 Respiciat
1755 321 1864 351 nos

96 378 330 417 tantum
392 374 678 418 dominus
739 379 957 418 noster
1018 380 1077 419 et
1136 378 1249 419 leti
1315 377 1666 421 serviemus
1728 381 1860 432 regi

99 445 374 500 (Gen.47).
411 481 462 490 ..

95 550 205 594 Feb.
240 551 308 594 23.
347 579 395 583 —
432 552 584 594 Jean
629 551 970 607 d’Achery.¹)

215 634 340 667 Teoe!
360 644 370 667 .·
410 633 478 668 Pal
504 635 572 669 595
597 634 624 677 Ῐ.
653 634 720 669 102
745 635 862 678 (118).

212 692 526 747 Beatissimea)
554 693 705 746 pater!
744 692 1008 736 Sanctitatis
1032 698 1185 736 vestre
1213 695 1510 739 devotissima
1535 696 1639 739 filia
1658 696 1863 750 ¹preclari

95 767 139 805 et
160 764 483 806 florentissimi
507 763 647 806 studii
670 764 964 817 Parysiensis
984 765 1280 818 universitas,
1303 770 1450 808 mater
1470 771 1644 821 nostra,
1664 779 1864 821 sperans

95 835 142 876 in
167 835 251 876 hoc
273 835 483 888 presenti
507 834 702 877 concilio
722 835 971 877 ecclesiam
997 835 1167 878 Christi
1191 837 1416 890 sanguine
1442 838 1713 891 acquisitam
1735 851 1864 881 sanc—

94 905 238 948 titatis
259 909 417 948 vestre
439 905 681 958 industria,
707 905 992 959 benignitate
1017 910 1064 948 et
1086 907 1339 950 clemencia
1366 909 1412 949 in
1435 909 1677 961 prosperis
1702 909 1864 962 ampli-

95 976 243 1028 ficari,
278 977 325 1018 in
361 976 572 1019 adversis
607 976 782 1018 elevari
819 980 864 1018 et
902 978 948 1018 in
984 977 1080 1019 fide
1117 981 1163 1019 et
1197 978 1402 1020 moribus
1440 979 1687 1022 reformari
1722 984 1862 1033 ¹atque

93 1047 302 1100 perfecte
337 1051 383 1089 et
414 1047 594 1100 integre
625 1047 764 1100 uniri,
798 1048 991 1089 nuncios
1025 1061 1134 1091 suos
1167 1052 1213 1090 et
1245 1050 1420 1102 legatos
1457 1051 1700 1103 speciales,
1735 1063 1864 1092 reve-

94 1117 266 1161 rendos
295 1117 507 1160 doctores
537 1122 583 1159 et
613 1119 872 1171 magistros,
904 1119 1114 1161 dominos
1146 1132 1274 1162 meos
1304 1120 1377 1161 hic
1406 1124 1667 1174 presentes,
1698 1121 1863 1175 proba-

93 1189 297 1231 tissimos
326 1189 484 1241 utique
516 1190 655 1241 viros,
687 1202 852 1242 meque
885 1189 1126 1243 indignum
1158 1191 1264 1232 licet
1294 1203 1453 1233 eorum
1485 1195 1744 1234 consortem
1775 1192 1862 1234 huc

94 1259 356 1312 destinavit,
392 1260 470 1313 qui
506 1260 653 1313 ipsius
688 1261 1006 1302 universitatis
1041 1262 1229 1302 nomine
1266 1263 1536 1305 beatissimo
1570 1267 1726 1305 vestro
1760 1276 1863 1305 con-

95 1332 270 1384 spectui
303 1331 562 1372 humillime
597 1344 646 1373 se
680 1335 967 1384 presentant,
1002 1328 1210 1374 offerunt
1243 1337 1288 1374 et
1320 1334 1643 1375 commendant
1678 1369 1685 1376 .
1722 1368 1730 1376 .
1766 1369 1774 1376 .
1811 1335 1864 1376 Et

94 1403 312 1455 quoniam
347 1402 462 1455 ipsis
495 1406 543 1444 et
577 1402 713 1444 michi
747 1403 1022 1444 nunciorum
1057 1416 1185 1445 more
1221 1416 1407 1457 semper
1440 1405 1488 1446 in
1524 1406 1693 1447 itinere
1725 1405 1863 1447 affuit

93 1473 233 1515 etiam
261 1476 367 1515 ante
395 1473 534 1515 huius
563 1473 876 1526 acceptionem
908 1473 1088 1517 itineris
1116 1475 1330 1517 voluntas
1358 1480 1404 1518 et
1431 1475 1645 1529 affectus,
1673 1488 1768 1529 quo
1794 1488 1863 1517 ce-

94 1543 256 1586 leriter
278 1548 323 1586 et
346 1556 510 1586 secure
535 1544 764 1597 attingere
787 1557 1032 1597 possemus
1055 1545 1177 1586 hunc
1200 1546 1450 1587 terminum
1474 1559 1500 1588 a
1524 1546 1659 1589 nobis
1682 1546 1862 1588 diucius

94 1617 401 1668 peroptatum,
456 1614 626 1657 idcirco
679 1615 799 1657 hunc
855 1616 1022 1658 mentis
1077 1615 1298 1658 affectum
1341 1616 1609 1670 exprimere
1651 1618 1862 1660 volentes

94 1685 250 1728 verbis
278 1686 452 1727 utimur
480 1686 677 1738 apostoli
705 1686 857 1739 prima
887 1686 1077 1729 Thessa.
1112 1686 1205 1739 Ilc,
1236 1687 1404 1740 quibus
1432 1687 1616 1729 dicitur:
1662 1688 1864 1731 Festi-

92 1756 377 1798 navimus
423 1755 650 1798 faciem
699 1759 971 1798 vestram
1019 1756 1239 1799 videre
1285 1769 1410 1799 cum
1459 1758 1651 1801 multo
1695 1758 1864 1800 desi-

94 1826 273 1869 derio
313 1860 321 1868 .
357 1859 365 1868 .
401 1860 409 1868 .

212 1897 268 1940 Et
296 1899 335 1940 si
363 1898 470 1951 quis
499 1898 620 1941 forte
651 1898 908 1941 retorserit:
934 1899 1043 1941 .Ubi
1074 1911 1274 1952 namque
1306 1900 1390 1941 hec
1421 1900 1748 1954 promptitudo,
1779 1901 1864 1942 hec

95 1967 346 2021 festinatio,
372 1969 458 2010 hec
482 1969 701 2011 veniendi
729 1969 979 2022 desideria,
1006 1982 1096 2022 que
1122 1970 1180 2012 ab
1207 1970 1397 2012 introitu
1421 1971 1656 2024 presentis
1682 1972 1863 2014 concilii

95 2039 234 2081 etiam
269 2039 328 2082 ad
365 2039 631 2082 instantiam
663 2043 710 2082 et
745 2040 1138 2093 supplicacionem
1174 2041 1317 2083 vestri
1352 2043 1588 2095 prorogati
1624 2042 1862 2096 hucusque

97 2110 362 2152 latuerunt?
420 2109 555 2163 Sane,
600 2110 870 2153 beatissime
912 2114 1061 2165 pater,
1104 2111 1406 2166 temporibus,
1450 2112 1618 2165 quibus
1663 2113 1864 2155 instabat

95 2180 339 2222 concilium
360 2193 572 2234 presens,
594 2181 787 2224 accessit
807 2194 965 2224 rumor
983 2181 1181 2235 validus,
1204 2217 1212 2224 .
1248 2217 1256 2224 .
1293 2217 1300 2224 .
1322 2183 1380 2225 ob
1399 2186 1594 2225 mortem
1614 2183 1860 2237 Ladislai2)

97 2251 380 2304 inopinatam
412 2252 553 2295 certis
585 2252 643 2294 de
676 2252 829 2295 causis
863 2256 907 2294 et
941 2253 1134 2295 multum
1167 2253 1317 2306 prima
1351 2253 1471 2296 facie
1506 2254 1864 2296 rationabilibus

95 2321 180 2364 hoc
210 2321 453 2364 concilium
484 2322 772 2365 sanctitatem
804 2326 1006 2366 vestram
1035 2336 1185 2377 usque
1216 2324 1274 2366 ad
1303 2325 1501 2377 primam
1533 2325 1657 2367 diem
1686 2325 1863 2379 Aprilis

97 2405 388 2446 prorogasse.
436 2393 491 2436 Et
521 2393 628 2435 hinc
660 2405 815 2447 neque
849 2394 906 2435 de
943 2394 1179 2436 mittendis
1213 2394 1414 2438 nunctiis
1446 2407 1600 2448 neque
1633 2395 1691 2437 de
1724 2408 1864 2438 nunc-

95 2463 262 2505 tiorum
291 2463 674 2506 instructionibus
705 2464 882 2517 aliquid
911 2468 1060 2507 actum
1090 2468 1161 2508 est
1189 2469 1400 2518 tempore
1430 2465 1656 2509 ordinato.
1699 2466 1790 2509 Sed
1820 2470 1865 2508 et

97 2534 387 2586 postmodum
410 2537 603 2588 propter
629 2535 955 2578 lamentabiles
981 2536 1111 2589 regni
1136 2536 1535 2589 conturbaciones,
1560 2549 1649 2590 que
1673 2540 1864 2579 actenus

99 2604 408 2658 invaluerunt,
438 2604 678 2658 piissimus
708 2605 923 2648 dominus
952 2609 1112 2648 noster
1142 2618 1226 2648 rex
1258 2607 1522 2649 scismatum
1554 2607 1764 2660 domitor,
1794 2620 1865 2650 ca-

97 2674 264 2716 tholice
293 2674 533 2729 religionis
561 2676 784 2729 excultor,
815 2676 1097 2718 Francorum
1127 2676 1261 2720 divus
1291 2677 1554 2731 monarcha,
1583 2678 1714 2720 cuius
1743 2678 1864 2731 lega-

97 2748 167 2786 tos
202 2746 449 2798 prestolari
486 2746 731 2799 voluimus,
767 2750 815 2789 ut
851 2747 1042 2800 paribus
1079 2747 1260 2800 animis,
1298 2748 1428 2790 sicud
1463 2747 1608 2801 decet,
1643 2748 1864 2801 procede-

99 2826 269 2868 remus,
291 2815 495 2859 intentus
518 2816 837 2859 reformationi
859 2821 906 2859 et
924 2818 1181 2870 placacioni
1205 2818 1335 2871 regni
1359 2819 1428 2861 sui
1454 2831 1735 2871 suorumque
1759 2819 1863 2861 sub-

203 2926 233 2947 a)
265 2918 432 2951 11'11b1‘11m,·
460 2919 525 2946 Hec
547 2922 597 2946 cst
619 2920 759 2947 c··llaci‹›
780 2921 869 2947 lucta
890 2927 997 2947 voram
1021 2928 1104 2954 papa
1126 2928 1144 2947 a
1165 2921 1304 2954 quodam
1327 2921 1462 2947 ‹l‹›ct01·‹=
1485 2928 1577 2947 sacr-s*
1600 2920 1716 2954 pagine
1738 2920 1777 2946 de>
1798 2927 1859 2945 um-

98 2964 229 2991 basiam
251 2965 478 2992 universitatis
499 2965 705 2999 Parysiensis
727 2967 931 2994 constancie.

216 3026 246 3067 ¹)
274 3025 343 3059 Als
369 3024 585 3060 Gesandter
609 3026 679 3061 der
702 3026 856 3061 Pariser
885 3027 1117 3062 Universilii!
1144 3038 1210 3062 vor
1236 3029 1323 3061 dem
1350 3028 1498 3071 Papsle.

218 3084 249 3124 ²)
279 3083 351 3116 Am
378 3085 409 3118 6.
436 3083 583 3126 Auqust
612 3084 711 3118 1414.
