2102 3444
171 147 255 189 42·ss
527 148 571 181 II.
604 149 813 183 Abschnitt.
857 151 1061 183 Sermones
1092 150 1242 184 concilii
1273 149 1591 186 Constanciensis.

174 266 319 317 113163,
344 266 551 318 prelatos
575 271 619 308 et
645 267 762 309 alios
790 267 844 307 de
872 267 995 309 fama
1021 271 1065 309 et
1090 269 1384 320 reputatione
1408 282 1494 322 per
1519 283 1680 313 omnes
1704 274 1787 313 ete.
1825 271 1942 314 Loca

174 335 394 378 viciniora
423 336 663 377 Paniscole
693 340 797 378 sunt
825 338 1022 379 ecclesia
1053 338 1409 394 Dertusensi=s‚²¹)
1442 340 1487 381 in
1517 340 1646 383 cuius
1673 341 1846 384 diocesi
1875 345 1945 384 est

174 410 371 447 castrum
414 419 494 448 seu
535 407 644 448 villa
685 409 827 448 sancti
874 408 1039 450 Mathei
1081 413 1125 450 et
1164 410 1274 451 villa
1315 422 1397 451 seu
1436 414 1635 452 castrum
1678 411 1940 466 Cervarie¹’)

174 477 265 518 Hec
311 475 598 529 collegerunt
642 477 811 529 prefati
858 478 1031 520 domini
1076 480 1180 531 mei,
1225 481 1366 522 vestri
1413 482 1732 534 commissarii,
1777 482 1945 535 quibus

173 548 357 589 attentis
389 551 605 600 poterunt
638 549 1032 591 reverendissime
1064 563 1106 603 p.
1137 563 1176 592 v.
1210 551 1586 593 informationem
1617 553 1792 594 habere
1823 556 1869 595 et
1894 553 1945 595 in

173 630 308 659 causa
345 619 615 671 procedere,
652 619 696 659 in
733 632 822 672 qua
857 632 948 661 non
984 620 1262 673 dubitamus,
1298 621 1419 674 quod
1455 622 1789 676 verificabitur,
1821 624 1944 676 quod

174 689 234 730 ait
275 702 419 730 canon
462 689 649 741 scilicet,
690 690 811 742 quod
852 694 1056 732 vestrum
1097 691 1280 744 prodiet
1306 692 1377 733 'de
1418 694 1546 734 vultu
1588 693 1671 734 Dei
1713 693 1944 747 iudicium,

174 760 242 799 cui
268 760 327 800 sit
348 760 449 802 laus
472 763 516 801 et
536 760 684 812 gloria
706 761 753 801 in
778 762 948 803 secula.
983 762 1145 804 Amen.

173 876 279 918 Nov.
316 876 382 919 29.
422 904 469 907 —
507 890 646 930 may.
687 877 971 920 Ursinus.

295 946 318 978 'l'
335 958 354 979 e
369 948 419 979 ,ΓΙ
440 956 450 980 .·
494 947 532 979 W
555 948 647 981 4292
672 948 697 990 f.
722 949 800 981 2:35.

291 1005 312 1045 Ι
328 1018 352 1046 11
373 1006 396 1046 h
418 1018 441 1047 α
459 1007 471 1047 l
489 1011 502 1046 t
521 1020 533 1048 .·
576 1006 778 1059 Reform,

291 1076 449 1118 Hora
487 1080 580 1118 est
616 1077 729 1119 iam
767 1090 875 1120 nos
911 1079 979 1120 de
1014 1091 1226 1121 somno
1264 1092 1528 1132 surgere
1557 1080 1638 1133 (ad
1661 1080 1788 1122 Rom.
1815 1081 1943 1122 XIII.

171 1151 215 1188 61
248 1148 485 1189 recitative
519 1148 565 1189 in
598 1149 797 1201 epistola
831 1150 1066 1202 presentis
1099 1150 1350 1204 dominice)
1386 1151 1785 1194 Reverendissimi
1817 1164 1946 1193 reve-

174 1218 400 1270 rendique
425 1222 584 1271 patres
608 1232 782 1272 vosque
809 1221 949 1261 ceteri
977 1220 1150 1262 domini
1176 1222 1265 1262 mei
1292 1221 1669 1274 prestantissimi!
1708 1222 1803 1265 Vas
1828 1222 1945 1264 elec-

172 1289 316 1331 cionis
346 1289 519 1331 Paulus
552 1291 789 1342 apostolus
821 1324 829 1332 .
865 1324 873 1332 .
910 1324 918 1332 .

296 1359 492 1413 [Thema
523 1360 612 1414 est]
652 1361 877 1414 temporis
909 1362 1248 1414 opportunitas:
1284 1362 1426 1415 „hora
1457 1366 1527 1404 est
1560 1364 1650 1405 iam
1681 1363 1814 1415 nos“;
1849 1401 1856 1407 .
1892 1397 1900 1405 .
1936 1396 1944 1404 .

173 1431 376 1473 secundo
402 1432 624 1484 temporis
652 1431 920 1474 infirmitas:
963 1433 1050 1485 „de
1078 1433 1286 1485 somn0“;
1317 1467 1324 1475 .
1362 1467 1369 1474 .
1406 1467 1413 1475 .
1440 1436 1487 1476 et
1509 1434 1654 1476 tercio
1679 1433 1945 1477 desiderata

172 1501 363 1543 sanitas:
398 1503 443 1543 in
474 1503 619 1544 verbo
649 1503 900 1555 „surgere“
933 1537 940 1544 .
977 1537 985 1544 .
1022 1538 1029 1545 .

176 1619 284 1662 1416
319 1620 529 1662 Dez.13.
569 1648 616 1651 —
653 1621 1020 1675 Anosnymus.

292 1690 416 1723 Tea-t
437 1700 447 1723 .·
488 1690 540 1724 (ἰι
568 1691 611 1725 64
636 1690 661 1733 f.
690 1691 774 1729 123,-
800 1692 856 1724 Nil
884 1691 930 1725 48
954 1702 989 1734 1).
1015 1692 1102 1730 260¹:
1132 1691 1193 1726 Ste
1218 1693 1264 1727 33
1289 1692 1315 1735 Ῐ.
1341 1693 1396 1726 46.
1941 1717 1944 1720 ι

292 1749 553 1791 Medium
592 1753 867 1792 vestrum
907 1752 1115 1804 stetit,
1154 1763 1327 1804 quem
1364 1764 1470 1794 vos
1506 1750 1791 1794 nescitis.
1829 1750 1945 1793 Scri-

174 1820 295 1861 bitur
332 1820 621 1873 originaliter
658 1822 726 1863 ι10.
764 1822 928 1875 primo,
965 1822 1203 1864 recitative
1240 1826 1393 1864 autem
1432 1823 1478 1863 in
1514 1822 1774 1875 ewangelio
1808 1822 1945 1865 huius

178 1891 256 1931 111.
294 1891 520 1933 dominice
555 1893 781 1935 adventus
817 1893 1071 1934 secundum
1106 1906 1240 1935 usum
1274 1893 1531 1935 Romanum
1567 1927 1575 1934 .
1612 1927 1620 1935 .
1656 1927 1664 1935 .
1711 1892 1945 1935 Recordor

174 1962 311 2013 enim,
350 1962 457 2004 dum
498 1964 543 2004 in
583 1965 681 2005 loco
718 1965 802 2006 hoc
841 1964 1175 2017 dampnaretur
1219 1963 1358 2019 [Hus]
1406 1965 1557 2017 ipsum
1597 1964 1786 2017 dixisse,
1823 1963 1944 2017 quod

173 2032 332 2074 videre
366 2046 458 2075 non
491 2038 684 2086 poterat,
719 2035 948 2087 quomodo
980 2036 1179 2077 ecclesia
1215 2039 1373 2077 sancta
1402 2038 1451 2077 et
1480 2035 1775 2077 immaculata
1807 2035 1945 2077 caris-

176 2104 383 2156 simaque
412 2105 581 2147 Christi
608 2118 779 2158 sponsa
807 2106 1053 2158 diceretur,
1081 2106 1143 2148 sic
1170 2106 1546 2158 expectatoribuis
1572 2105 1775 2149 sordidis
1799 2106 1945 2147 eciam

174 2175 484 2227 dampnandis
512 2179 653 2218 staret
680 2180 894 2218 contexta
922 2190 972 2219 ac
997 2177 1228 2230 permixta
1257 2211 1265 2218 .
1302 2211 1309 2218 .
1346 2211 1353 2218 .

292 2246 480 2288 Sacrum
516 2247 758 2288 concilium
793 2249 1016 2300 generale
1051 2261 1143 2290 non
1178 2251 1330 2300 potest
1363 2248 1482 2290 circa
1517 2248 1751 2290 Christum
1785 2258 1946 2289 errare

175 2321 250 2358 aut
276 2318 320 2357 in
346 2317 441 2358 fide
468 2318 786 2360 scandalizari.
825 2319 891 2360 Ex
916 2319 1086 2371 quibus
1111 2318 1325 2371 infertur,
1350 2318 1473 2371 quod
1497 2325 1679 2361 satorum
1700 2318 1944 2360 concilium

176 2392 245 2430 est
278 2388 404 2430 locus
438 2388 746 2440 professionis
779 2393 936 2431 nostre
970 2390 1100 2442 fidei,
1136 2390 1199 2432 sic
1231 2389 1355 2442 quod
1388 2390 1630 2431 veritatem
1665 2389 1779 2431 fidei
1812 2389 1858 2430 in
1890 2399 1946 2430 eo

176 2458 417 2512 quesitam,
441 2459 570 2501 cuius
593 2472 726 2501 error
749 2460 869 2501 cedit
894 2460 938 2501 in
963 2460 1222 2502 animarum
1246 2460 1531 2512 scandalum,
1554 2460 1751 2513 quilibet
1774 2459 1946 2502 vocalis

176 2529 220 2570 id
246 2533 314 2571 631
339 2530 518 2572 1131)6113
541 2543 698 2572 vocem
724 2531 768 2571 in
795 2530 988 2573 concilio
1012 2534 1196 2573 tenetur
1222 2532 1347 2573 iuxta
1372 2544 1506 2574 suum
1528 2543 1667 2584 posse
1692 2531 1820 2573 illam
1842 2542 1944 2584 pro-

175 2599 316 2653 fiteri,
351 2604 397 2642 ut
430 2604 555 2653 patet
587 2614 671 2653 per
704 2601 820 2642 illud
854 2602 1051 2654 apostoli
1087 2602 1144 2643 ad
1177 2601 1409 2644 Romanos
1441 2602 1523 2643 XI:
1559 2601 1711 2644 Corde
1744 2599 1945 2644 creditur

176 2671 233 2712 ad
264 2670 504 2723 iusticiam,
537 2671 631 2714 oris
663 2675 814 2713 autem
846 2672 1080 2714 confessio
1111 2672 1165 2714 fit
1197 2673 1254 2714 ad
1287 2673 1482 2714 salutem
1517 2706 1524 2714 .
1561 2706 1569 2714 .
1605 2706 1613 2714 .
1655 2672 1945 2730 Quapropter

177 2754 338 2784 omnes
371 2743 556 2784 vocales
591 2743 635 2783 in
670 2743 865 2784 concilio
898 2746 1115 2784 tenentur
1149 2756 1257 2785 suas
1291 2743 1533 2796 lampades
1568 2743 1806 2796 adaptare,
1838 2753 1946 2784 suos

178 2812 440 2855 intellectus
465 2813 509 2854 in
536 2813 812 2866 obsequium
838 2814 949 2855 fidei
977 2813 1039 2856 sic
1062 2815 1313 2866 captivare,
1338 2817 1385 2855 ut
1411 2826 1594 2856 omnem
1616 2811 1943 2867 *apparenciam

179 2883 291 2924 fidei
342 2885 619 2926 contrariam
672 2883 930 2926 abdicando
981 2883 1288 2937 sinistrosque
1341 2884 1529 2927 favores
1579 2883 1847 2937 relegando,
1896 2892 1944 2923 se

179 2954 526 3005 investigacioni
558 2954 766 2997 veritatis
798 2956 843 2995 in
875 2954 1067 2996 concilio
1099 2956 1279 3007 quesite
1309 2954 1495 3008 penitus
1525 2954 1760 3009 applicent
1791 2988 1799 2996 .
1835 2990 1842 2998 .
1878 2986 1886 2995 .

284 3065 312 3083 al
339 3059 381 3084 ΙΙς
404 3058 622 3085 veturs-uisis.
698 3059 728 3083 Ιιι
757 3060 799 3085 113
823 3058 985 3088 'servarim
