2227 3434
528 221 565 254 E.
609 220 684 255 Der
710 221 809 255 liber
833 223 1025 264 gestorum
1054 220 1123 254 des
1149 219 1390 255 Cerretanus.
1758 221 1842 264 323

75 352 168 382 non
201 338 550 381 commissiones
583 339 629 380 in
663 339 814 381 causis
845 338 1066 392 predictis
1098 338 1339 391 oportunis
1371 338 1457 380 sub
1491 338 1842 392 quibuscunque

77 408 454 452 formidabilibus
482 409 616 462 penis
646 408 859 462 signandi
890 410 1077 462 plenam
1110 409 1349 451 licenciam
1378 411 1423 451 et
1452 409 1783 451 auctoritatem.

198 480 309 522 Item
340 479 506 522 eadem
540 479 745 532 synodus
778 480 837 522 ad
867 483 1142 532 perpetuam
1175 480 1244 521 rei
1278 480 1546 522 memoriam
1581 479 1769 521 mandat
1800 483 1843 521 et

77 552 187 604 vult,
211 551 335 605 quod
357 551 416 593 de
438 562 661 604 processu
683 550 840 592 habito
865 550 1139 592 Constancie
1164 550 1210 591 in
1232 550 1443 604 generali
1468 550 1662 592 concilio
1684 553 1843 592 contra

76 621 308 675 quondam
337 621 598 664 Johannem
626 621 748 663 Huss
776 620 1123 663 heresiarcham
1151 625 1196 662 et
1225 620 1326 664 eius
1354 621 1738 674 dampnacionem
1767 633 1844 662 ex—

77 692 286 735 trahatur
327 692 564 734 sentencia
607 692 653 734 in
696 691 847 733 forma
888 691 1063 745 publici
1106 691 1400 734 instrumenti
1443 695 1487 733 et
1528 692 1843 734 executoriam

78 763 283 816 desuper
319 763 527 805 decernit
564 763 610 804 in
649 762 813 815 forma,
852 774 943 815 qua
981 762 1195 804 convenit
1231 762 1428 816 meliori,
1467 762 1611 805 eciam
1651 762 1690 805 si
1728 775 1845 816 opus

75 833 220 876 fuerit
243 846 346 876 cum
373 833 669 875 invocacione
697 833 875 875 brachii
905 834 1132 876 secularis
1159 836 1204 874 et
1232 833 1359 875 illius
1388 833 1472 875 fiat
1500 833 1719 875 execucio
1747 833 1842 876 sive

76 904 334 959 publicacio
361 905 410 946 in
439 905 624 946 civitate
656 907 701 946 et
732 903 905 946 diocesi
940 904 1165 957 Pragensi
1196 907 1242 945 et
1272 904 1397 956 alibi,
1429 904 1509 946 ubi
1540 904 1682 946 fuerit
1713 917 1845 957 opor-

76 979 235 1018 tunum
271 975 329 1018 ad
364 974 757 1017 confortacionem
793 974 1171 1017 christifidelium
1207 978 1251 1016 et
1287 975 1609 1017 confusionem
1642 975 1843 1026 illorum,

75 1047 154 1100 qui
182 1046 290 1089 dicti
319 1046 533 1100 domini¹)
564 1046 791 1088 Johannis
818 1045 1066 1088 heresibus
1094 1049 1139 1088 et
1164 1045 1403 1099 perversis
1432 1045 1722 1098 dogmatibus
1751 1046 1844 1088 illic

75 1117 290 1159 maculati
320 1129 404 1160 seu
431 1117 600 1159 irretiti
631 1115 835 1158 fuerunt.

198 1188 310 1230 Item
330 1187 496 1230 eadem
521 1187 726 1241 synodus
750 1187 958 1230 decernit
978 1187 1293 1230 executoriam
1317 1188 1554 1230 sentencie
1578 1200 1719 1241 super
1741 1199 1844 1229 con-

78 1259 413 1312 dempnacione
449 1258 571 1301 XLV
608 1258 905 1301 articulorum
943 1270 1248 1300 erroneorum
1285 1258 1331 1299 in
1367 1258 1464 1300 fide
1502 1258 1724 1300 catholica
1758 1270 1845 1311 per

76 1329 323 1383 dampnate
370 1329 593 1372 memorie
640 1328 873 1382 quondam
920 1328 1181 1371 Johannem
1227 1328 1452 1370 Wickleff
1497 1329 1843 1371 heresiarcham

76 1400 305 1444 editorum
338 1404 383 1443 et
415 1400 753 1454 dampnacione
787 1400 935 1454 ipsius
969 1400 1197 1442 Johannis
1231 1400 1454 1442 memorie
1490 1400 1582 1442 lata
1614 1399 1662 1441 in
1694 1399 1844 1441 forma

77 1471 257 1515 meliori
290 1474 336 1514 et
369 1472 549 1514 litteras
584 1471 681 1514 sive
716 1471 870 1513 bullas
905 1483 1206 1524 quascunque
1240 1474 1286 1512 et
1319 1470 1625 1524 quodcunque
1660 1469 1706 1511 in
1739 1482 1844 1523 pre-

76 1542 231 1586 missis
258 1541 550 1585 necessari-as
580 1544 625 1584 et
653 1544 908 1595 oportunas
936 1541 992 1583 de
1021 1541 1149 1584 curia
1178 1541 1317 1584 dandi
1347 1544 1392 1583 et
1420 1540 1718 1583 decernendi.

197 1613 310 1657 Item
336 1612 425 1656 fuit
451 1612 559 1656 data
584 1612 829 1656 audiencia
856 1612 898 1655 d.
925 1611 1112 1665 Symoni
1142 1612 1199 1654 de
1227 1612 1425 1654 Teramo
1452 1611 1673 1654 advocato
1700 1611 1845 1653 consi-

76 1676 253 1726 storiali
287 1718 296 1727 .
331 1717 340 1726 .
375 1718 384 1726 .
417 1682 553 1727 electi
584 1682 943 1726 Lemovieensis.
1748 1668 1776 1674 ν

80 1754 191 1798 Item
215 1754 304 1798 fuit
329 1754 576 1797 inhibitum
602 1754 851 1807 advocatis,
874 1766 934 1796 ne
960 1754 1163 1796 habeant
1189 1765 1453 1807 proponere
1480 1753 1526 1795 in
1554 1752 1843 1796 sessionibus

77 1837 160 1878 pro
186 1825 344 1879 aliquo
370 1824 471 1868 sine
499 1824 695 1868 licencia
721 1824 979 1869 nacionum.

194 1882 494 1939 Sacrosancte
537 1896 714 1949 synodo
754 1895 1106 1938 Constanciensi
1146 1895 1193 1936 in
1234 1895 1400 1949 spiritu
1442 1897 1600 1938 sancto
1640 1895 1859 1948 legitime,

79 1970 368 2021 congregate,
394 1966 551 2009 revmiS
577 1967 625 2009 in
651 1966 756 2009 Chr.
782 1979 825 2020 p.
850 1969 898 2008 et
922 1966 964 2008 d.
990 1966 1108 2008 meis
1131 1966 1529 2008 metuendissimis
1556 1965 1846 2008 Constancie.

77 2037 226 2080 Revmi
259 2039 308 2080 in
343 2037 449 2081 Chr.
483 2051 527 2092 p.
563 2037 744 2091 virique
781 2036 1057 2080 sanctissimi
1092 2037 1256 2079 humili
1291 2036 1706 2079 recomendacione
1739 2048 1844 2089 pre-

78 2107 234 2152 missa!
280 2108 372 2152 Per
404 2108 520 2152 alias
552 2108 721 2151 vestris
754 2108 919 2161 scripsi
951 2107 1325 2161 paternitatibus,
1359 2108 1561 2161 qualiter
1594 2106 1845 2149 ambassia-

79 2182 202 2223 tores
233 2179 373 2222 huius
406 2179 696 2222 serenissimi
730 2178 853 2232 regis
885 2178 1006 2221 XVI.
1041 2178 1116 2221 die
1149 2178 1277 2220 Junii
1309 2177 1531 2220 recedere
1566 2177 1768 2220 debeant
1800 2180 1844 2218 et

79 2249 142 2292 sic
178 2249 415 2304 fecissent,
451 2249 541 2293 nisi
580 2250 702 2304 quod
740 2250 1025 2302 supervenit,
1063 2249 1186 2302 quod
1224 2248 1282 2291 ad
1319 2249 1585 2291 instantiam
1623 2248 1746 2290 Petri
1787 2247 1843 2289 dc

79 2319 208 2363 Luna
235 2332 397 2364 omnes
425 2321 595 2374 prelati
624 2320 762 2363 huius
791 2320 922 2373 regni
952 2320 998 2361 in
1027 2320 1112 2361 hac
1141 2319 1322 2362 civitate
1353 2332 1404 2361 se
1432 2321 1772 2372 congregarunt
1800 2321 1845 2359 et

79 2392 434 2445 temptaverunt,
457 2394 678 2444 quantum
702 2391 749 2432 in
771 2390 840 2433 eis
862 2390 964 2443 fuit,
989 2390 1111 2443 quod
1134 2390 1415 2433 ambassiata
1440 2390 1526 2432 ista
1547 2402 1643 2432 non
1663 2390 1846 2430 veniret

81 2459 408 2504 Constantiam.
455 2461 570 2504 Item
602 2460 870 2504 institerunt
902 2460 1086 2503 fortiter
1117 2473 1203 2514 pro
1235 2460 1525 2502 restitutione
1559 2459 1845 2502 obediencie.

81 2529 172 2574 Sed
193 2530 242 2574 in
266 2531 481 2575 omnibus
505 2544 590 2574 rex
616 2532 702 2574 iste
728 2531 855 2574 dedit
878 2532 948 2574 eis
971 2532 1186 2584 negativa
1212 2530 1516 2573 certificando
1542 2531 1683 2584 ipsos,
1709 2529 1845 2583 quod,

81 2601 303 2656 quidquid
323 2602 684 2646 ambassiatores
705 2602 790 2655 sui,
812 2603 889 2656 qui
912 2605 1045 2644 erant
1067 2601 1382 2644 Constantiam
1404 2601 1650 2653 accessuri,
1671 2599 1843 2642 ibidem

80 2671 301 2726 facerent,
334 2673 611 2726 opportebat
644 2673 788 2716 dictos
821 2672 1028 2726 prelatos
1063 2672 1335 2724 observare;
1371 2675 1416 2714 et
1449 2672 1535 2714 hoc
1567 2670 1719 2724 quoad
1752 2671 1844 2723 pri-

82 2753 205 2784 mum
229 2743 519 2796 petitionem3
549 2755 639 2796 quo
667 2755 781 2786 vero
807 2743 867 2786 ad
894 2742 1145 2785 secundam
1174 2741 1429 2795 respondit,
1459 2741 1582 2795 quod
1608 2751 1843 2794 nunquam

82 2813 347 2856 restitueret
367 2813 695 2866 obedientiam,
715 2813 806 2856 nisi
829 2813 1071 2855 concilium
1096 2812 1452 2855 Constantiense
1478 2810 1719 2853 mandaret
1742 2810 1843 2853 sibi.

82 2881 137 2924 Et
161 2882 373 2926 similiter
396 2884 554 2936 voluit,
581 2884 703 2938 quod
730 2895 891 2927 omnes
919 2884 992 2926 isti
1019 2884 1204 2936 prelati,
1230 2883 1307 2935 qui
1334 2882 1407 2924 hic
1435 2885 1540 2924 sunt
1565 2881 1843 2934 congregati,

83 2951 358 2997 constituant
385 2954 748 2997 ambassiatores
775 2953 834 2997 ad
859 2953 1119 3006 concilium,
1147 2953 1226 3006 qui
1253 2952 1531 2995 confirment
1559 2950 1726 3003 omnia,
1755 2963 1843 3003 que

83 3033 168 3074 per
195 3022 439 3067 concilium
469 3028 516 3067 et
545 3024 906 3068 ambassiatores
938 3036 1047 3067 suos
1078 3025 1215 3065 erunt
1245 3022 1456 3065 ordinata
1487 3025 1531 3064 et
1563 3022 1627 3064 sic
1658 3021 1843 3063 facient.

200 3115 232 3158 1)
255 3125 297 3151 εο
316 3116 379 3151 die
400 3117 654 3152 interessente
676 3116 950 3160 Bezeichnunq.

1554 3173 1631 3212 21*
