2102 3444
196 146 282 191 400
550 146 595 180 11.
629 146 837 180 Abschnitt.
882 145 1087 179 Sermones
1117 145 1265 179 concilii
1299 144 1618 182 constanciensis.

200 278 258 306 ex
294 268 426 318 parte
463 264 717 307 sanctitatis
755 268 908 307 vestre
946 277 1031 317 per
1069 264 1281 307 dominos
1317 265 1582 309 cardinales
1617 267 1839 320 Parysius
1874 267 1970 310 exi-

201 338 390 389 stentes,
416 348 500 389 per
527 335 734 388 prelatos
759 335 897 377 etiam
926 336 1056 388 regni
1085 335 1287 389 Boemie,
1313 336 1452 379 etiam
1477 349 1563 390 per
1590 337 1742 390 ipsum
1764 337 1970 380 studium

201 407 483 460 Pragensem
526 406 749 459 requisita
792 406 904 448 dare
947 405 1341 449 deliberacionem
1385 420 1513 450 suam
1555 407 1752 451 consilio
1791 411 1970 452 maturo

198 478 330 530 prius
357 477 515 519 habito
544 489 645 518 cum
675 476 812 519 certis
840 477 1036 529 prelatis
1065 478 1195 531 regni
1225 482 1272 520 et
1299 478 1532 531 aliquibus
1562 478 1830 522 doctor-ibus
1854 480 1970 522 iuris

200 548 406 590 canonici
428 549 572 590 voluit
593 560 679 601 per
696 547 946 601 *deputatos
970 561 1080 591 suos
1101 561 1231 591 sacre
1254 549 1487 603 theologie
1508 549 1807 603 professores
1829 563 1971 605 super

199 620 407 672 quolibet
446 618 640 660 articulo
678 617 849 661 tradito
888 619 1100 661 annotari
1142 620 1538 672 qualificationem
1580 621 1832 674 speci-alem
1873 621 1970 664 sive

199 689 664 742 condempnationem
694 688 1013 743 doctrinalem,
1040 694 1179 743 prout
1211 691 1280 733 eis
1310 691 1529 744 apparuit
1556 691 1898 734 rationabiliter
1926 695 1972 735 et

198 761 420 803 catholice
441 773 584 813 posse
610 760 713 814 dici,
734 761 1062 804 submittentes
1085 765 1241 804 tamen
1265 774 1315 803 se
1335 762 1386 803 in
1411 762 1626 805 omnibus
1648 762 1971 806 determinaci-

199 832 274 872 oni
308 834 463 874 sancte
496 831 622 874 sedis
654 832 906 884 apostolice
939 836 983 874 et
1012 832 1060 874 in
1092 844 1148 875 ea
1179 833 1479 885 presidentis.
1524 832 1726 884 Quorum
1759 845 1970 876 errorum

199 902 574 955 qualificationes
607 903 705 944 sive
741 903 1097 956 reprobationes
1130 904 1280 957 parati
1316 916 1475 946 sumus
1509 905 1849 947 communicare
1882 904 1972 947 cui-

199 986 378 1026 cunque
408 974 582 1016 volenti
610 986 787 1026 easque
820 975 906 1016 sub
937 974 1222 1016 correctione
1254 978 1410 1017 sancte
1442 975 1568 1018 sedis
1599 974 1851 1029 apostolice
1880 987 1972 1018 ma-

200 1047 427 1086 nutenere
454 1048 498 1087 et
524 1044 798 1097 defendere,
825 1046 862 1087 si
889 1058 1006 1098 opus
1030 1044 1186 1087 fuerit.
1226 1046 1280 1087 Et
1305 1045 1465 1087 itidem
1489 1045 1662 1088 factum
1685 1049 1757 1088 est
1778 1046 1839 1088 *de
1863 1058 1972 1100 qua-

201 1115 304 1158 dam
345 1115 730 1169 nephandissima
770 1116 1087 1169 propositione
1128 1129 1215 1170 per
1256 1116 1489 1170 quendam
1531 1117 1793 1159 Joha·nnem
1835 1116 1971 1160 Parvi

198 1187 503 1240 promulgata,
537 1198 627 1240 que
659 1190 763 1240 post
792 1187 897 1230 eius
929 1187 1271 1230 exactissimam
1304 1188 1705 1230 examinacionem
1737 1190 1972 1241 comperta

198 1261 270 1299 est
300 1270 455 1299 secum
482 1257 727 1300 includere
760 1257 1127 1311 quamplurimos
1159 1271 1347 1301 errores
1380 1258 1591 1300 funestos
1623 1258 1840 1312 explicite
1868 1270 1973 1301 con-

199 1332 269 1371 tra
297 1328 521 1371 maiorem
552 1328 817 1371 divinorum
845 1331 1173 1382 preceptorum
1206 1329 1460 1372 doctrinam
1492 1329 1726 1372 mentibus
1756 1329 1973 1372 humanis

200 1399 476 1443 naturaliter
500 1399 769 1453 inscriptam
792 1404 841 1443 et
866 1400 923 1442 ob
949 1401 1035 1442 hoc
1056 1413 1145 1454 per
1171 1400 1483 1442 reverendum
1510 1401 1557 1442 in
1584 1399 1768 1443 Christo
1788 1403 1972 1454 patre-m

199 1471 469 1524 episcopum
518 1471 847 1524 Parysiensem
895 1474 1189 1525 coassumpto
1238 1484 1393 1513 secum
1441 1471 1718 1524 inquisitore
1767 1470 1971 1514 heretice

200 1542 439 1594 pravitatis
471 1546 516 1584 et
547 1542 701 1584 eidem
733 1543 981 1584 assistente
1013 1542 1324 1584 celeberrimo
1354 1542 1469 1584 fidei
1500 1542 1696 1585 concilio
1724 1541 1973 1595 ›condemp-

200 1616 308 1656 nata
333 1613 495 1656 extitit.
534 1613 737 1665 Quorum
761 1625 976 1655 errorum
1005 1613 1141 1655 latior
1166 1613 1417 1666 explicatio
1441 1616 1489 1655 et
1512 1626 1600 1667 pro
1624 1612 1973 1667 gravaminibus

200 1684 504 1726 ecclesiarum
530 1685 662 1739 regni
689 1687 734 1726 et
760 1684 1094 1727 reformatione
1121 1684 1378 1726 earundem
1407 1683 1688 1738 singularior
1712 1683 1973 1727 obsecratio

200 1755 515 1798 famosissimo
557 1768 688 1798 sacre
731 1756 966 1809 theologie
1007 1754 1181 1798 doctori
1225 1754 1411 1797 domino
1452 1755 1735 1798 cancellario
1775 1754 1972 1798 ecclesie

202 1826 496 1880 Parysiensis
518 1839 577 1869 ex
596 1829 730 1880 parte
753 1826 926 1869 domini
948 1826 1095 1869 nostri
1119 1827 1258 1880 regis,
1278 1826 1352 1869 sui
1375 1825 1556 1868 concilii
1581 1838 1633 1868 ac
1654 1825 1972 1868 universitatis

201 1901 246 1940 et
278 1910 335 1939 ex
368 1901 500 1951 parte
531 1897 850 1940 universitatis
882 1901 987 1951 post
1019 1898 1186 1951 ipsum,
1221 1898 1258 1939 si
1292 1910 1410 1950 opus
1442 1896 1599 1950 fuerit,
1632 1896 1809 1938 celebri
1837 1907 1970 1939 sacre

200 1968 434 2022 theologie
467 1968 727 2021 professori
762 1969 983 2022 magistro
1017 1968 1308 2023 Benedict01)
1348 1968 1552 2010 iniuncta
1583 1970 1668 2010 est.
1720 1966 1814 2021 Ipsi
1846 1979 1971 2019 vero,

200 2052 301 2081 cum
332 2039 494 2082 horam
527 2039 748 2093 loquendi
781 2039 1000 2082 sanctitas
1031 2042 1187 2082 Vestra
1218 2039 1420 2093 prebere
1455 2038 1734 2092 dignabitur,
1764 2050 1853 2092 pro
1881 2049 1972 2092 qua

202 2110 531 2165 supplicamus,
557 2109 823 2153 huiusmodi
851 2123 1064 2152 errorum
1089 2122 1323 2152 venenum
1350 2113 1395 2153 et
1421 2110 1652 2152 malici-am
1674 2112 1722 2152 et
1748 2108 1971 2151 reforma-

204 2181 338 2223 tionis
368 2181 565 2224 ecclesie
597 2182 924 2224 necessitatem
958 2181 1177 2235 detegent
1207 2184 1252 2223 et
1283 2181 1545 2223 tractabunt
1576 2180 1635 2223 ad
1664 2179 1840 2222 nudum
1873 2213 1882 2221 .
1917 2213 1926 2221 .

202 2253 297 2306 Ego
319 2252 574 2294 orationem
598 2265 748 2295 meam
772 2252 830 2295 ad
850 2256 910 2306 te,
929 2256 1089 2295 sancte
1112 2254 1259 2306 pater,
1283 2252 1329 2293 in
1354 2264 1435 2305 spe
1461 2251 1771 2294 multitudinis
1793 2249 1970 2293 miseri-

201 2323 358 2365 cordie
380 2326 458 2365 tue
485 2323 742 2366 terminans
768 2326 813 2366 et
835 2323 1126 2365 desiderium
1154 2322 1356 2376 illorum,
1383 2324 1461 2376 qui
1486 2334 1572 2365 nos
1599 2321 1795 2375 mittunt,
1820 2319 1971 2374 aperi-

200 2394 322 2436 endo
350 2393 644 2436 confidenter
676 2406 818 2447 super
845 2393 935 2435 hiis
966 2394 1269 2447 imploramus
1300 2396 1456 2436 sancte
1487 2392 1613 2436 sedis
1644 2391 1896 2446 apostolice
1924 2393 1970 2432 et

204 2465 248 2506 in
273 2477 328 2507 ea
354 2464 562 2507 sedentis
588 2465 920 2517 auctoritatem,
946 2465 1016 2506 cui
1044 2465 1090 2506 in
1117 2464 1200 2518 eis,
1226 2476 1315 2518 que
1341 2464 1456 2506 fidei
1479 2466 1602 2517 sunt,
1625 2463 1846 2517 competit
1868 2473 1969 2504 auc-

201 2536 384 2578 toritate
423 2548 644 2589 suprema
680 2535 892 2578 diffinire
928 2539 975 2577 et
1010 2536 1258 2578 ecclesiam
1298 2535 1382 2577 Dei
1420 2544 1601 2588 regere,
1638 2533 1968 2588 supplicantes,

201 2609 430 2659 quatenus
455 2605 575 2648 circa
598 2606 861 2648 huiusmodi
887 2618 1102 2648 errorum
1126 2605 1572 2648 exterminacionem
1595 2607 1643 2647 et
1664 2602 1966 2647 ecclesiarum

201 2677 332 2730 regni
362 2676 742 2718 reformationem
773 2676 991 2719 sanctitas
1019 2679 1176 2719 vestra
1204 2688 1395 2729 operam
1426 2665 1540 2718 dare
1569 2675 1682 2718 velit
1710 2670 1966 2716 efficacem.

200 2747 364 2790 Nullus
388 2747 515 2790 ¹enim
543 2759 698 2791 sermo
723 2747 847 2800 apud
870 2750 1079 2790 sanctam
1108 2746 1268 2789 sedem
1297 2746 1597 2800 apostolicam
1623 2745 1759 2788 nobis
1785 2743 1968 2787 videtur

200 2818 364 2861 maiori
388 2818 701 2872 acceptatione
729 2819 895 2872 dignus
924 2852 931 2860 .
968 2852 975 2859 .
1012 2852 1035 2871 .,
1062 2819 1140 2871 qui
1168 2817 1484 2860 indubitanter
1510 2817 1694 2870 scimus,
1719 2814 1842 2870 quod
1864 2813 1967 2857 sine

201 2889 315 2931 fidei
344 2889 513 2932 virtute
540 2901 696 2942 neque
723 2890 808 2932 hoc
837 2901 1065 2931 summum
1095 2887 1332 2942 dignitatis
1359 2889 1544 2930 culmen
1573 2888 1619 2930 in
1647 2885 1787 2929 terris
1813 2895 1967 2937 neque

319 3055 348 3095 ¹)
382 3052 575 3087 Genciaui.
