2227 3434
561 185 599 221 B.
639 185 717 221 Der
742 185 841 221 liber
867 186 1059 230 gestorum
1087 185 1156 220 des
1182 184 1424 220 Cerretanus.
1791 186 1876 229 259

110 306 271 349 ciliora
305 306 584 357 traheretur,
621 304 968 347 deliberacione
1005 307 1163 346 nostra
1200 303 1448 346 accedente
1485 306 1635 345 certos
1670 303 1876 356 prelatos

110 377 325 419 Narbone
349 375 637 429 propinquos
664 375 722 417 ad
750 387 800 418 se
828 374 1067 417 advocavit
1093 374 1366 427 eisdemque
1394 374 1592 427 scripsit,
1620 373 1743 426 quod
1769 374 1877 415 Nar-

112 447 278 490 bonam
311 447 539 498 venirent,
573 446 693 487 inter
726 458 841 499 quos
873 446 1104 488 mandatis
1134 445 1332 498 prefatis
1365 445 1743 498 obtemperantes
1775 457 1878 497 pre-

111 521 269 561 sentes
300 518 505 560 existunt
539 516 581 558 d.
617 516 953 570 archiepiscopi
988 515 1304 558 Narbonensis
1338 519 1383 558 et
1418 515 1723 568 Tholosanus,
1758 515 1878 568 epis-

111 590 211 642 copi
239 587 521 630 Biterrensis
547 591 593 630 et
618 586 896 629 Senecensis
923 600 973 629 ac
1001 586 1194 629 abbates
1222 587 1365 639 aliqui
1393 589 1438 628 et
1463 587 1625 639 plures
1652 586 1732 627 alii
1759 585 1877 627 docti

111 659 211 712 viri,
251 659 328 712 qui
367 658 525 700 dietim
567 659 612 699 in
653 658 858 700 consiliis
897 670 1071 711 eorum,
1111 670 1199 711 que
1240 657 1577 699 communicare
1616 669 1878 709 possumus,

111 729 246 772 nobis
281 729 517 772 assistunt.
567 728 783 771 Ceterum
820 728 895 770 die
931 728 1148 770 videlicet
1183 728 1279 770 XX.
1316 727 1511 781 Augusti
1547 727 1605 770 ad
1640 727 1682 769 d.
1718 727 1879 769 Roma-

111 813 275 842 norum
301 812 458 853 regem
485 803 714 842 venerunt
740 812 799 841 ex
825 802 958 852 parte
985 799 1026 841 d.
1056 799 1179 840 Petri
1207 799 1264 840 de
1292 799 1421 841 Luna
1447 798 1586 852 legati
1613 799 1880 851 solempnes

43 899 50 903 -
112 872 354 914 duodecim
391 883 586 913 numero
623 871 830 924 episcopi
867 873 977 923 tres,
1016 870 1186 912 milites
1222 869 1411 911 totidem
1450 873 1494 912 et
1532 870 1743 911 doctores
1781 881 1879 921 sex,

112 943 190 996 qui
212 954 298 996 per
320 942 692 996 proposicionem
716 941 884 984 factam
908 955 966 983 ex
990 944 1121 995 parte
1146 941 1251 982 dicti
1276 941 1332 982 de
1357 941 1487 982 Luna
1510 940 1645 982 nobis
1667 952 1879 993 magnam

111 1026 242 1066 spem
272 1013 458 1055 unionis
489 1012 817 1066 consequende
849 1012 1038 1054 dedere.
1084 1012 1177 1053 Hoc
1210 1012 1333 1053 enim
1367 1011 1476 1053 fecit
1507 1011 1653 1053 frater
1684 1011 1881 1052 Vincen-

111 1085 209 1128 cius
245 1083 371 1127 fama
408 1083 608 1127 celebris
644 1087 690 1126 et
726 1083 1017 1137 propinquus
1056 1082 1175 1125 dicto
1213 1083 1270 1124 de
1310 1082 1453 1135 Luna,
1492 1094 1629 1135 quem
1666 1081 1878 1134 prefatus

111 1155 422 1198 Romanorum
445 1168 530 1197 rex
554 1154 612 1197 ad
634 1154 924 1197 maiestatem
949 1167 1079 1197 suam
1101 1153 1262 1195 venire
1285 1156 1632 1207 procuraverat,
1655 1155 1703 1194 ut
1726 1152 1878 1193 eidem

111 1225 278 1269 mediis
303 1226 423 1280 aptis
450 1225 509 1268 ad
533 1225 753 1268 unionem
779 1224 1157 1278 consequendam
1182 1223 1504 1278 persuaderet,
1532 1235 1751 1266 asserens
1778 1224 1878 1275 ipse

111 1297 259 1340 frater
282 1295 562 1340 Vincencius
590 1309 640 1340 se
667 1296 860 1338 indubie
883 1299 1047 1338 tenere
1076 1296 1229 1349 ipsum
1257 1295 1314 1337 de
1342 1295 1471 1337 Luna
1497 1294 1694 1336 ecclesie
1722 1296 1879 1336 sancte

114 1368 199 1410 Dei
223 1380 308 1421 per
333 1368 591 1410 cessionem
617 1380 778 1421 pacem
804 1367 916 1409 dare
942 1368 1079 1408 velle.
1118 1366 1356 1408 Altissimo
1382 1379 1507 1418 vero,
1533 1366 1663 1407 cuius
1688 1377 1765 1407 res
1792 1364 1882 1417 agi-

111 1441 200 1493 tur,
226 1438 504 1492 disponente
529 1437 743 1493 prefatus
770 1438 812 1480 d.
839 1437 1108 1491 Aragonum
1134 1450 1219 1479 rex
1246 1436 1431 1479 sanitati
1458 1436 1545 1478 fuit
1571 1435 1812 1477 restitutus
1837 1437 1881 1476 et

113 1521 139 1552 a
158 1509 396 1564 Valencia,
417 1510 465 1552 in
487 1522 578 1563 qua
600 1509 680 1552 diu
699 1512 1007 1562 egrotaverat,
1030 1509 1118 1550 iter
1141 1508 1338 1561 arripuit
1359 1520 1524 1549 versus
1545 1506 1880 1560 Pyrpinianum

112 1579 353 1634 flanteque
371 1583 509 1623 vento
528 1579 738 1634 propicio
757 1583 804 1623 et
822 1579 956 1633 quasi
975 1579 1170 1622 materie
1189 1582 1347 1621 nostre
1370 1577 1662 1621 accomodato
1682 1577 1729 1619 in
1748 1579 1881 1619 nocte

112 1663 196 1704 per
227 1654 410 1694 centum
445 1651 644 1694 miliaria
677 1650 1027 1693 transfretando
1059 1650 1117 1692 ad
1149 1653 1332 1704 portum
1366 1661 1512 1703 prope
1547 1647 1880 1701 Pyrpinianum

112 1734 196 1775 per
227 1725 423 1775 quatuor
455 1723 626 1775 leucas,
658 1721 971 1775 Coquolibero
1003 1721 1186 1774 dictum,
1219 1720 1441 1773 applicuit
1470 1722 1518 1762 et
1548 1719 1622 1760 die
1653 1717 1882 1760 hodierna

115 1793 253 1836 debet
284 1805 391 1836 esse
427 1794 475 1835 in
509 1793 808 1847 Pyrpiniano,
843 1792 901 1834 de
936 1805 1028 1845 quo
1062 1804 1223 1834 omnes
1259 1791 1406 1845 gavisi
1443 1802 1600 1832 sumus
1635 1792 1682 1831 et
1717 1789 1882 1831 merito

113 1863 316 1917 gaudere
351 1863 591 1917 debemus,
624 1864 732 1917 quia
766 1864 986 1917 optimam
1021 1866 1067 1905 et
1098 1863 1328 1904 intensam
1362 1873 1448 1915 per
1480 1861 1662 1903 litteras
1695 1872 1803 1902 suas
1839 1862 1883 1901 et

115 1934 231 1978 alias
257 1934 316 1978 ad
342 1935 562 1977 unionem
590 1935 788 1977 ecclesie
817 1933 1115 1976 affectionem
1142 1933 1319 1975 habere
1347 1931 1549 1975 ostendit
1575 1941 1882 1984 magnamque

115 2017 244 2058 spem
282 2005 469 2049 unionis
508 2005 836 2058 consequende
875 2005 978 2047 eius
1018 2004 1193 2046 auxilio
1233 2003 1466 2045 mediante
1505 2002 1746 2044 habemus.
1802 2001 1882 2052 Ita,

116 2076 237 2130 quod
278 2076 494 2119 laudetur
536 2076 803 2130 altissimus,
846 2088 1022 2129 omnes,
1065 2077 1289 2128 quotquot
1330 2087 1503 2126 sumus,
1547 2084 1790 2126 speramus
1835 2072 1880 2112 in

115 2146 245 2189 brevi
281 2147 567 2201 concupitam
601 2148 822 2189 unionem
858 2159 1067 2188 cernere.
1115 2145 1245 2197 Quod
1280 2145 1338 2187 ad
1375 2145 1598 2196 solamen,
1633 2142 1882 2185 consolaci-

116 2230 250 2260 onem
272 2221 317 2260 et
341 2221 637 2272 augmentum
660 2221 920 2260 vestrarum
942 2217 1162 2259 virtutum
1186 2216 1519 2269 significamus,
1544 2214 1681 2256 revmi
1703 2227 1747 2267 p.
1772 2216 1816 2254 et
1840 2213 1880 2254 d.

114 2289 260 2331 nostri
287 2289 661 2342 prestantissimi,
688 2291 736 2330 ut
762 2288 1093 2341 congaudeatis
1122 2290 1166 2329 et
1192 2299 1358 2340 preces
1388 2286 1579 2328 devotas
1607 2284 1882 2327 altissimum

116 2359 343 2412 placando
363 2359 654 2413 continuetis‚
677 2360 895 2413 quatinus
916 2359 1035 2401 hanc
1058 2370 1235 2401 sacram
1259 2356 1419 2398 videre
1442 2355 1663 2398 concedat
1683 2355 1729 2396 in
1751 2354 1882 2396 brevi

117 2429 347 2483 unionem,
376 2443 466 2483 qua
495 2430 579 2473 sub
607 2430 742 2472 unico
767 2433 814 2472 et
839 2429 1097 2471 indubitato
1124 2428 1347 2482 pontifice
1374 2427 1525 2469 eidem
1556 2425 1755 2468 militare
1780 2437 1883 2477 pos-

118 2511 275 2543 sumus
310 2513 361 2543 ac
396 2504 558 2543 eterne
595 2501 923 2542 retribucionis
960 2499 1172 2542 meritum
1211 2499 1467 2551 acquirere.
1516 2497 1601 2548 Qui
1637 2504 1804 2538 revmos
1840 2508 1881 2548 p.

118 2582 157 2611 v.
188 2570 234 2612 in
263 2570 437 2613 unitate
468 2571 736 2614 corroboret
766 2575 811 2613 et
840 2570 1100 2622 confirmet,
1130 2573 1192 2621 ut,
1223 2582 1313 2622 que
1345 2582 1428 2610 sua
1460 2570 1578 2619 sunt,
1608 2566 1808 2608 feliciter
1839 2568 1883 2606 et

118 2639 312 2694 longeve
339 2642 622 2695 compleatis.
663 2642 759 2693 Que
788 2644 940 2684 autem
969 2640 1191 2692 accident,
1219 2639 1398 2681 eisdem
1424 2652 1467 2692 p.
1495 2637 1652 2680 rev¹11iS
1679 2649 1771 2678 non
1798 2636 1883 2678 dif-

121 2710 324 2754 feremus
359 2711 617 2754 notificare.
665 2711 893 2765 Scriptum
929 2711 1143 2753 Narbone
1180 2710 1374 2763 Augusti
1409 2710 1583 2750 ultima.

233 2781 479 2824 Revmarum
508 2795 551 2836 p.
579 2796 619 2825 v.
647 2782 849 2825 humiles
878 2782 1015 2835 legati
1045 2785 1090 2823 et
1120 2781 1481 2822 ambassiatores
1509 2778 1709 2821 Jacobus
1738 2777 1882 2819 archi-

119 2852 365 2906 episcopus
399 2853 687 2896 Turonensis
719 2856 765 2895 et
800 2852 940 2894 ceteri
976 2853 1167 2905 college.

235 2921 544 2966 Serenissimo
575 2923 772 2977 principi
806 2922 1116 2976 Sigismundo,
1151 2956 1158 2963 .
1195 2955 1202 2962 .
1239 2955 1246 2962 .
1282 2922 1376 2973 regi
1413 2920 1547 2962 fratri
1580 2918 1714 2960 nobis
1746 2917 1882 2959 caris-

122 2991 236 3034 simo
260 2993 582 3036 Ferdinandus
609 2986 772 3036 eadem
797 2993 952 3046 gracia
978 3005 1062 3034 rex
1088 2992 1368 3044 Aragonum,
1394 2989 1548 3032 Sicilie
1575 2991 1657 3030 etc.
1686 2988 1881 3030 salutem

121 3060 322 3105 debitam
346 3075 446 3106 cum
471 3064 662 3106 honore.
700 3063 1011 3106 Serenissime
1035 3062 1268 3115 princepS,
1294 3061 1440 3102 frater
1464 3059 1598 3102 nobis
1621 3058 1879 3100 carissime!

1595 3140 1670 3180 17ss
1733 3176 1736 3177 γ
