2102 3444
184 147 269 190 418
539 147 583 180 ll.
616 145 825 180 Abschnitt.
870 146 1074 179 Sermones
1105 144 1254 178 concilii
1286 142 1606 179 constanciensis.

187 278 466 318 quamquam
487 265 699 306 nonnulli
725 267 1048 317 segregatores
1073 263 1273 304 inaniter
1296 263 1579 305 subtiliando
1603 262 1780 316 aliquid
1801 262 1958 304 debile

186 340 230 378 et
262 349 455 390 parvum
488 335 858 376 existimaverint
891 334 1069 375 ordinis
1101 333 1397 376 relacionem.
1442 333 1575 376 Scitis
1605 333 1724 375 hanc
1755 333 1813 375 ob
1846 345 1958 385 rem,

187 408 308 460 quod
347 407 573 449 naturalis
615 406 855 458 indagacio
894 418 944 447 ac
985 405 1319 457 methaphysici
1360 404 1603 446 sublimior
1644 404 1958 458 intelligencia

186 478 555 530 potentissimum
587 480 788 518 actorem
820 477 863 517 in
895 475 1186 517 moventibus
1216 479 1352 528 atque
1381 475 1581 529 primum
1610 478 1654 517 et
1682 475 1959 517 altissimum

188 550 232 589 in
259 549 445 590 entibus
474 548 559 589 sub
590 548 762 588 lumine
791 547 995 599 proprio,
1023 547 1108 589 sub
1137 546 1553 588 demonstracionis
1581 546 1782 588 candore
1812 545 1959 598 limpi-

187 620 378 661 dissimo
406 617 791 670 retrogradiendo
817 630 875 658 ex
904 616 1154 659 effectibus
1183 617 1240 659 ad
1268 630 1432 659 causas
1459 630 1568 658 vere
1597 617 1833 670 conclusit,
1860 617 1959 670 plu-

188 691 346 732 ralitas
383 689 725 742 principatuum
763 689 898 740 mala,
936 701 1055 730 unus
1091 700 1204 741 ergo
1239 689 1459 741 princeps
1497 722 1504 730 .
1541 722 1549 729 .
1586 722 1593 730 .
1631 688 1957 741 Summamque

186 762 321 803 liuius
345 760 592 802 ministerii
617 759 960 813 presidenciam
987 760 1283 812 recolligeret
1309 772 1359 801 ac
1387 762 1673 812 supponeret
1698 759 1744 800 in
1771 759 1958 801 homine

189 844 291 884 uno,
330 832 374 872 in
414 831 565 884 Petro,
603 831 648 871 in
689 830 861 883 Cepha,
901 831 945 871 in
985 829 1198 883 Symone,
1238 831 1283 871 in
1320 831 1551 882 piscatore
1590 830 1850 883 benedicto,
1886 829 1957 871 cui

185 902 317 943 dixit:
371 902 540 954 Symon
580 901 821 954 Johannis,
861 901 1015 954 diligis
1054 914 1126 941 me
1166 902 1271 953 plus
1310 901 1428 942 hiis‘?
1484 901 1625 942 Pasce
1666 913 1777 942 oves
1815 912 1956 942 meaS.

188 1012 195 1018 .
231 1007 239 1015 .
276 1007 283 1014 .
324 973 437 1014 Cum
475 973 532 1014 de
570 976 797 1025 potestate
837 972 1048 1024 ecclesie,
1089 1009 1095 1015 .
1133 1006 1140 1013 .
1178 1006 1185 1013 .
1225 972 1356 1014 istius
1395 970 1666 1013 honorande
1706 971 1870 1024 synodi
1908 983 1959 1013 ac

185 1045 350 1085 sumini
382 1043 540 1085 vicarii
574 1044 657 1084 Dei
689 1055 952 1084 sermonem
983 1043 1147 1095 habeo,
1177 1044 1334 1084 nescio
1366 1043 1492 1084 aliud
1523 1042 1791 1095 sublimare,
1821 1054 1958 1096 quam

185 1115 307 1167 quod
342 1115 533 1167 premisi
571 1117 617 1155 et
652 1114 709 1154 de
746 1114 886 1166 plano
920 1117 1048 1155 textu
1085 1114 1238 1165 didici,
1274 1127 1323 1155 ac
1361 1114 1576 1166 idipsum,
1612 1113 1735 1166 quod
1771 1113 1958 1165 Paulus,

184 1186 484 1238 Augustinus,
518 1197 720 1227 canones
755 1185 945 1238 antiqui,
980 1184 1216 1237 sapientes
1250 1185 1394 1226 nostri
1431 1184 1624 1226 solidius
1658 1184 1958 1236 edocuerunt,

183 1245 305 1309 quod
333 1255 549 1297 videlicet
579 1255 749 1297 eximia
778 1258 984 1308 potestas
1013 1259 1057 1297 et
1085 1255 1332 1297 auctoritas
1362 1256 1575 1308 ecclesie,
1605 1255 1769 1308 synodi
1801 1257 1957 1297 sancte

182 1331 226 1368 ct
259 1326 432 1367 domini
464 1339 584 1379 pape
618 1326 786 1379 iugiter
819 1327 876 1368 ad
909 1327 1132 1367 unitatem
1166 1326 1415 1379 referatur,
1448 1339 1541 1367 non
1574 1326 1633 1367 ad
1665 1324 1956 1378 divisionem,

184 1402 229 1439 ut
268 1397 324 1439 sit
363 1410 541 1439 summa
580 1397 913 1439 iurisdictionis
953 1398 1200 1439 auctoritas
1239 1397 1435 1438 ecclesie
1475 1431 1482 1438 .
1520 1430 1527 1438 .
1564 1431 1571 1438 .
1622 1397 1688 1439 Sit
1725 1397 1873 1438 honor
1912 1399 1957 1437 et

181 1468 334 1520 gracia
365 1480 531 1521 magna
561 1468 660 1511 sedi
693 1468 960 1520 apostolice,
992 1468 1049 1510 sit
1080 1468 1207 1509 salus
1237 1467 1448 1521 ecclesie,
1481 1468 1538 1510 sit
1568 1466 1797 1510 medicina
1827 1479 1956 1521 egro-

182 1540 320 1581 tantis
347 1539 514 1591 anime,
542 1539 666 1591 quod
690 1539 837 1592 possit
865 1538 1133 1580 beatissima
1162 1538 1366 1590 synodus
1394 1538 1509 1579 fidei
1538 1539 1611 1580 vel
1640 1539 1837 1580 ecclesie
1864 1541 1957 1580 tur-

183 1610 422 1651 bacionem
451 1610 508 1651 de
536 1610 693 1662 papali
723 1610 840 1651 solio
869 1610 1122 1662 dimovere,
1151 1609 1274 1662 quod
1302 1610 1449 1662 possit
1477 1609 1783 1651 introductam
1812 1609 1956 1650 eccle-

184 1682 251 1722 sie
275 1681 594 1723 confusionem
620 1681 666 1722 in
691 1681 897 1722 debitum
923 1680 1135 1722 ordinem
1160 1680 1434 1723 reformare.
1471 1679 1536 1722 Sit
1560 1681 1708 1722 honor
1732 1683 1777 1722 et
1800 1680 1956 1733 gracia

183 1763 346 1804 magna
376 1752 570 1793 concilio
598 1751 823 1803 generali.
869 1751 1027 1804 ltaque
1057 1752 1159 1804 viri,
1189 1754 1347 1804 patres
1377 1754 1421 1793 et
1451 1751 1663 1793 doctores
1692 1751 1797 1803 mei,
1827 1750 1956 1804 quid-

183 1822 293 1874 quid
321 1822 377 1864 de
405 1823 488 1864 hac
516 1825 743 1875 potestate
771 1822 1107 1875 contraveritis,
1135 1822 1337 1875 idipsum
1364 1835 1457 1863 non
1485 1822 1542 1864 ad
1571 1822 1750 1875 scisma,
1777 1834 1870 1864 non
1898 1820 1956 1863 ad

182 1892 473 1941 divisionem,
502 1896 570 1935 set
598 1893 656 1935 ad
684 1892 830 1946 ipsius
859 1893 1070 1945 ecclesie,
1100 1893 1264 1945 synodi
1293 1896 1448 1935 sancte
1477 1896 1523 1935 et
1549 1893 1674 1934 sedis
1703 1892 1954 1946 apostolice

182 1963 438 2016 perfectam
466 1964 717 2005 amiciciam
746 1968 790 2006 et
816 1964 1040 2006 unitatem
1066 1964 1111 2005 in
1142 1964 1325 2006 Christo
1353 1964 1572 2005 resolvite
1600 1967 1737 2016 atque
1765 1963 1955 2015 referte,

182 2034 260 2075 ubi
285 2034 472 2087 quidem
496 2034 691 2077 nuncias
714 2035 917 2077 caritatis
941 2034 1206 2088 perfeccius
1229 2035 1413 2076 erudiet
1436 2047 1532 2087 vos,
1557 2034 1594 2078 si
1619 2034 1805 2077 fueritis
1829 2034 1876 2076 in
1899 2046 1956 2076 ea

183 2104 387 2147 radicati.
427 2104 630 2147 Obsecro
656 2118 752 2159 vos,
781 2140 788 2147 .
825 2139 832 2147 .
869 2139 877 2147 .
906 2106 1029 2158 quod
1054 2105 1275 2147 vicarium
1302 2106 1404 2148 eius
1433 2106 1477 2146 in
1506 2108 1734 2158 apparatu
1757 2104 1956 2147 candido

272 2210 278 2217 .
309 2176 373 2216 sic
404 2176 679 2228 intueamur,
709 2177 754 2216 in
782 2177 912 2217 cuius
942 2177 1111 2229 pedum
1142 2178 1299 2218 oscula
1328 2189 1478 2229 reges,
1507 2176 1662 2229 duces,
1689 2176 1953 2229 patriarche

183 2249 227 2288 et
250 2246 497 2299 pontifices
522 2247 619 2288 Deo
643 2247 830 2299 quidem
855 2248 1056 2299 excelso,
1080 2260 1172 2288 non
1196 2248 1409 2289 terrestri
1434 2248 1534 2289 viro
1555 2247 1757 2300 inpenso
1776 2247 1953 2288 honore

183 2329 232 2358 se
258 2321 449 2359 curvant
475 2321 519 2359 et
545 2317 841 2360 beatissimus
868 2319 1146 2370 appellatur.
1185 2319 1282 2370 Qua
1308 2318 1365 2359 de
1392 2330 1442 2359 re
1468 2317 1650 2360 curiosa
1677 2329 1727 2360 se
1752 2316 1954 2370 turbant,

183 2400 282 2428 cum
311 2392 464 2430 tamen
494 2388 691 2430 ecclesia
721 2389 784 2430 sic
814 2388 949 2430 dicat:
993 2388 1203 2441 Oremus,
1233 2389 1395 2441 inquit,
1424 2401 1509 2442 pro
1537 2388 1806 2430 beatissimo
1833 2400 1955 2442 papa

181 2461 352 2499 nostro.
402 2459 491 2499 Nec
529 2459 607 2499 ille
644 2459 729 2500 sibi
768 2462 960 2511 usurpet
996 2460 1234 2511 honorem,
1272 2463 1341 2502 set
1376 2459 1552 2501 referat
1587 2459 1634 2501 in
1669 2458 1953 2512 magistrum,

183 2541 346 2570 servus
379 2529 478 2581 ipse
513 2540 753 2570 servorum
788 2542 989 2571 suorum.
1033 2530 1068 2571 O
1102 2530 1226 2571 Deus
1260 2530 1394 2583 bone,
1428 2531 1598 2571 bonum
1631 2529 1793 2571 confer
1825 2529 1953 2583 gregi

182 2603 258 2641 tuo
296 2600 548 2652 pastorem!
601 2600 683 2641 Hic
723 2600 779 2641 sit
817 2600 1067 2652 precipuus
1106 2601 1285 2652 agende
1325 2600 1679 2643 reformacionis
1717 2599 1953 2652 articulus,

182 2670 265 2711 hec
307 2670 463 2723 pocior
506 2670 596 2721 lex,
639 2670 760 2722 quod
803 2671 1093 2712 cessantibus
1136 2671 1500 2713 exhorbitanciis
1540 2671 1762 2724 deinceps
1803 2671 1953 2713 bonus

182 2743 340 2792 pastor
365 2740 461 2791 fiat,
488 2740 743 2782 radicacior
768 2741 812 2781 in
840 2741 1045 2782 amicicia
1072 2754 1242 2793 sponse
1269 2745 1343 2783 tue
1371 2745 1416 2783 et
1441 2754 1598 2784 amore
1625 2741 1952 2794 spiritualium,

183 2823 319 2862 quam
360 2811 403 2851 in
446 2811 647 2852 vanitate
688 2824 854 2853 sensus
893 2812 961 2852 sui
1003 2816 1046 2853 et
1086 2812 1257 2853 astucie
1299 2813 1651 2854 mundanorum.
1705 2812 1953 2853 Enimvero

183 2882 293 2933 quid
335 2882 540 2924 calculus
582 2882 864 2935 regularum,
908 2883 1118 2923 cumulus
1161 2895 1402 2935 canonum,
1445 2882 1754 2936 amplificacio
1797 2882 1953 2925 decre-

180 2954 343 3003 torum,
376 2955 648 2993 statutorum
680 2965 810 3005 onus,
841 2952 1145 2994 decretalium
1177 2953 1359 3005 pondus
1391 2957 1435 2995 et
1467 2954 1630 3006 quevis
1660 2953 1950 3006 generalium

182 3022 462 3073 synodorum
499 3023 730 3064 diffinicio
766 3023 989 3076 proderit,
1027 3024 1063 3065 si
1101 3023 1304 3065 abfuerit
1339 3027 1496 3076 pastor
1534 3024 1695 3077 bonus,
1730 3025 1951 3077 princeps
