2227 3434
652 189 743 224 1414
777 190 867 224 Nov.
903 190 921 223 1
958 209 998 214 -—
1034 189 1120 224 Dez.
1156 190 1210 223 16.
1730 190 1814 232 383

137 342 145 350 .
178 307 409 351 adunatus
439 308 501 350 ita
532 308 618 350 sub
649 320 743 350 uno
772 308 830 350 ab
861 307 1075 350 omnibus
1109 307 1368 350 indubitato
1398 310 1584 361 pastore
1618 341 1625 349 .
1662 341 1669 349 .
1706 341 1713 349 .
1747 319 1816 349 re-

45 382 193 432 gatur,
222 382 272 421 ut
300 378 669 432 perniciosorum
699 391 913 420 errorum
945 379 1093 432 spine,
1124 379 1171 420 in
1201 379 1371 431 quibus
1402 378 1571 420 misere
1603 381 1816 421 versatur

48 449 262 503 mundus,
287 450 552 492 evellantur
578 462 782 502 ovesque
808 461 980 502 pascue
1009 450 1181 491 domini
1208 462 1295 503 per
1321 450 1540 491 virtutum
1566 452 1699 502 prata
1723 452 1816 490 tam

49 520 303 563 salubriter
344 520 646 573 deducantur,
687 523 737 562 ut
776 520 835 563 ad
876 533 1081 573 superna
1120 533 1294 574 pascua
1334 520 1489 562 divine
1531 520 1724 562 visionis
1767 533 1817 562 ac

48 591 293 634 fruicionis
320 603 412 634 una
440 604 541 633 cum
571 591 810 633 sanctitate
840 594 994 633 vestra
1023 594 1275 644 nostroque
1305 594 1492 644 pastore
1522 591 1724 633 feliciter
1754 592 1818 632 in-

49 661 288 705 ducantur.
327 662 490 704 Amen.

51 756 158 799 Dez.
196 756 248 800 16
285 784 333 788 -
370 757 690 799 JohanneS
743 756 810 799 de
861 756 1195 810 Almaria.¹)

174 826 298 861 Text
319 837 329 860 .·
371 827 442 861 Bre
469 827 498 861 F
523 827 569 861 :28
594 827 620 870 f.
647 827 687 869 4‚·
715 828 740 869 r.
769 827 916 867 55;1)a
947 827 1013 861 :286
1039 826 1064 870 f.
1093 826 1156 864 ⁵21,-
1186 827 1241 860 Νῑι·
1270 827 1315 861 4&
1341 837 1375 869 p.
1404 827 1490 865 397,·
1521 828 1582 861 ,κιρ
1608 828 1654 861 33
1680 826 1706 870 7².
1739 827 1820 863 167.-

59 885 97 917 W
121 885 214 920 4948
237 884 263 928 r.
289 885 376 928 246‚·
408 885 502 919 Wz'lh
529 886 576 920 45
599 884 624 929 f.
649 886 705 919 44.

169 943 467 986 Dominus
508 956 703 997 prope
748 947 855 986 est.
903 944 996 998 (Ad
1030 944 1216 998 Philipp
1250 956 1322 986 ex.
1362 944 1468 987 IIII.
1503 944 1703 998 capitulo
1736 943 1823 985 ori-

50 1014 282 1068 ginaliter,
306 1015 544 1057 recitative
567 1027 680 1057 vero
702 1015 749 1056 in
772 1015 972 1068 epistola
995 1016 1232 1068 presentis
1256 1015 1521 1069 dominice.)
1559 1015 1655 1056 Hec
1677 1014 1821 1056 verba

53 1086 318 1128 scribuntur
353 1086 401 1127 in
440 1086 577 1128 huius
616 1086 775 1127 mundi
814 1086 1027 1129 desertas
1066 1085 1404 1128 sollicitudines
1440 1089 1634 1140 propter
1671 1085 1822 1139 prime

52 1156 170 1210 legis
192 1157 619 1210 prevaricacionem
644 1157 781 1199 simul
806 1170 856 1199 ac
881 1160 1064 1199 nostras
1086 1157 1355 1210 pravitates.
1397 1157 1520 1199 Iusto
1545 1156 1630 1199 Dei
1653 1156 1823 1199 iudicio

53 1228 264 1281 propulsi
289 1231 334 1270 et
356 1227 697 1281 condempnati,
722 1240 844 1270 nunc
867 1228 1081 1270 dolentes
1103 1231 1148 1270 et
1171 1227 1344 1271 flentes
1369 1228 1426 1270 ad
1448 1231 1493 1270 te
1517 1227 1823 1282 confugimus,

53 1312 79 1340 o
102 1298 232 1353 virgo
253 1298 513 1352 benedicta,
539 1299 975 1342 misericordissima
1002 1299 1087 1341 Dei
1111 1302 1272 1352 mater,
1297 1299 1354 1341 ad
1379 1302 1421 1341 te
1446 1300 1698 1341 clamamus
1725 1332 1733 1340 .
1770 1333 1778 1340 .
1814 1333 1821 1340 .

53 1369 328 1413 Beatissime
352 1370 504 1424 pater!
544 1370 680 1413 Alma
707 1373 855 1412 mater
881 1370 1078 1413 ecclesia
1106 1370 1354 1412 adventum
1383 1370 1627 1412 salvatoris
1655 1370 1703 1412 in
1729 1382 1824 1411 car-

53 1453 160 1482 nem
187 1441 385 1495 singulis
410 1440 623 1494 *predicat
652 1441 801 1494 annis,
827 1444 876 1483 et
903 1441 1110 1483 futurum
1140 1441 1311 1484 debitis
1340 1440 1579 1494 obsequiis
1609 1453 1661 1483 ac
1689 1440 1825 1483 devo-

53 1512 112 1554 tis
134 1512 428 1565 sollempniis
447 1514 713 1565 veneratur,
733 1524 827 1554 non
849 1512 972 1565 quod
991 1512 1190 1565 singulis
1209 1513 1345 1554 annis
1365 1511 1564 1565 even-iat,
1585 1511 1709 1565 quod
1728 1514 1826 1554 tan-

53 1586 148 1625 tum
183 1584 329 1626 semel
364 1583 673 1637 contingebat,
709 1586 779 1626 set
811 1595 870 1624 ne
905 1586 1029 1625 tante
1065 1582 1351 1636 dignacionis
1385 1583 1643 1624 misterium
1678 1585 1824 1625 tractu

54 1654 277 1707 temporis
307 1653 636 1697 obliviscamur
668 1691 674 1698 .
712 1688 720 1696 .
756 1655 806 1709 .²)

173 1736 282 1780 Post
302 1736 388 1779 hec
408 1737 498 1779 tria
521 1737 653 1790 signa
675 1736 812 1778 valde
835 1736 1080 1779 sensibilia
1103 1736 1295 1789 adduco,
1318 1749 1407 1789 que
1431 1736 1516 1778 hoc
1539 1735 1824 1778 horrendum

55 1805 273 1849 iudicium
303 1807 363 1849 de
393 1806 608 1860 proximo
639 1819 743 1850 esse
777 1810 1023 1849 venturum
1055 1820 1147 1849 non
1180 1807 1338 1850 multis
1370 1808 1507 1850 annis
1536 1806 1825 1849 tardaturum

55 1876 317 1920 ostendunt.
351 1877 554 1930 Quorum
576 1879 776 1931 primum
798 1881 870 1921 est
890 1878 1239 1921 christianitatis
1260 1877 1495 1920 dissensio
1515 1880 1609 1920 tam
1626 1877 1827 1931 pernici-

56 1961 150 1991 osa.
182 1949 338 1991 Nostis
357 1950 496 2002 enim,
518 1962 623 2002 que,
645 1950 797 2002 qualis
817 1952 865 1991 et
884 1952 1056 2002 quanta
1077 1950 1135 1991 sit
1156 1948 1247 1991 hiis
1266 1948 1432 1992 diebus
1453 1948 1687 1992 dissensio
1705 1948 1827 1990 inter

56 2019 408 2073 ecclesiasticos,
430 2019 551 2062 inter
573 2032 709 2074 reges
728 2023 776 2063 et
793 2020 1031 2073 principes
1056 2054 1064 2062 .
1100 2054 1108 2061 .
1145 2053 1152 2061 .
1190 2019 1355 2062 Dicunt
1375 2019 1576 2073 quidam,
1598 2018 1722 2073 quod
1740 2019 1826 2061 hec

56 2091 303 2143 persuasio
325 2103 419 2133 non
443 2091 581 2144 valet,
607 2091 826 2144 quoniam
852 2090 968 2133 alias
993 2090 1040 2132 in
1066 2091 1178 2132 orbe
1203 2091 1493 2144 permaxime
1519 2090 1712 2132 fuerunt
1736 2090 1826 2132 dis-

57 2162 304 2205 sensiones
322 2165 369 2204 et
386 2161 631 2215 pacificate
652 2165 770 2204 sunt.
804 2160 877 2204 Sic
896 2165 942 2204 et
962 2162 1048 2203 hec
1067 2161 1316 2213 desolacio,
1336 2174 1426 2215 que
1445 2164 1611 2215 regnat
1628 2161 1677 2203 in
1698 2161 1826 2212 orbe,

57 2232 339 2286 quietabitur
373 2236 419 2276 et
452 2245 545 2286 pax
577 2232 861 2275 restituetur.
909 2232 986 2275 Set
1020 2232 1156 2275 valde
1193 2232 1383 2274 dubium
1419 2235 1502 2285 est,
1536 2244 1595 2274 ne
1630 2231 1826 2285 predicti

59 2304 306 2356 loquantur
327 2303 384 2346 de
406 2316 534 2357 pace,
556 2303 613 2345 de
635 2316 726 2357 qua
744 2304 992 2357 propheta:
1028 2316 1135 2356 pax,
1154 2316 1248 2356 pax
1270 2306 1316 2345 et
1336 2316 1429 2345 non
1451 2306 1521 2345 est
1540 2315 1634 2356 pax
1653 2302 1825 2345 Jerem.

58 2374 123 2416 VI
145 2377 190 2416 et
212 2374 327 2416 VIII
351 2375 567 2428 capitulis
591 2377 637 2417 et
661 2374 782 2417 alius
802 2374 1048 2427 propheta:
1089 2374 1204 2417 Ecce
1230 2374 1276 2415 in
1300 2386 1414 2427 pace
1439 2373 1702 2416 amaritudo
1724 2385 1826 2415 mea

57 2444 348 2488 amarissima
380 2445 499 2487 Isaie
527 2444 785 2487 XXXVIII.
829 2445 884 2487 Et
912 2445 1032 2487 circa
1059 2445 1142 2486 hoc
1171 2444 1327 2486 audivi
1358 2457 1384 2487 a
1413 2444 1611 2498 quodam
1641 2443 1826 2486 doctore

58 2527 223 2569 magne
251 2515 375 2558 fame
404 2517 551 2559 nostri
582 2515 737 2568 studii,
767 2516 845 2569 qui
875 2515 989 2558 dixit
1019 2528 1068 2558 se
1098 2515 1332 2558 audivisse
1362 2516 1543 2568 pluries
1573 2528 1599 2557 a
1627 2514 1826 2568 quodam

59 2586 292 2640 episcopo,
314 2586 393 2640 qui
416 2586 504 2629 fuit
528 2587 574 2628 in
598 2589 743 2628 morte
768 2586 920 2628 felicis
944 2585 1287 2628 recordacionis
1311 2585 1485 2628 domini
1510 2585 1725 2639 Gregorii
1748 2585 1826 2627 XI.

59 2657 183 2710 apud
210 2657 415 2710 Romam,
444 2657 569 2710 quod
596 2656 744 2700 dictus
771 2669 894 2711 papa
920 2657 968 2698 in
998 2656 1157 2699 mortis
1187 2656 1381 2698 articulo
1409 2656 1466 2698 de
1496 2656 1584 2698 isto
1613 2656 1826 2699 scismate

59 2727 176 2771 dixit
211 2727 508 2781 concludens,
546 2727 670 2781 quod
707 2726 960 2770 secundum
997 2727 1196 2770 ecclesie
1235 2726 1594 2780 disposicionem
1634 2726 1826 2768 multum

59 2797 263 2850 timebat,
288 2798 410 2851 quod
435 2802 561 2841 esset
587 2798 707 2840 istud
734 2798 899 2840 scisma
922 2810 1217 2851 prosperum,
1244 2798 1360 2839 sicut
1385 2797 1442 2839 de
1470 2798 1682 2839 scismate
1708 2796 1828 2838 inter

180 2965 210 3005 ¹)
247 2963 284 2996 W
317 2965 430 2997 nennt
460 2964 516 2997 als
545 2962 730 3005 Prediqer
759 2961 1016 3003 Hieronymus
1047 2961 1248 3003 Leonardi,
1278 2962 1352 2995 den
1383 2961 1542 2995 Iilekten
1575 2970 1645 2995 con
1674 2958 1827 2994 Rimim.

179 3022 211 3062 2)
248 3020 326 3054 Das
363 3020 502 3054 Thema
536 3020 641 3063 fiihrl
677 3020 741 3054 ihn
775 3020 842 3063 anf
875 3019 938 3054 die
977 3018 1240 3061 Wiederkunfl
1274 3018 1416 3052 Chr-isli
1453 3018 1528 3052 bes.
1564 3018 1615 3051 im
1648 3017 1826 3059 jiinyslen

64 3076 228 3112 Gericht.
