2102 3444
139 128 222 171 ,146
492 128 538 162 ΙΙ.
573 129 782 163 Abschnitt.
825 128 1029 162 Sermones
1059 127 1208 163 concilii
1239 128 1559 165 Constanciensis.

138 247 246 288 ,luni
283 247 320 289 7.
359 275 406 278 -
445 248 477 289 Α
499 261 523 288 ἠ
545 261 567 289 o
589 261 654 300 1²2!
675 261 712 289 m
735 261 757 289 n
776 261 809 289 8.

262 330 284 362 'J'
302 331 386 361 ess
407 339 416 362 .·
456 329 505 362 li'e
529 331 595 363 ωε
616 330 641 371 l'-
666 332 727 364 ‚3:5:
754 331 814 362 ste
837 332 882 363 33
904 329 929 372 f.
959 330 1038 366 1⁸72,-
1074 329 1119 363 ιφ
1142 331 1161 363 ⁷1
1185 330 1210 372 γ’.
1235 333 1296 371 ου,-
1327 331 1364 363 W
1387 331 1479 364 4710
1499 332 1525 373 t.
1557 333 1604 366 13.

256 387 287 419 Ι)
304 397 320 419 1·
338 398 356 420 ιι
375 399 390 419 (-
409 387 430 419 lc
450 397 459 420 .·
503 387 624 419 ll'alrlt
655 388 680 420 Ι.
703 390 735 420 55.
767 389 837 421 103.

257 458 276 498 I
297 471 319 499 η
339 458 362 498 h
384 458 498 499 alt:
542 457 833 511 [Vina-effes&
864 458 1065 510 Reform.

257 540 509 592 Repleti
560 543 699 581 sunt
749 552 958 582 omnes
1007 542 1244 593 spiritu
1295 545 1524 584 sancto.
1574 542 1804 596 Scriptum
1842 546 1910 586 est

140 610 219 652 Act
249 612 291 651 ΙΙ
319 610 607 663 originaliter
633 614 676 652 et
703 611 939 653 recitative
966 611 1012 653 in
1039 613 1237 665 epistola
1264 614 1499 665 presentis
1526 613 1909 659 solemnitatiS...

139 740 248 782 Juni
283 740 319 782 7.
359 767 406 770 —
445 740 639 781 Johan
662 753 683 780 n
709 753 767 782 es
805 740 1125 800 Zacha-rie.

259 822 283 854 'l'
300 832 318 853 c
334 823 383 854 .1·l
404 831 414 854 .·
453 822 507 854 ,wi
534 822 579 855 -1s
603 832 636 864 p.
661 822 739 855 454.

259 893 276 933 I
297 907 318 934 n
339 894 362 934 h
384 906 407 934 α
426 894 437 934 I
456 898 468 934 t
487 907 499 934 .·
536 893 825 946 ΡῘίῃ93ἰῘ63ϊ.

255 976 705 1028 Apparuerunt
763 975 856 1018 eis
916 976 1264 1029 dispertite
1327 976 1544 1029 linque
1606 980 1910 1030 tamquam

138 1046 315 1098 ignes
360 1046 464 1099 (Act
499 1046 540 1086 ΙΙ
571 1050 616 1088 et
645 1047 689 1087 in
720 1046 918 1098 epistola
948 1048 1182 1099 presentis
1214 1047 1518 1101 festivitatis).
1561 1047 1709 1089 Hodie
1739 1047 1911 1089 fratres

138 1116 362 1158 carissimi
395 1118 700 1169 temporalem
733 1117 923 1169 spiritus
956 1119 1100 1159 sancti
1132 1118 1402 1160 missionem
1434 1152 1441 1159 .
1478 1152 1485 1159 .
1522 1152 1530 1159 .

137 1246 348 1288 «11111118.
388 1273 434 1277 -—
473 1247 713 1288 Johann
737 1260 796 1288 cs
843 1248 910 1288 (le
959 1246 1330 1289 Serravalle
1380 1259 1462 1299 el).
1508 1247 1850 1289 Firmanus.

258 1328 382 1361 'sei-t
403 1338 413 1361 .·
452 1328 514 1361 Mn·
543 1329 654 1362 1342]
678 1329 703 1371 f.
729 1330 790 1370 65‚·
816 1328 885 1362 Rei*
907 1329 952 1363 23
975 1328 1000 1371 Τ.
1028 1329 1111 1371 162,·
1138 1328 1200 1362 Sle
1222 1330 1268 1363 33
1290 1329 1316 1372 Ϊ.
1340 1329 1426 1369 272;
1453 1328 1516 1362 Sta
1541 1330 1587 1363 56
1609 1328 1634 1372 f.
1662 1330 1747 1371 116‚·
1773 1328 1824 1362 Τίἱ
1851 1328 1908 1362 Mc

136 1386 203 1419 ἓν»)
224 1385 249 1428 f.
274 1386 335 1419 54.-
364 1386 403 1418 W
424 1386 516 1419 4292
535 1385 562 1428 f.
586 1387 670 1427 15&
694 1386 787 1419 4958
807 1385 833 1429 Ῐ.
855 1386 942 1428 469,-
971 1385 1050 1420 Wlo
1070 1385 1096 1429 Ῐ.
1119 1386 1198 1420 4731.

255 1456 409 1498 Caro
449 1469 576 1498 mea
613 1469 759 1498 vere
797 1460 893 1498 est
933 1456 1136 1509 cibus,
1177 1456 1394 1499 scribitur
1422 1457 1491 1499 J0.
1520 1457 1585 1498 VI
1613 1459 1659 1499 et
1686 1457 1732 1498 in
1761 1467 1911 1497 ewan-

136 1528 258 1580 gelio
288 1527 500 1569 instantis
530 1527 810 1570 festivitatis.
854 1528 911 1570 Ut
944 1527 1114 1570 Christi
1145 1528 1299 1570 carnis
1330 1527 1499 1569 deifice
1531 1539 1713 1569 sacrum
1743 1538 1910 1580 queam

138 1598 408 1651 misterium,
440 1599 563 1651 quod
594 1599 705 1640 latet
735 1598 782 1640 in
813 1599 949 1641 altari
979 1625 1034 1629 -—
1067 1599 1282 1651 quodque
1314 1599 1477 1641 vivens
1508 1598 1706 1640 mirifice
1737 1597 1910 1651 gratias

138 1670 274 1711 datur
295 1670 503 1711 edulium
528 1669 783 1723 discipulis,
808 1669 950 1711 effari
974 1696 1029 1700 ——
1054 1669 1186 1722 virgo
1208 1672 1355 1711 mater
1378 1669 1594 1723 gratifice
1616 1668 1737 1722 fons,
1763 1669 1843 1711 lux
1866 1672 1911 1711 et

138 1741 392 1783 sacrarium
417 1741 555 1782 debet
578 1740 874 1794 pressalutari.
900 1767 954 1771 ——
980 1740 1130 1782 Corde
1157 1740 1295 1794 igitur
1314 1741 1484 1782 *devoto
1504 1743 1551 1782 et
1574 1743 1729 1782 mente
1754 1740 1831 1793 pia
1854 1766 1910 1770 —

138 1811 314 1852 dicatur
342 1811 652 1865 AveMariaff)

255 1881 374 1924 Caro
405 1895 508 1924 mea
538 1895 647 1924 vere
679 1886 751 1925 est
778 1883 923 1935 cibus,
956 1883 1157 1935 capitulo
1189 1886 1234 1924 et
1265 1882 1387 1924 libro
1417 1882 1634 1935 superius
1665 1881 1908 1924 annotatis

136 1953 534 1996 Reverendissimi
567 1957 725 2006 patres
758 1957 802 1995 et
835 1953 1009 1995 domini
1039 1953 1320 2006 cardinales,
1355 1953 1500 1995 seculi
1533 1953 1682 2007 justia)
1715 1952 1909 2005 iudices,

138 2024 373 2076 magnifici
408 2027 451 2066 et
485 2024 658 2077 egregii
695 2024 883 2077 domini,
917 2024 1087 2077 prelati
1120 2023 1518 2077 excellentissimi,
1550 2022 1774 2077 profundi
1809 2022 1910 2065 doc-

137 2097 275 2147 tores,
308 2095 606 2137 venerabiles
639 2099 797 2148 patres
830 2098 874 2137 et
906 2094 1078 2138 fratres
1110 2095 1247 2136 michi
1282 2095 1328 2136 in
1363 2094 1547 2137 Christo
1579 2094 1746 2136 merito
1777 2105 1909 2147 pera-

139 2166 311 2207 mandi!
362 2166 407 2208 Si
443 2166 680 2207 humiliter
716 2170 759 2207 et
796 2166 960 2207 devote
996 2169 1177 2208 nosmet
1212 2165 1339 2219 ipsos
1374 2166 1587 2208 volumus
1623 2164 1826 2218 dirigere
1862 2164 1909 2206 in

138 2249 293 2278 sacros
318 2236 498 2278 codices
522 2240 566 2278 et
590 2237 746 2279 divina
770 2237 956 2289 eloquia
979 2240 1115 2289 atque
1141 2239 1314 2279 attente
1338 2237 1572 2289 speculari
1595 2235 1907 2278 sacratissime

138 2308 290 2349 carnis
319 2307 491 2349 domini
520 2308 665 2349 nostri
694 2307 807 2350 Jesu
836 2307 1005 2349 Christi
1036 2307 1081 2348 in
1110 2307 1270 2350 altaris
1300 2309 1590 2349 sacramento
1617 2305 1909 2360 presenciam

137 2378 403 2430 divinalem,
431 2378 732 2420 existenciam
764 2378 1048 2419 indicibilem
1073 2378 1695 2431 *incomprehensibilemque
1721 2377 1908 2430 penitus

140 2449 393 2490 intellectui
435 2450 650 2500 humano,
693 2449 924 2490 illustrato
964 2449 1201 2490 dumtaxat
1242 2449 1418 2490 lumine
1459 2448 1676 2501 naturali,
1718 2460 1824 2489 mox
1864 2449 1908 2488 et

141 2520 314 2572 liquido
350 2519 484 2561 nobis
521 2520 763 2572 elucescet,
800 2520 923 2572 quod
959 2519 1059 2572 ipsa
1097 2519 1267 2561 Christi
1303 2532 1409 2561 caro
1444 2519 1658 2572 preciosa
1694 2518 1741 2559 in
1777 2529 1907 2560 sacra

138 2591 286 2632 hostia
313 2591 397 2632 sub
424 2590 520 2632 suis
546 2590 749 2643 propriis
775 2589 1021 2642 speciebus
1046 2590 1383 2642 septiformiter
1407 2589 1686 2631 mirabiliter
1709 2599 1907 2642 presens

138 2661 268 2702 adest
309 2660 498 2702 scilicet:
552 2664 741 2713 aspectu
782 2660 1028 2702 invisibilis
1068 2661 1283 2702 humanis
1323 2660 1661 2713 prospectibus,
1697 2661 1906 2701 contactu

140 2732 425 2785 intangibilis
459 2731 707 2773 mundanis
740 2731 1026 2783 corporibus,
1062 2734 1251 2783 capture
1286 2731 1546 2773 illocabalis
1579 2730 1773 2773 abiectis
1805 2741 1906 2783 pro-

137 2802 346 2855 tactibus,
368 2802 573 2844 fractura
596 2802 892 2854 impartibilis
914 2814 1124 2843 connexa
1144 2815 1203 2844 ex
1223 2802 1448 2854 partibus,
1468 2802 1562 2844 «situ
1584 2798 1906 2854 multiplicabi-

139 2874 195 2913 lis
249 2873 449 2915 diversis
502 2872 742 2924 altaribuS,
784 2876 974 2925 pastura
1015 2872 1316 2914 comestibilis
1359 2871 1529 2914 sanctis
1571 2870 1820 2914 affectibus
1862 2871 1907 2912 et

242 2972 271 2990 η»
293 2964 371 2996 seme
394 2965 457 2996 mi,
480 2965 543 2990 13121'.

256 3026 284 3065 ¹)
314 3024 399 3058 Man
429 3024 584 3058 (muclofe
609 3024 671 3057 (lie
696 3024 930 3066 Reimprosa.
