2227 3434
716 139 806 173 1410
828 138 910 172 om.
938 138 980 172 15
1007 159 1048 162 -
1074 138 1162 172 Nov.
1189 139 1243 172 28.
1778 139 1860 180 471

100 256 207 300 Nov.
241 255 310 299 22.
347 283 396 287 —
431 257 797 310 Anovnymus.

218 337 343 370 Ter!
363 347 373 371 :
414 336 465 370 Be
491 338 558 371 632
583 337 608 380 Τ.
638 338 712 370 149.

218 408 239 450 Ι
254 421 282 449 n
300 409 326 450 h
344 421 368 450 α
386 409 399 450 l
416 413 429 449 t
448 422 460 450 .·
501 406 944 460 Eschatoloyisches.

218 502 432 554 Orate,
486 506 709 544 utnon
763 500 882 543 fiat
934 500 1078 554 fuga
1131 505 1343 544 vestra
1396 501 1454 542 in
1506 501 1717 553 hyeme
1769 500 1867 541 vel

102 573 409 615 sabbatho
464 573 596 616 Math.
637 572 834 614 XXIIII.
884 572 1155 622 Audivistis,
1193 575 1351 624 patres
1389 571 1697 624 celeberrimi,
1737 584 1869 613 sacro

101 643 238 686 huius
276 643 503 685 dominice
543 642 781 685 referente
821 642 1079 695 evangelio,
1119 642 1361 684 audivistis
1398 641 1658 684 horrendas
1698 645 1870 694 tempe-

101 717 244 756 states
271 717 317 756 et
344 726 370 756 a
397 714 568 756 seculis
596 713 827 755 inauditas
854 712 1188 755 tribulaciones
1218 746 1225 754 .
1262 746 1269 753 .
1306 747 1313 754 .

220 795 368 838 Stulto
401 807 512 848 ergo
548 795 709 855 labore
745 794 997 847 fatigantur
1033 794 1116 845 illi,
1153 794 1231 846 qui
1261 794 1313 834 ‘in
1349 795 1433 835 hoc
1470 795 1663 835 concilio
1699 793 1870 835 talibus

104 866 348 908 silencium
388 865 630 926 imponere
671 868 884 918 querunt,
926 864 1150 920 dicentes:
1205 877 1298 906 non
1341 864 1425 906 fiat
1466 865 1646 906 mencio
1687 864 1744 905 de
1786 863 1870 905 hac

105 936 297 979 materia
324 948 476 989 neque
505 936 561 978 de
591 937 684 978 illa.
723 936 849 988 Quis,
876 947 1035 987 queso,
1056 933 1267 976 'vestrum
1295 934 1571 976 domesticos
1598 947 1736 976 canes
1762 937 1872 975 tam-

105 1019 240 1060 quam
264 1007 453 1049 inutiles
473 1020 567 1049 non
587 1007 869 1060 obiurgaret,
893 1007 929 1048 si
955 1006 1011 1048 ad
1035 1018 1273 1047 occursum
1296 1005 1534 1047 cuiusdam
1557 1005 1624 1046 rei
1648 1004 1873 1046 deformis

105 1081 150 1120 et
172 1078 362 1121 resolite
384 1090 478 1120 non
501 1078 727 1126 latrarent
750 1111 758 1118 .
795 1111 802 1118 .
838 1111 846 1119 .
882 1077 981 1118 Non
1003 1079 1074 1118 est
1098 1089 1208 1129 ergo
1232 1075 1507 1127 mirandum,
1533 1076 1569 1117 si
1596 1076 1641 1117 in
1664 1076 1747 1117 hoc
1770 1088 1873 1116 con—

104 1148 210 1190 cilio
234 1149 427 1190 latratus
453 1148 701 1204 multorum
727 1151 773 1189 et
798 1148 1025 1189 clamores
1051 1147 1312 1198 audiantur,
1338 1147 1416 1187 ubi
1444 1147 1589 1188 tocius
1617 1146 1874 1187 christiani-

104 1218 209 1261 tatis
237 1222 442 1261 monstra
471 1218 762 1260 deferuntur.

105 1371 214 1415 Nov.
249 1371 316 1415 28.
355 1399 403 1403 —
441 1372 796 1414 Zabarella.

226 1453 251 1487 T
267 1455 352 1487 ear!
372 1463 382 1487 .·
420 1452 628 1496 Κό·.-11Ῐ1ον
656 1454 720 1488 146·
742 1454 768 1496 f.
792 1454 847 1487 20.

226 1524 290 1567 In
308 1525 332 1572 h
353 1538 377 1567 a
395 1526 407 1567 l
425 1530 468 1567 t:
508 1525 730 1567 Arbeiten
761 1525 844 1566 der
871 1523 1381 1566 Uniovzs-Kommission
1411 1522 1487 1576 filo·
1515 1523 1605 1564 den
1633 1521 1878 1563 Benedild-

107 1594 342 1649 ProzelP).

231 1689 323 1745 Infl)
361 1689 505 1731 sacris
540 1689 893 1742 voluminibus2)
931 1689 1143 1742 legimus,
1179 1688 1302 1741 quod
1337 1688 1463 1730 Deus
1497 1699 1589 1728 non
1624 1686 1720 1727 vult
1754 1686 1880 1727 holo-

108 1763 265 1803 causta
297 1763 342 1802 et
373 1760 581 1802 victimas
615 1763 684 1802 set
716 1759 889 1812 pocius,
924 1762 970 1800 ut
1003 1758 1248 1800 obediatur
1279 1756 1418 1811 voci¹')
1456 1758 1569 1799 cius.
1615 1757 1712 1808 Quo
1746 1756 1879 1797 docu-

111 1834 266 1873 mento
303 1830 488 1881 eruditi,
528 1834 685 1883 patres
724 1834 770 1872 et
809 1830 982 1872 domini
1023 1830 1128 1881 mei,
1168 1830 1241 1871 hic
1279 1841 1433 1871 coram
1474 1826 1881 1869 reverendissimis

111 1901 469 1954 paternitatibus
492 1902 662 1943 vestris
685 1905 731 1943 et
756 1913 908 1942 coram
935 1901 1018 1942 hac
1043 1913 1173 1942 sacra
1200 1899 1376 1952 synodo
1401 1902 1606 1941 astantes
1632 1896 1881 1939 commissi-

111 1984 246 2014 onem
271 1973 435 2025 paucis
461 1975 568 2014 ante
597 1971 764 2014 diebus
791 1984 876 2024 per
904 1971 1095 2013 easdem
1121 1983 1164 2023 p.
1194 1984 1233 2012 v.
1262 1971 1332 2012 eis
1359 1970 1526 2012 factam
1557 1969 1660 2010 licet
1689 1968 1880 2010 arduam

111 2055 212 2084 cum
245 2044 368 2085 omni
401 2042 659 2085 humilitate
693 2046 736 2084 et
769 2041 1131 2095 promptitudine
1166 2044 1457 2093 acceperunt.
1503 2039 1726 2091 Scientes,
1760 2037 1881 2091 quod

114 2126 215 2155 cum
239 2113 439 2156 dictante
466 2113 632 2167 spiritu
658 2116 814 2155 sancto
840 2114 883 2154 in
912 2113 1029 2155 hanc
1054 2125 1231 2154 sacram
1258 2115 1302 2152 et
1327 2111 1641 2152 universalem
1669 2109 1882 2151 sinodum

112 2184 376 2238 congregati
402 2185 504 2227 sitis
527 2184 585 2225 ad
608 2183 949 2237 perficiendum
975 2195 1091 2236 opus
1117 2183 1216 2234 Dei,
1242 2182 1462 2235 precipue
1488 2181 1584 2234 ad¹‘)
1612 2180 1882 2233 extinguen-

114 2254 221 2296 dum
257 2254 468 2297 funditus
504 2254 781 2307 pestiferum
817 2257 863 2296 et
898 2253 1166 2295 diuturnum
1204 2253 1369 2295 scisma
1404 2252 1602 2293 ecclesie
1642 2252 1882 2303 ipsamque

114 2325 358 2368 ecclesiam
394 2325 644 2367 uniendam
683 2324 1078 2377 extirpandasque
1116 2324 1323 2365 hereses.
1372 2322 1604 2374 Quidquid
1642 2320 1884 2371 mandatis,

117 2396 174 2438 ab
212 2396 314 2449 ipso
354 2396 452 2438 Deo
490 2395 755 2437 mandatum
793 2407 899 2437 esse
939 2395 1104 2436 merito
1143 2393 1427 2435 censendum
1467 2396 1549 2434 est.
1602 2392 1654 2433 Et
1695 2392 1754 2433 ita
1794 2391 1880 2444 ipsi

117 2466 289 2509 domini
332 2467 421 2508 mei
463 2467 564 2508 sine
608 2466 747 2507 dubio
788 2465 1115 2508 existimantes
1150 2478 1199 2506 ac
1241 2465 1341 2506 sine
1384 2464 1613 2505 dilacione
1657 2461 1884 2504 mandatis

115 2538 284 2579 vestris
318 2549 486 2590 parere
520 2537 730 2578 volentes
765 2536 1042 2578 continuatis
1075 2535 1241 2577 diebus
1275 2535 1375 2576 sine
1410 2534 1505 2576 ulla
1540 2532 1884 2575 intermissione

116 2608 384 2650 institerunt
424 2608 469 2649 in
511 2608 785 2661 exe-cutione
828 2607 914 2649 sibi
956 2606 1305 2648 commissorum
1346 2608 1390 2646 et
1434 2605 1531 2646 Deo
1572 2604 1759 2645 favente
1801 2615 1885 2655 pro

221 2753 251 2775 a)
277 2740 500 2778 Chen-schrift:
541 2746 670 2773 mutacio
694 2747 780 2772 sucta
814 2752 871 2779 luci·
899 2744 1208 2771 venerandissimum
1243 2743 1409 2769 [luminum
1441 2742 1641 2769 cardinalem
1667 2740 1886 2767 florentinum

116 2793 312 2821 vonstancie
339 2793 369 2820 in
397 2792 530 2827 publicu
567 2792 715 2820 sessione
741 2792 794 2819 «lio
821 2791 950 2819 sabbati
982 2795 1023 2817 ΖΝ.
1053 2791 1173 2818 niensis
1202 2789 1396 2817 Nomium-is
1425 2790 1539 2816 contra
1571 2789 1698 2814 1¹¹·t1'nni
1730 2787 1768 2813 ὼ·
1795 2787 1889 2817 Luna,

116 2842 213 2875 prout
236 2840 266 2868 in
290 2840 384 2867 actis.
462 2840 494 2866 b·
519 2841 562 2867 lle
584 2839 662 2866 voti.
737 2847 765 2866 ci
790 2840 834 2866 113
856 2846 929 2872 quo.

235 2901 266 2942 ¹)
308 2901 380 2942 isql.
408 2901 501 2934 daza
531 2900 594 2934 die
623 2899 869 2942 Dar-stelluny
898 2899 934 2932 ιή
963 2899 1037 2932 den
1068 2897 1182 2931 Gesta
1212 2897 1361 2931 concilii
1391 2895 1599 2935 Fillaslres,
1630 2893 1656 2926 Ι.
1685 2891 1884 2926 :lb-schne'll

120 2959 153 2992 S.
179 2960 222 2993 77
244 2959 288 3001 H.

237 3027 333 3071 ²)I's.
359 3029 414 3068 50,
443 3028 494 3063 17.
