<?xml version="1.0" encoding="UTF-8"?>
<!DOCTYPE html PUBLIC "-//W3C//DTD XHTML 1.0 Transitional//EN"
    "http://www.w3.org/TR/xhtml1/DTD/xhtml1-transitional.dtd">
<html xmlns="http://www.w3.org/1999/xhtml" xml:lang="en" lang="en">
 <head>
  <title>
</title>
<meta http-equiv="Content-Type" content="text/html;charset=utf-8" />
  <meta name='ocr-system' content='tesseract 3.04.00' />
  <meta name='ocr-capabilities' content='ocr_page ocr_carea ocr_par ocr_line ocrx_word'/>
</head>
<body>
  <div class='ocr_page' id='page_1' title='image "./actaconciliicons02counuoft/actaconciliicons02counuoft_0719.png"; bbox 0 0 2227 3434; ppageno 0'>
   <div class='ocr_carea' id='block_1_1' title="bbox 2 3023 7 3198">
    <p class='ocr_par' dir='ltr' id='par_1_1' title="bbox 0 2993 7 3198">
     <span class='ocr_line' id='line_1_1' title="bbox 2 3023 7 3198; baseline 0 -15"><span class='ocrx_word' id='word_1_1' title='bbox 2 3023 7 3198; x_wconf 77' lang='grc' dir='ltr'>ῑ</span> 
     </span>
    </p>
   </div>
   <div class='ocr_carea' id='block_1_2' title="bbox 0 3189 11 3434">
    <p class='ocr_par' dir='ltr' id='par_1_2' title="bbox 0 3189 37 3434">
     <span class='ocr_line' id='line_1_2' title="bbox 0 3189 11 3434; baseline 0 -41"><span class='ocrx_word' id='word_1_2' title='bbox 0 3189 11 3434; x_wconf 70' lang='lat' dir='ltr'>l</span> 
     </span>
    </p>
   </div>
   <div class='ocr_carea' id='block_1_3' title="bbox 228 116 1877 166">
    <p class='ocr_par' dir='ltr' id='par_1_3' title="bbox 228 116 1877 166">
     <span class='ocr_line' id='line_1_3' title="bbox 228 116 1877 166; baseline 0.001 -11"><span class='ocrx_word' id='word_1_3' title='bbox 228 117 267 155; x_wconf 88' lang='lat' dir='ltr'>C.</span> <span class='ocrx_word' id='word_1_4' title='bbox 309 119 385 155; x_wconf 84' lang='lat' dir='ltr'>Der</span> <span class='ocrx_word' id='word_1_5' title='bbox 410 118 648 156; x_wconf 81' lang='lat' dir='ltr'>literarische</span> <span class='ocrx_word' id='word_1_6' title='bbox 676 120 818 165; x_wconf 81' lang='lat' dir='ltr'>Kampf</span> <span class='ocrx_word' id='word_1_7' title='bbox 843 132 904 156; x_wconf 89' lang='lat' dir='ltr'>um</span> <span class='ocrx_word' id='word_1_8' title='bbox 933 121 996 156; x_wconf 88' lang='lat' dir='ltr'>die</span> <span class='ocrx_word' id='word_1_9' title='bbox 1022 122 1195 165; x_wconf 83' lang='lat' dir='ltr'>Stellung</span> <span class='ocrx_word' id='word_1_10' title='bbox 1221 123 1289 156; x_wconf 88' lang='lat' dir='ltr'>des</span> <span class='ocrx_word' id='word_1_11' title='bbox 1317 116 1475 165; x_wconf 84' lang='lat' dir='ltr'>Papstes</span> <span class='ocrx_word' id='word_1_12' title='bbox 1501 132 1584 156; x_wconf 88' lang='lat' dir='ltr'>zum</span> <span class='ocrx_word' id='word_1_13' title='bbox 1615 123 1759 157; x_wconf 88' lang='lat' dir='ltr'>Konzil.</span> <span class='ocrx_word' id='word_1_14' title='bbox 1794 123 1877 166; x_wconf 84' lang='lat'>705</span> 
     </span>
    </p>
   </div>
   <div class='ocr_carea' id='block_1_4' title="bbox 109 239 1907 705">
    <p class='ocr_par' dir='ltr' id='par_1_4' title="bbox 109 239 1907 705">
     <span class='ocr_line' id='line_1_4' title="bbox 111 239 1878 293; baseline 0.001 -12"><span class='ocrx_word' id='word_1_15' title='bbox 111 251 315 281; x_wconf 84' lang='lat' dir='ltr'>servare.</span> <span class='ocrx_word' id='word_1_16' title='bbox 358 239 405 282; x_wconf 88' lang='lat' dir='ltr'>Si</span> <span class='ocrx_word' id='word_1_17' title='bbox 437 252 550 293; x_wconf 88' lang='lat' dir='ltr'>ergo</span> <span class='ocrx_word' id='word_1_18' title='bbox 580 240 664 281; x_wconf 93' lang='lat' dir='ltr'>hoc</span> <span class='ocrx_word' id='word_1_19' title='bbox 695 252 789 281; x_wconf 92' lang='lat' dir='ltr'>non</span> <span class='ocrx_word' id='word_1_20' title='bbox 819 240 941 293; x_wconf 83' lang='lat' dir='ltr'>facit,</span> <span class='ocrx_word' id='word_1_21' title='bbox 972 240 1099 282; x_wconf 92' lang='lat' dir='ltr'>venit</span> <span class='ocrx_word' id='word_1_22' title='bbox 1129 239 1396 293; x_wconf 91' lang='lat' dir='ltr'>puniendus</span> <span class='ocrx_word' id='word_1_23' title='bbox 1424 240 1680 283; x_wconf 89' lang='lat' dir='ltr'>secundum</span> <span class='ocrx_word' id='word_1_24' title='bbox 1712 240 1878 282; x_wconf 92' lang='lat' dir='ltr'>dictam</span> 
     </span>
     <span class='ocr_line' id='line_1_5' title="bbox 110 309 1877 364; baseline 0.001 -14"><span class='ocrx_word' id='word_1_25' title='bbox 110 309 275 362; x_wconf 87' lang='lat' dir='ltr'>legem.</span> <span class='ocrx_word' id='word_1_26' title='bbox 314 310 382 351; x_wconf 89' lang='lat' dir='ltr'>Ex</span> <span class='ocrx_word' id='word_1_27' title='bbox 406 309 651 362; x_wconf 83' lang='lat' dir='ltr'>premissis</span> <span class='ocrx_word' id='word_1_28' title='bbox 677 347 684 353; x_wconf 92' lang='lat'>.</span> <span class='ocrx_word' id='word_1_29' title='bbox 722 344 730 352; x_wconf 93' lang='lat'><strong>.</strong></span> <span class='ocrx_word' id='word_1_30' title='bbox 766 343 774 352; x_wconf 91' lang='lat'><strong>.</strong></span> <span class='ocrx_word' id='word_1_31' title='bbox 800 314 951 363; x_wconf 89' lang='lat' dir='ltr'>potest</span> <span class='ocrx_word' id='word_1_32' title='bbox 975 311 1080 352; x_wconf 89' lang='lat' dir='ltr'>elici</span> <span class='ocrx_word' id='word_1_33' title='bbox 1108 344 1116 352; x_wconf 95' lang='lat'><strong>.</strong></span> <span class='ocrx_word' id='word_1_34' title='bbox 1152 344 1160 352; x_wconf 92' lang='lat'><strong><em>.</em></strong></span> <span class='ocrx_word' id='word_1_35' title='bbox 1196 344 1219 364; x_wconf 94' lang='lat'>.,</span> <span class='ocrx_word' id='word_1_36' title='bbox 1246 311 1371 364; x_wconf 94' lang='lat' dir='ltr'>quod</span> <span class='ocrx_word' id='word_1_37' title='bbox 1394 323 1487 353; x_wconf 92' lang='lat' dir='ltr'>non</span> <span class='ocrx_word' id='word_1_38' title='bbox 1511 314 1583 352; x_wconf 92' lang='lat' dir='ltr'>est</span> <span class='ocrx_word' id='word_1_39' title='bbox 1607 311 1877 363; x_wconf 89' lang='lat' dir='ltr'>hereticum,</span> 
     </span>
     <span class='ocr_line' id='line_1_6' title="bbox 109 380 1877 434; baseline 0.001 -13"><span class='ocrx_word' id='word_1_40' title='bbox 109 392 262 432; x_wconf 91' lang='lat' dir='ltr'>ymmo</span> <span class='ocrx_word' id='word_1_41' title='bbox 293 392 455 421; x_wconf 90' lang='lat' dir='ltr'>verum</span> <span class='ocrx_word' id='word_1_42' title='bbox 489 384 532 422; x_wconf 92' lang='lat' dir='ltr'>et</span> <span class='ocrx_word' id='word_1_43' title='bbox 566 380 862 432; x_wconf 87' lang='lat' dir='ltr'>katholicum,</span> <span class='ocrx_word' id='word_1_44' title='bbox 898 381 1020 434; x_wconf 88' lang='lat' dir='ltr'>quod</span> <span class='ocrx_word' id='word_1_45' title='bbox 1055 381 1101 422; x_wconf 90' lang='lat' dir='ltr'>in</span> <span class='ocrx_word' id='word_1_46' title='bbox 1135 381 1291 424; x_wconf 87' lang='lat' dir='ltr'>multis</span> <span class='ocrx_word' id='word_1_47' title='bbox 1327 381 1384 423; x_wconf 90' lang='lat' dir='ltr'>sit</span> <span class='ocrx_word' id='word_1_48' title='bbox 1418 394 1597 424; x_wconf 89' lang='lat' dir='ltr'>sacrum</span> <span class='ocrx_word' id='word_1_49' title='bbox 1631 382 1877 423; x_wconf 90' lang='lat' dir='ltr'>concilium</span> 
     </span>
     <span class='ocr_line' id='line_1_7' title="bbox 110 451 1907 505; baseline 0.001 -13"><span class='ocrx_word' id='word_1_50' title='bbox 110 463 252 503; x_wconf 87' lang='lat' dir='ltr'>supra</span> <span class='ocrx_word' id='word_1_51' title='bbox 271 463 454 504; x_wconf 88' lang='lat' dir='ltr'>papam,</span> <span class='ocrx_word' id='word_1_52' title='bbox 476 451 744 503; x_wconf 75' lang='lat' dir='ltr'>quinymmo</span> <span class='ocrx_word' id='word_1_53' title='bbox 763 451 919 493; x_wconf 78' lang='lat' dir='ltr'>dicere</span> <span class='ocrx_word' id='word_1_54' title='bbox 942 451 1202 504; x_wconf 91' lang='lat' dir='ltr'>oppositum</span> <span class='ocrx_word' id='word_1_55' title='bbox 1224 452 1406 494; x_wconf 78' lang='lat' dir='ltr'>videtur</span> <span class='ocrx_word' id='word_1_56' title='bbox 1426 451 1754 505; x_wconf 87' lang='lat' dir='ltr'>periculosum,</span> <span class='ocrx_word' id='word_1_57' title='bbox 1775 464 1877 493; x_wconf 92' lang='lat' dir='ltr'>cum</span> <span class='ocrx_word' id='word_1_58' title='bbox 1903 485 1907 486; x_wconf 16' lang='grc' dir='ltr'><em>ν</em></span> 
     </span>
     <span class='ocr_line' id='line_1_8' title="bbox 109 521 1878 575; baseline 0.001 -13"><span class='ocrx_word' id='word_1_59' title='bbox 109 521 369 563; x_wconf 82' lang='lat' dir='ltr'>ultimatum</span> <span class='ocrx_word' id='word_1_60' title='bbox 393 521 625 575; x_wconf 80' lang='lat' dir='ltr'>refugium</span> <span class='ocrx_word' id='word_1_61' title='bbox 648 522 846 563; x_wconf 81' lang='lat' dir='ltr'>ecclesie</span> <span class='ocrx_word' id='word_1_62' title='bbox 874 522 919 562; x_wconf 92' lang='lat' dir='ltr'>in</span> <span class='ocrx_word' id='word_1_63' title='bbox 945 522 1104 564; x_wconf 83' lang='lat' dir='ltr'>arduis</span> <span class='ocrx_word' id='word_1_64' title='bbox 1126 525 1172 564; x_wconf 92' lang='lat' dir='ltr'>et</span> <span class='ocrx_word' id='word_1_65' title='bbox 1195 522 1465 575; x_wconf 82' lang='lat' dir='ltr'>grandibus,</span> <span class='ocrx_word' id='word_1_66' title='bbox 1490 522 1878 564; x_wconf 76' lang='lat' dir='ltr'>concernentibus</span> 
     </span>
     <span class='ocr_line' id='line_1_9' title="bbox 110 591 1877 647; baseline 0.001 -14"><span class='ocrx_word' id='word_1_67' title='bbox 110 591 253 633; x_wconf 78' lang='lat' dir='ltr'>tidem</span> <span class='ocrx_word' id='word_1_68' title='bbox 275 596 322 635; x_wconf 90' lang='lat' dir='ltr'>et</span> <span class='ocrx_word' id='word_1_69' title='bbox 344 595 511 634; x_wconf 88' lang='lat' dir='ltr'>statum</span> <span class='ocrx_word' id='word_1_70' title='bbox 532 592 744 645; x_wconf 83' lang='lat' dir='ltr'>ecclesie,</span> <span class='ocrx_word' id='word_1_71' title='bbox 766 592 957 634; x_wconf 86' lang='lat' dir='ltr'>fuerunt</span> <span class='ocrx_word' id='word_1_72' title='bbox 980 592 1148 634; x_wconf 92' lang='lat' dir='ltr'>iudicia</span> <span class='ocrx_word' id='word_1_73' title='bbox 1170 605 1262 634; x_wconf 94' lang='lat' dir='ltr'>non</span> <span class='ocrx_word' id='word_1_74' title='bbox 1284 605 1420 646; x_wconf 88' lang='lat' dir='ltr'>pape,</span> <span class='ocrx_word' id='word_1_75' title='bbox 1444 593 1527 635; x_wconf 90' lang='lat' dir='ltr'>sed</span> <span class='ocrx_word' id='word_1_76' title='bbox 1550 593 1717 635; x_wconf 89' lang='lat' dir='ltr'>iudicia</span> <span class='ocrx_word' id='word_1_77' title='bbox 1739 605 1877 647; x_wconf 87' lang='lat' dir='ltr'>gene-</span> 
     </span>
     <span class='ocr_line' id='line_1_10' title="bbox 109 661 713 705; baseline 0.003 -3"><span class='ocrx_word' id='word_1_78' title='bbox 109 661 276 703; x_wconf 88' lang='lat' dir='ltr'>ralium</span> <span class='ocrx_word' id='word_1_79' title='bbox 305 662 602 705; x_wconf 90' lang='lat' dir='ltr'>conciliorum</span> <span class='ocrx_word' id='word_1_80' title='bbox 631 665 713 704; x_wconf 85' lang='lat' dir='ltr'>ete.</span> 
     </span>
    </p>
   </div>
   <div class='ocr_carea' id='block_1_5' title="bbox 102 803 1878 2057">
    <p class='ocr_par' dir='ltr' id='par_1_5' title="bbox 109 803 1878 930">
     <span class='ocr_line' id='line_1_11' title="bbox 109 803 1878 858; baseline 0.001 -13"><span class='ocrx_word' id='word_1_81' title='bbox 109 816 144 846; x_wconf 90' lang='lat' dir='ltr'>c.</span> <span class='ocrx_word' id='word_1_82' title='bbox 201 804 296 846; x_wconf 88' lang='lat' dir='ltr'>Der</span> <span class='ocrx_word' id='word_1_83' title='bbox 335 803 903 847; x_wconf 84' lang='lat' dir='ltr'>Dominikaner-General</span> <span class='ocrx_word' id='word_1_84' title='bbox 943 804 1157 847; x_wconf 82' lang='lat' dir='ltr'>Leonard</span> <span class='ocrx_word' id='word_1_85' title='bbox 1198 803 1370 847; x_wconf 83' lang='lat' dir='ltr'>Statius</span> <span class='ocrx_word' id='word_1_86' title='bbox 1413 806 1507 848; x_wconf 80' lang='lat' dir='ltr'>und</span> <span class='ocrx_word' id='word_1_87' title='bbox 1546 805 1648 848; x_wconf 88' lang='lat' dir='ltr'>sein</span> <span class='ocrx_word' id='word_1_88' title='bbox 1690 804 1878 858; x_wconf 84' lang='lat' dir='ltr'>Gegner</span> 
     </span>
     <span class='ocr_line' id='line_1_12' title="bbox 138 863 1431 930; baseline 0.002 -14"><span class='ocrx_word' id='word_1_89' title='bbox 138 863 142 867; x_wconf 87' lang='grc'><strong>’</strong></span> <span class='ocrx_word' id='word_1_90' title='bbox 552 874 690 930; x_wconf 79' lang='lat'>(1416</span> <span class='ocrx_word' id='word_1_91' title='bbox 727 874 932 918; x_wconf 78' lang='lat' dir='ltr'>Oktober</span> <span class='ocrx_word' id='word_1_92' title='bbox 971 901 1023 905; x_wconf 86' lang='lat'>—</span> <span class='ocrx_word' id='word_1_93' title='bbox 1062 874 1172 918; x_wconf 78' lang='lat'>1417</span> <span class='ocrx_word' id='word_1_94' title='bbox 1209 875 1431 930; x_wconf 75' lang='lat' dir='ltr'>Anfang).</span> 
     </span>
    </p>

    <p class='ocr_par' dir='ltr' id='par_1_6' title="bbox 235 943 1546 987">
     <span class='ocr_line' id='line_1_13' title="bbox 235 943 1546 987; baseline 0.002 -11"><span class='ocrx_word' id='word_1_95' title='bbox 235 943 411 986; x_wconf 60' lang='lat' dir='ltr'>l‘enediq,</span> <span class='ocrx_word' id='word_1_96' title='bbox 442 944 536 978; x_wconf 76' lang='lat' dir='ltr'>Bibl.</span> <span class='ocrx_word' id='word_1_97' title='bbox 567 943 759 978; x_wconf 78' lang='lat' dir='ltr'>Marciana</span> <span class='ocrx_word' id='word_1_98' title='bbox 789 944 877 978; x_wconf 78' lang='lat' dir='ltr'>Cocl.</span> <span class='ocrx_word' id='word_1_99' title='bbox 908 945 968 979; x_wconf 73' lang='lat' dir='ltr'>lat.</span> <span class='ocrx_word' id='word_1_100' title='bbox 998 944 1078 986; x_wconf 82' lang='lat' dir='ltr'>XX,</span> <span class='ocrx_word' id='word_1_101' title='bbox 1106 945 1174 979; x_wconf 68' lang='lat'>250</span> <span class='ocrx_word' id='word_1_102' title='bbox 1202 946 1278 979; x_wconf 76' lang='lat' dir='ltr'>und</span> <span class='ocrx_word' id='word_1_103' title='bbox 1309 946 1370 980; x_wconf 79' lang='lat' dir='ltr'>Ial.</span> <span class='ocrx_word' id='word_1_104' title='bbox 1399 945 1464 987; x_wconf 76' lang='lat'>11&#39;,</span> <span class='ocrx_word' id='word_1_105' title='bbox 1492 945 1546 979; x_wconf 73' lang='lat'>92.</span> 
     </span>
    </p>

    <p class='ocr_par' dir='ltr' id='par_1_7' title="bbox 247 1014 1736 1200">
     <span class='ocr_line' id='line_1_14' title="bbox 251 1014 1736 1069; baseline 0.001 -12"><span class='ocrx_word' id='word_1_106' title='bbox 251 1015 287 1057; x_wconf 94' lang='lat'>1.</span> <span class='ocrx_word' id='word_1_107' title='bbox 338 1014 542 1066; x_wconf 84' lang='lat' dir='ltr'>Quatuor</span> <span class='ocrx_word' id='word_1_108' title='bbox 575 1016 869 1058; x_wconf 79' lang='lat' dir='ltr'>asserciones</span> <span class='ocrx_word' id='word_1_109' title='bbox 903 1016 1054 1068; x_wconf 79' lang='lat' dir='ltr'>posite</span> <span class='ocrx_word' id='word_1_110' title='bbox 1089 1019 1134 1058; x_wconf 90' lang='lat' dir='ltr'>et</span> <span class='ocrx_word' id='word_1_111' title='bbox 1167 1015 1402 1069; x_wconf 87' lang='lat' dir='ltr'>publicate</span> <span class='ocrx_word' id='word_1_112' title='bbox 1437 1016 1484 1058; x_wconf 88' lang='lat' dir='ltr'>in</span> <span class='ocrx_word' id='word_1_113' title='bbox 1520 1028 1736 1059; x_wconf 85' lang='lat' dir='ltr'>sermone</span> 
     </span>
     <span class='ocr_line' id='line_1_15' title="bbox 247 1085 1734 1139; baseline -0.001 -11"><span class='ocrx_word' id='word_1_114' title='bbox 247 1085 373 1129; x_wconf 88' lang='lat' dir='ltr'>beati</span> <span class='ocrx_word' id='word_1_115' title='bbox 419 1085 657 1128; x_wconf 86' lang='lat' dir='ltr'>Francisci</span> <span class='ocrx_word' id='word_1_116' title='bbox 706 1097 791 1138; x_wconf 88' lang='lat' dir='ltr'>per</span> <span class='ocrx_word' id='word_1_117' title='bbox 838 1086 1107 1139; x_wconf 79' lang='lat' dir='ltr'>generalem</span> <span class='ocrx_word' id='word_1_118' title='bbox 1157 1087 1337 1129; x_wconf 84' lang='lat' dir='ltr'>ordinis</span> <span class='ocrx_word' id='word_1_119' title='bbox 1385 1086 1734 1130; x_wconf 83' lang='lat' dir='ltr'>Predicatorum</span> 
     </span>
     <span class='ocr_line' id='line_1_16' title="bbox 652 1156 1327 1200; baseline 0.001 -1"><span class='ocrx_word' id='word_1_120' title='bbox 652 1157 699 1199; x_wconf 92' lang='lat' dir='ltr'>in</span> <span class='ocrx_word' id='word_1_121' title='bbox 731 1156 924 1200; x_wconf 87' lang='lat' dir='ltr'>concilio</span> <span class='ocrx_word' id='word_1_122' title='bbox 956 1156 1327 1200; x_wconf 87' lang='lat' dir='ltr'>Constanciensi:</span> 
     </span>
    </p>

    <p class='ocr_par' dir='ltr' id='par_1_8' title="bbox 107 1226 1877 1421">
     <span class='ocr_line' id='line_1_17' title="bbox 223 1226 1876 1281; baseline 0.001 -13"><span class='ocrx_word' id='word_1_123' title='bbox 223 1226 395 1269; x_wconf 89' lang='lat' dir='ltr'>Prima:</span> <span class='ocrx_word' id='word_1_124' title='bbox 424 1226 620 1281; x_wconf 85' lang='lat' dir='ltr'>Gladii¹)</span> <span class='ocrx_word' id='word_1_125' title='bbox 649 1227 906 1280; x_wconf 91' lang='lat' dir='ltr'>spiritualis</span> <span class='ocrx_word' id='word_1_126' title='bbox 932 1240 1151 1281; x_wconf 90' lang='lat' dir='ltr'>suprema</span> <span class='ocrx_word' id='word_1_127' title='bbox 1175 1231 1381 1281; x_wconf 84' lang='lat' dir='ltr'>potesta-s</span> <span class='ocrx_word' id='word_1_128' title='bbox 1408 1227 1582 1270; x_wconf 83' lang='lat' dir='ltr'>residet</span> <span class='ocrx_word' id='word_1_129' title='bbox 1608 1229 1654 1269; x_wconf 90' lang='lat' dir='ltr'>in</span> <span class='ocrx_word' id='word_1_130' title='bbox 1680 1227 1876 1269; x_wconf 88' lang='lat' dir='ltr'>ecclesia</span> 
     </span>
     <span class='ocr_line' id='line_1_18' title="bbox 107 1297 1877 1352; baseline 0.001 -14"><span class='ocrx_word' id='word_1_131' title='bbox 107 1297 322 1341; x_wconf 73' lang='lat' dir='ltr'>militanti</span> <span class='ocrx_word' id='word_1_132' title='bbox 362 1297 743 1351; x_wconf 88' lang='lat' dir='ltr'>inseperabiliter</span> <span class='ocrx_word' id='word_1_133' title='bbox 783 1299 935 1352; x_wconf 86' lang='lat' dir='ltr'>quoad</span> <span class='ocrx_word' id='word_1_134' title='bbox 976 1298 1355 1351; x_wconf 84' lang='lat' dir='ltr'>iurisdictionem,</span> <span class='ocrx_word' id='word_1_135' title='bbox 1396 1299 1727 1352; x_wconf 85' lang='lat' dir='ltr'>separabiliter</span> <span class='ocrx_word' id='word_1_136' title='bbox 1766 1311 1877 1340; x_wconf 87' lang='lat' dir='ltr'>vero</span> 
     </span>
     <span class='ocr_line' id='line_1_19' title="bbox 107 1368 627 1421; baseline 0.002 -11"><span class='ocrx_word' id='word_1_137' title='bbox 107 1368 259 1421; x_wconf 91' lang='lat' dir='ltr'>quoad</span> <span class='ocrx_word' id='word_1_138' title='bbox 284 1369 627 1411; x_wconf 87' lang='lat' dir='ltr'>execucionem.</span> 
     </span>
    </p>

    <p class='ocr_par' dir='ltr' id='par_1_9' title="bbox 107 1438 1878 1566">
     <span class='ocr_line' id='line_1_20' title="bbox 223 1438 1878 1493; baseline 0.001 -12"><span class='ocrx_word' id='word_1_139' title='bbox 223 1438 452 1482; x_wconf 89' lang='lat' dir='ltr'>Secunda:</span> <span class='ocrx_word' id='word_1_140' title='bbox 479 1439 634 1482; x_wconf 91' lang='lat' dir='ltr'>Gladii</span> <span class='ocrx_word' id='word_1_141' title='bbox 654 1439 916 1493; x_wconf 88' lang='lat' dir='ltr'>spiritualis</span> <span class='ocrx_word' id='word_1_142' title='bbox 940 1452 1161 1493; x_wconf 90' lang='lat' dir='ltr'>suprema</span> <span class='ocrx_word' id='word_1_143' title='bbox 1184 1443 1390 1493; x_wconf 80' lang='lat' dir='ltr'>potestas</span> <span class='ocrx_word' id='word_1_144' title='bbox 1406 1443 1476 1482; x_wconf 84' lang='lat' dir='ltr'>est</span> <span class='ocrx_word' id='word_1_145' title='bbox 1491 1440 1538 1482; x_wconf 93' lang='lat' dir='ltr'>in</span> <span class='ocrx_word' id='word_1_146' title='bbox 1553 1452 1675 1493; x_wconf 87' lang='lat' dir='ltr'>papa</span> <span class='ocrx_word' id='word_1_147' title='bbox 1688 1452 1878 1493; x_wconf 86' lang='lat' dir='ltr'>separa-</span> 
     </span>
     <span class='ocr_line' id='line_1_21' title="bbox 107 1499 1703 1566; baseline 0.001 -15"><span class='ocrx_word' id='word_1_148' title='bbox 107 1499 264 1552; x_wconf 86' lang='lat' dir='ltr'>biliter</span> <span class='ocrx_word' id='word_1_149' title='bbox 288 1513 381 1552; x_wconf 82' lang='lat' dir='ltr'>tam</span> <span class='ocrx_word' id='word_1_150' title='bbox 407 1510 560 1563; x_wconf 90' lang='lat' dir='ltr'>quoad</span> <span class='ocrx_word' id='word_1_151' title='bbox 584 1510 950 1552; x_wconf 73' lang='lat' dir='ltr'>iurisdictionem</span> <span class='ocrx_word' id='word_1_152' title='bbox 978 1523 1115 1563; x_wconf 90' lang='lat' dir='ltr'>quam</span> <span class='ocrx_word' id='word_1_153' title='bbox 1141 1511 1293 1563; x_wconf 89' lang='lat' dir='ltr'>quoad</span> <span class='ocrx_word' id='word_1_154' title='bbox 1318 1511 1703 1566; x_wconf 72' lang='lat' dir='ltr'>execucionem.³)</span> 
     </span>
    </p>

    <p class='ocr_par' dir='ltr' id='par_1_10' title="bbox 104 1580 1876 1776">
     <span class='ocr_line' id='line_1_22' title="bbox 223 1580 1876 1635; baseline 0.001 -13"><span class='ocrx_word' id='word_1_155' title='bbox 223 1581 403 1623; x_wconf 85' lang='lat' dir='ltr'>Tereia:</span> <span class='ocrx_word' id='word_1_156' title='bbox 453 1580 608 1623; x_wconf 89' lang='lat' dir='ltr'>Gladii</span> <span class='ocrx_word' id='word_1_157' title='bbox 643 1581 900 1634; x_wconf 84' lang='lat' dir='ltr'>spiritualis</span> <span class='ocrx_word' id='word_1_158' title='bbox 935 1593 1154 1634; x_wconf 83' lang='lat' dir='ltr'>suprema</span> <span class='ocrx_word' id='word_1_159' title='bbox 1185 1584 1392 1635; x_wconf 84' lang='lat' dir='ltr'>potestas</span> <span class='ocrx_word' id='word_1_160' title='bbox 1426 1585 1497 1624; x_wconf 89' lang='lat' dir='ltr'>est</span> <span class='ocrx_word' id='word_1_161' title='bbox 1532 1583 1578 1623; x_wconf 95' lang='lat' dir='ltr'>in</span> <span class='ocrx_word' id='word_1_162' title='bbox 1611 1594 1732 1635; x_wconf 81' lang='lat' dir='ltr'>papa</span> <span class='ocrx_word' id='word_1_163' title='bbox 1766 1581 1876 1635; x_wconf 84' lang='lat' dir='ltr'>legi-</span> 
     </span>
     <span class='ocr_line' id='line_1_23' title="bbox 105 1650 1875 1706; baseline 0.001 -14"><span class='ocrx_word' id='word_1_164' title='bbox 105 1650 213 1693; x_wconf 85' lang='lat' dir='ltr'>time</span> <span class='ocrx_word' id='word_1_165' title='bbox 264 1651 538 1704; x_wconf 82' lang='lat' dir='ltr'>presidente</span> <span class='ocrx_word' id='word_1_166' title='bbox 593 1655 640 1694; x_wconf 91' lang='lat' dir='ltr'>et</span> <span class='ocrx_word' id='word_1_167' title='bbox 679 1652 915 1694; x_wconf 87' lang='lat' dir='ltr'>residente</span> <span class='ocrx_word' id='word_1_168' title='bbox 958 1652 1162 1695; x_wconf 89' lang='lat' dir='ltr'>totaliter</span> <span class='ocrx_word' id='word_1_169' title='bbox 1203 1652 1357 1706; x_wconf 86' lang='lat' dir='ltr'>quoad</span> <span class='ocrx_word' id='word_1_170' title='bbox 1394 1652 1726 1694; x_wconf 83' lang='lat' dir='ltr'>execucionem</span> <span class='ocrx_word' id='word_1_171' title='bbox 1768 1653 1875 1695; x_wconf 84' lang='lat' dir='ltr'>talis</span> 
     </span>
     <span class='ocr_line' id='line_1_24' title="bbox 104 1721 1216 1776; baseline 0.001 -13"><span class='ocrx_word' id='word_1_172' title='bbox 104 1721 262 1775; x_wconf 84' lang='lat' dir='ltr'>gladii,</span> <span class='ocrx_word' id='word_1_173' title='bbox 294 1725 343 1764; x_wconf 89' lang='lat' dir='ltr'>et</span> <span class='ocrx_word' id='word_1_174' title='bbox 376 1722 646 1764; x_wconf 91' lang='lat' dir='ltr'>nullomodo</span> <span class='ocrx_word' id='word_1_175' title='bbox 680 1722 726 1763; x_wconf 92' lang='lat' dir='ltr'>in</span> <span class='ocrx_word' id='word_1_176' title='bbox 762 1723 958 1764; x_wconf 91' lang='lat' dir='ltr'>concilio</span> <span class='ocrx_word' id='word_1_177' title='bbox 991 1723 1216 1776; x_wconf 85' lang='lat' dir='ltr'>generali.</span> 
     </span>
    </p>

    <p class='ocr_par' dir='ltr' id='par_1_11' title="bbox 102 1792 1874 2057">
     <span class='ocr_line' id='line_1_25' title="bbox 221 1792 1872 1847; baseline 0 -12"><span class='ocrx_word' id='word_1_178' title='bbox 221 1792 409 1844; x_wconf 85' lang='lat' dir='ltr'>Quarta:</span> <span class='ocrx_word' id='word_1_179' title='bbox 463 1792 617 1835; x_wconf 88' lang='lat' dir='ltr'>Gladii</span> <span class='ocrx_word' id='word_1_180' title='bbox 656 1793 915 1846; x_wconf 88' lang='lat' dir='ltr'>spiritualis</span> <span class='ocrx_word' id='word_1_181' title='bbox 954 1806 1173 1846; x_wconf 88' lang='lat' dir='ltr'>suprema</span> <span class='ocrx_word' id='word_1_182' title='bbox 1209 1797 1416 1846; x_wconf 89' lang='lat' dir='ltr'>potestas</span> <span class='ocrx_word' id='word_1_183' title='bbox 1457 1794 1520 1836; x_wconf 84' lang='lat' dir='ltr'>sic</span> <span class='ocrx_word' id='word_1_184' title='bbox 1558 1797 1628 1836; x_wconf 91' lang='lat' dir='ltr'>est</span> <span class='ocrx_word' id='word_1_185' title='bbox 1667 1794 1714 1835; x_wconf 94' lang='lat' dir='ltr'>in</span> <span class='ocrx_word' id='word_1_186' title='bbox 1751 1806 1872 1847; x_wconf 83' lang='lat' dir='ltr'>papa</span> 
     </span>
     <span class='ocr_line' id='line_1_26' title="bbox 105 1862 1874 1918; baseline 0.001 -14"><span class='ocrx_word' id='word_1_187' title='bbox 105 1863 308 1917; x_wconf 86' lang='lat' dir='ltr'>legitime</span> <span class='ocrx_word' id='word_1_188' title='bbox 344 1862 614 1916; x_wconf 78' lang='lat' dir='ltr'>presidente</span> <span class='ocrx_word' id='word_1_189' title='bbox 649 1867 694 1905; x_wconf 90' lang='lat' dir='ltr'>et</span> <span class='ocrx_word' id='word_1_190' title='bbox 728 1864 967 1906; x_wconf 86' lang='lat' dir='ltr'>residente</span> <span class='ocrx_word' id='word_1_191' title='bbox 1002 1865 1048 1905; x_wconf 93' lang='lat' dir='ltr'>in</span> <span class='ocrx_word' id='word_1_192' title='bbox 1082 1865 1296 1918; x_wconf 86' lang='lat' dir='ltr'>ecclesia,</span> <span class='ocrx_word' id='word_1_193' title='bbox 1332 1864 1455 1917; x_wconf 92' lang='lat' dir='ltr'>quod</span> <span class='ocrx_word' id='word_1_194' title='bbox 1491 1864 1795 1918; x_wconf 87' lang='lat' dir='ltr'>approbanda</span> <span class='ocrx_word' id='word_1_195' title='bbox 1829 1867 1874 1906; x_wconf 89' lang='lat' dir='ltr'>et</span> 
     </span>
     <span class='ocr_line' id='line_1_27' title="bbox 104 1933 1872 1988; baseline 0.001 -14"><span class='ocrx_word' id='word_1_196' title='bbox 104 1933 401 1986; x_wconf 86' lang='lat' dir='ltr'>reprobanda</span> <span class='ocrx_word' id='word_1_197' title='bbox 433 1934 480 1975; x_wconf 92' lang='lat' dir='ltr'>in</span> <span class='ocrx_word' id='word_1_198' title='bbox 511 1934 676 1976; x_wconf 90' lang='lat' dir='ltr'>eadem</span> <span class='ocrx_word' id='word_1_199' title='bbox 709 1934 836 1977; x_wconf 89' lang='lat' dir='ltr'>solus</span> <span class='ocrx_word' id='word_1_200' title='bbox 868 1935 968 1988; x_wconf 89' lang='lat' dir='ltr'>ipse</span> <span class='ocrx_word' id='word_1_201' title='bbox 1000 1935 1142 1978; x_wconf 87' lang='lat' dir='ltr'>habet</span> <span class='ocrx_word' id='word_1_202' title='bbox 1172 1934 1398 1988; x_wconf 77' lang='lat' dir='ltr'>diffinire,</span> <span class='ocrx_word' id='word_1_203' title='bbox 1432 1938 1476 1977; x_wconf 90' lang='lat' dir='ltr'>et</span> <span class='ocrx_word' id='word_1_204' title='bbox 1504 1947 1598 1977; x_wconf 94' lang='lat' dir='ltr'>non</span> <span class='ocrx_word' id='word_1_205' title='bbox 1629 1935 1872 1977; x_wconf 87' lang='lat' dir='ltr'>concilium</span> 
     </span>
     <span class='ocr_line' id='line_1_28' title="bbox 102 2004 339 2057; baseline 0.008 -13"><span class='ocrx_word' id='word_1_206' title='bbox 102 2004 339 2057; x_wconf 87' lang='lat' dir='ltr'>generale.</span> 
     </span>
    </p>
   </div>
   <div class='ocr_carea' id='block_1_6' title="bbox 189 2097 1869 2294">
    <p class='ocr_par' dir='ltr' id='par_1_12' title="bbox 189 2097 1869 2294">
     <span class='ocr_line' id='line_1_29' title="bbox 189 2097 1782 2153; baseline 0.001 -13"><span class='ocrx_word' id='word_1_207' title='bbox 189 2097 228 2141; x_wconf 77' lang='lat'>2.</span> <span class='ocrx_word' id='word_1_208' title='bbox 265 2097 399 2141; x_wconf 86' lang='lat' dir='ltr'>Circa</span> <span class='ocrx_word' id='word_1_209' title='bbox 422 2099 717 2141; x_wconf 83' lang='lat' dir='ltr'>asserciones</span> <span class='ocrx_word' id='word_1_210' title='bbox 741 2099 998 2152; x_wconf 87' lang='lat' dir='ltr'>premissas</span> <span class='ocrx_word' id='word_1_211' title='bbox 1023 2102 1268 2142; x_wconf 89' lang='lat' dir='ltr'>moventur</span> <span class='ocrx_word' id='word_1_212' title='bbox 1292 2099 1451 2152; x_wconf 88' lang='lat' dir='ltr'>aliqua</span> <span class='ocrx_word' id='word_1_213' title='bbox 1475 2099 1618 2143; x_wconf 71' lang='lat' dir='ltr'>(lubia</span> <span class='ocrx_word' id='word_1_214' title='bbox 1643 2103 1782 2153; x_wconf 87' lang='lat' dir='ltr'>atque</span> 
     </span>
     <span class='ocr_line' id='line_1_30' title="bbox 305 2169 1663 2224; baseline 0.001 -12"><span class='ocrx_word' id='word_1_215' title='bbox 305 2169 478 2223; x_wconf 89' lang='lat' dir='ltr'>petitur</span> <span class='ocrx_word' id='word_1_216' title='bbox 506 2169 829 2224; x_wconf 82' lang='lat' dir='ltr'>amicabiliter,</span> <span class='ocrx_word' id='word_1_217' title='bbox 862 2173 908 2212; x_wconf 90' lang='lat' dir='ltr'>ut</span> <span class='ocrx_word' id='word_1_218' title='bbox 938 2182 1099 2212; x_wconf 85' lang='lat' dir='ltr'>earum</span> <span class='ocrx_word' id='word_1_219' title='bbox 1130 2172 1337 2213; x_wconf 86' lang='lat' dir='ltr'>assertor</span> <span class='ocrx_word' id='word_1_220' title='bbox 1366 2171 1663 2224; x_wconf 85' lang='lat' dir='ltr'>respondeat.</span> 
     </span>
     <span class='ocr_line' id='line_1_31' title="bbox 219 2239 1869 2294; baseline 0.001 -13"><span class='ocrx_word' id='word_1_221' title='bbox 219 2239 274 2282; x_wconf 90' lang='lat' dir='ltr'>Et</span> <span class='ocrx_word' id='word_1_222' title='bbox 311 2240 466 2292; x_wconf 87' lang='lat' dir='ltr'>primo</span> <span class='ocrx_word' id='word_1_223' title='bbox 507 2240 626 2282; x_wconf 91' lang='lat' dir='ltr'>circa</span> <span class='ocrx_word' id='word_1_224' title='bbox 669 2240 864 2293; x_wconf 89' lang='lat' dir='ltr'>primam</span> <span class='ocrx_word' id='word_1_225' title='bbox 907 2244 953 2282; x_wconf 92' lang='lat' dir='ltr'>et</span> <span class='ocrx_word' id='word_1_226' title='bbox 996 2240 1246 2283; x_wconf 90' lang='lat' dir='ltr'>secundam</span> <span class='ocrx_word' id='word_1_227' title='bbox 1288 2242 1518 2294; x_wconf 87' lang='lat' dir='ltr'>queritur:</span> <span class='ocrx_word' id='word_1_228' title='bbox 1575 2241 1738 2283; x_wconf 91' lang='lat' dir='ltr'>Utrum</span> <span class='ocrx_word' id='word_1_229' title='bbox 1783 2241 1869 2283; x_wconf 87' lang='lat' dir='ltr'>ista</span> 
     </span>
    </p>
   </div>
   <div class='ocr_carea' id='block_1_7' title="bbox 53 2310 1868 2364">
    <p class='ocr_par' dir='ltr' id='par_1_13' title="bbox 53 2310 1868 2364">
     <span class='ocr_line' id='line_1_32' title="bbox 53 2310 1868 2364; baseline 0.002 -14"><span class='ocrx_word' id='word_1_230' title='bbox 53 2325 57 2328; x_wconf 51' lang='lat'><em>&gt;</em></span> <span class='ocrx_word' id='word_1_231' title='bbox 101 2321 321 2362; x_wconf 85' lang='lat' dir='ltr'>suprema</span> <span class='ocrx_word' id='word_1_232' title='bbox 343 2313 549 2363; x_wconf 89' lang='lat' dir='ltr'>potestas</span> <span class='ocrx_word' id='word_1_233' title='bbox 573 2311 630 2354; x_wconf 89' lang='lat' dir='ltr'>sit</span> <span class='ocrx_word' id='word_1_234' title='bbox 655 2310 819 2352; x_wconf 88' lang='lat' dir='ltr'>eodem</span> <span class='ocrx_word' id='word_1_235' title='bbox 843 2322 1040 2353; x_wconf 88' lang='lat' dir='ltr'>numero</span> <span class='ocrx_word' id='word_1_236' title='bbox 1063 2311 1110 2352; x_wconf 93' lang='lat' dir='ltr'>in</span> <span class='ocrx_word' id='word_1_237' title='bbox 1133 2311 1332 2354; x_wconf 87' lang='lat' dir='ltr'>ecclesia</span> <span class='ocrx_word' id='word_1_238' title='bbox 1356 2312 1582 2353; x_wconf 85' lang='lat' dir='ltr'>militante</span> <span class='ocrx_word' id='word_1_239' title='bbox 1607 2314 1652 2354; x_wconf 89' lang='lat' dir='ltr'>et</span> <span class='ocrx_word' id='word_1_240' title='bbox 1675 2311 1723 2353; x_wconf 93' lang='lat' dir='ltr'>in</span> <span class='ocrx_word' id='word_1_241' title='bbox 1748 2323 1868 2364; x_wconf 85' lang='lat' dir='ltr'>papa</span> 
     </span>
    </p>
   </div>
   <div class='ocr_carea' id='block_1_8' title="bbox 98 2379 1868 2857">
    <p class='ocr_par' dir='ltr' id='par_1_14' title="bbox 98 2379 1868 2857">
     <span class='ocr_line' id='line_1_33' title="bbox 100 2379 1868 2435; baseline 0.001 -14"><span class='ocrx_word' id='word_1_242' title='bbox 100 2380 174 2422; x_wconf 89' lang='lat' dir='ltr'>vel</span> <span class='ocrx_word' id='word_1_243' title='bbox 203 2379 422 2422; x_wconf 79' lang='lat' dir='ltr'>diverso‘.&gt;</span> <span class='ocrx_word' id='word_1_244' title='bbox 466 2380 513 2423; x_wconf 89' lang='lat' dir='ltr'>Si</span> <span class='ocrx_word' id='word_1_245' title='bbox 547 2380 726 2434; x_wconf 90' lang='lat' dir='ltr'>eodem,</span> <span class='ocrx_word' id='word_1_246' title='bbox 759 2381 988 2434; x_wconf 91' lang='lat' dir='ltr'>quomodo</span> <span class='ocrx_word' id='word_1_247' title='bbox 1019 2385 1171 2435; x_wconf 90' lang='lat' dir='ltr'>potest</span> <span class='ocrx_word' id='word_1_248' title='bbox 1201 2394 1307 2425; x_wconf 86' lang='lat' dir='ltr'>esse</span> <span class='ocrx_word' id='word_1_249' title='bbox 1339 2382 1385 2423; x_wconf 92' lang='lat' dir='ltr'>in</span> <span class='ocrx_word' id='word_1_250' title='bbox 1419 2381 1616 2424; x_wconf 78' lang='lat' dir='ltr'>diversis</span> <span class='ocrx_word' id='word_1_251' title='bbox 1650 2381 1868 2424; x_wconf 84' lang='lat' dir='ltr'>subiectis</span> 
     </span>
     <span class='ocr_line' id='line_1_34' title="bbox 99 2449 1867 2505; baseline 0.001 -13"><span class='ocrx_word' id='word_1_252' title='bbox 99 2449 329 2503; x_wconf 86' lang='lat' dir='ltr'>adequate</span> <span class='ocrx_word' id='word_1_253' title='bbox 356 2454 404 2493; x_wconf 91' lang='lat' dir='ltr'>et</span> <span class='ocrx_word' id='word_1_254' title='bbox 431 2463 524 2493; x_wconf 94' lang='lat' dir='ltr'>non</span> <span class='ocrx_word' id='word_1_255' title='bbox 555 2452 704 2502; x_wconf 80' lang='lat' dir='ltr'>solum</span> <span class='ocrx_word' id='word_1_256' title='bbox 737 2451 951 2504; x_wconf 86' lang='lat' dir='ltr'>diversis,</span> <span class='ocrx_word' id='word_1_257' title='bbox 981 2465 1135 2504; x_wconf 90' lang='lat' dir='ltr'>ymmo</span> <span class='ocrx_word' id='word_1_258' title='bbox 1163 2453 1311 2495; x_wconf 90' lang='lat' dir='ltr'>eciam</span> <span class='ocrx_word' id='word_1_259' title='bbox 1343 2452 1595 2505; x_wconf 89' lang='lat' dir='ltr'>aliquando</span> <span class='ocrx_word' id='word_1_260' title='bbox 1625 2452 1867 2494; x_wconf 89' lang='lat' dir='ltr'>contrariis</span> 
     </span>
     <span class='ocr_line' id='line_1_35' title="bbox 100 2521 1867 2576; baseline 0.002 -14"><span class='ocrx_word' id='word_1_261' title='bbox 100 2533 151 2562; x_wconf 90' lang='lat' dir='ltr'>ac</span> <span class='ocrx_word' id='word_1_262' title='bbox 189 2521 540 2564; x_wconf 78' lang='lat' dir='ltr'>intendentibus</span> <span class='ocrx_word' id='word_1_263' title='bbox 576 2521 742 2564; x_wconf 91' lang='lat' dir='ltr'>eodem</span> <span class='ocrx_word' id='word_1_264' title='bbox 781 2527 990 2575; x_wconf 90' lang='lat' dir='ltr'>tempore</span> <span class='ocrx_word' id='word_1_265' title='bbox 1030 2523 1218 2576; x_wconf 83' lang='lat' dir='ltr'>penitus</span> <span class='ocrx_word' id='word_1_266' title='bbox 1253 2523 1487 2565; x_wconf 88' lang='lat' dir='ltr'>contraria</span> <span class='ocrx_word' id='word_1_267' title='bbox 1527 2556 1536 2565; x_wconf 89' lang='lat'><strong>.</strong></span> <span class='ocrx_word' id='word_1_268' title='bbox 1571 2556 1580 2565; x_wconf 90' lang='lat'><strong>.</strong></span> <span class='ocrx_word' id='word_1_269' title='bbox 1615 2556 1624 2565; x_wconf 89' lang='lat'><strong>.</strong></span> <span class='ocrx_word' id='word_1_270' title='bbox 1675 2522 1722 2565; x_wconf 89' lang='lat' dir='ltr'>Si</span> <span class='ocrx_word' id='word_1_271' title='bbox 1763 2526 1867 2565; x_wconf 81' lang='lat' dir='ltr'>sunt</span> 
     </span>
     <span class='ocr_line' id='line_1_36' title="bbox 100 2583 1866 2646; baseline 0.001 -14"><span class='ocrx_word' id='word_1_272' title='bbox 100 2590 300 2645; x_wconf 83' lang='lat' dir='ltr'>diverse,</span> <span class='ocrx_word' id='word_1_273' title='bbox 337 2595 443 2633; x_wconf 80' lang='lat' dir='ltr'>tunc</span> <span class='ocrx_word' id='word_1_274' title='bbox 480 2593 554 2634; x_wconf 90' lang='lat' dir='ltr'>vel</span> <span class='ocrx_word' id='word_1_275' title='bbox 591 2595 768 2634; x_wconf 86' lang='lat' dir='ltr'>tantum</span> <span class='ocrx_word' id='word_1_276' title='bbox 805 2605 1000 2635; x_wconf 89' lang='lat' dir='ltr'>numero</span> <span class='ocrx_word' id='word_1_277' title='bbox 1038 2592 1268 2635; x_wconf 84' lang='lat' dir='ltr'>differunt</span> <span class='ocrx_word' id='word_1_278' title='bbox 1306 2594 1379 2635; x_wconf 89' lang='lat' dir='ltr'>vel</span> <span class='ocrx_word' id='word_1_279' title='bbox 1418 2583 1563 2635; x_wconf 83' lang='lat' dir='ltr'>eciam</span> <span class='ocrx_word' id='word_1_280' title='bbox 1601 2593 1770 2646; x_wconf 81' lang='lat' dir='ltr'>specie.</span> <span class='ocrx_word' id='word_1_281' title='bbox 1820 2592 1866 2635; x_wconf 87' lang='lat' dir='ltr'>Si</span> 
     </span>
     <span class='ocr_line' id='line_1_37' title="bbox 99 2662 1865 2717; baseline 0.001 -14"><span class='ocrx_word' id='word_1_282' title='bbox 99 2664 274 2704; x_wconf 88' lang='lat' dir='ltr'>tantum</span> <span class='ocrx_word' id='word_1_283' title='bbox 296 2674 505 2715; x_wconf 88' lang='lat' dir='ltr'>numero,</span> <span class='ocrx_word' id='word_1_284' title='bbox 530 2662 752 2715; x_wconf 87' lang='lat' dir='ltr'>sequitur,</span> <span class='ocrx_word' id='word_1_285' title='bbox 776 2663 912 2717; x_wconf 91' lang='lat' dir='ltr'>quod,</span> <span class='ocrx_word' id='word_1_286' title='bbox 935 2663 1050 2705; x_wconf 90' lang='lat' dir='ltr'>sicut</span> <span class='ocrx_word' id='word_1_287' title='bbox 1071 2664 1269 2706; x_wconf 89' lang='lat' dir='ltr'>ecclesia</span> <span class='ocrx_word' id='word_1_288' title='bbox 1290 2666 1363 2705; x_wconf 90' lang='lat' dir='ltr'>est</span> <span class='ocrx_word' id='word_1_289' title='bbox 1385 2663 1656 2717; x_wconf 81' lang='lat' dir='ltr'>principalis</span> <span class='ocrx_word' id='word_1_290' title='bbox 1681 2663 1865 2705; x_wconf 89' lang='lat' dir='ltr'>domina</span> 
     </span>
     <span class='ocr_line' id='line_1_38' title="bbox 98 2733 1863 2787; baseline 0.001 -14"><span class='ocrx_word' id='word_1_291' title='bbox 98 2743 256 2774; x_wconf 87' lang='lat' dir='ltr'>rerum</span> <span class='ocrx_word' id='word_1_292' title='bbox 273 2733 694 2775; x_wconf 87' lang='lat' dir='ltr'>ecclesiasticarum</span> <span class='ocrx_word' id='word_1_293' title='bbox 719 2734 765 2775; x_wconf 92' lang='lat' dir='ltr'>in</span> <span class='ocrx_word' id='word_1_294' title='bbox 787 2736 926 2786; x_wconf 90' lang='lat' dir='ltr'>terra,</span> <span class='ocrx_word' id='word_1_295' title='bbox 949 2734 1009 2776; x_wconf 90' lang='lat' dir='ltr'>ita</span> <span class='ocrx_word' id='word_1_296' title='bbox 1031 2734 1176 2776; x_wconf 88' lang='lat' dir='ltr'>eci-am</span> <span class='ocrx_word' id='word_1_297' title='bbox 1199 2746 1339 2787; x_wconf 73' lang='lat' dir='ltr'>papa,</span> <span class='ocrx_word' id='word_1_298' title='bbox 1364 2737 1408 2776; x_wconf 92' lang='lat' dir='ltr'>et</span> <span class='ocrx_word' id='word_1_299' title='bbox 1429 2746 1720 2786; x_wconf 87' lang='lat' dir='ltr'>consequens</span> <span class='ocrx_word' id='word_1_300' title='bbox 1742 2745 1863 2786; x_wconf 82' lang='lat' dir='ltr'>papa</span> 
     </span>
     <span class='ocr_line' id='line_1_39' title="bbox 100 2802 1868 2857; baseline 0 -13"><span class='ocrx_word' id='word_1_301' title='bbox 100 2803 270 2854; x_wconf 89' lang='lat' dir='ltr'>poterit</span> <span class='ocrx_word' id='word_1_302' title='bbox 297 2802 510 2844; x_wconf 86' lang='lat' dir='ltr'>similiter</span> <span class='ocrx_word' id='word_1_303' title='bbox 535 2803 741 2845; x_wconf 89' lang='lat' dir='ltr'>vendere</span> <span class='ocrx_word' id='word_1_304' title='bbox 768 2804 842 2845; x_wconf 92' lang='lat' dir='ltr'>vel</span> <span class='ocrx_word' id='word_1_305' title='bbox 871 2804 1044 2846; x_wconf 90' lang='lat' dir='ltr'>donare</span> <span class='ocrx_word' id='word_1_306' title='bbox 1073 2807 1150 2846; x_wconf 88' lang='lat' dir='ltr'>aut</span> <span class='ocrx_word' id='word_1_307' title='bbox 1175 2803 1521 2857; x_wconf 90' lang='lat' dir='ltr'>quomodolibet</span> <span class='ocrx_word' id='word_1_308' title='bbox 1547 2803 1755 2845; x_wconf 91' lang='lat' dir='ltr'>alienare</span> <span class='ocrx_word' id='word_1_309' title='bbox 1782 2816 1868 2856; x_wconf 91' lang='lat' dir='ltr'>pro</span> 
     </span>
    </p>
   </div>
   <div class='ocr_carea' id='block_1_9' title="bbox 94 2917 1865 3056">
    <p class='ocr_par' dir='ltr' id='par_1_15' title="bbox 94 2917 1865 3056">
     <span class='ocr_line' id='line_1_40' title="bbox 201 2917 1865 2952; baseline 0 -9"><span class='ocrx_word' id='word_1_310' title='bbox 201 2922 231 2949; x_wconf 85' lang='lat' dir='ltr'>a)</span> <span class='ocrx_word' id='word_1_311' title='bbox 253 2918 318 2943; x_wconf 83' lang='lat' dir='ltr'>tam</span> <span class='ocrx_word' id='word_1_312' title='bbox 339 2937 345 2943; x_wconf 92' lang='lat'>.</span> <span class='ocrx_word' id='word_1_313' title='bbox 366 2937 372 2943; x_wconf 95' lang='lat'>.</span> <span class='ocrx_word' id='word_1_314' title='bbox 394 2938 400 2944; x_wconf 86' lang='lat'><strong><em>.</em></strong></span> <span class='ocrx_word' id='word_1_315' title='bbox 423 2917 656 2945; x_wconf 70' lang='lat' dir='ltr'>execucionem</span> <span class='ocrx_word' id='word_1_316' title='bbox 678 2918 758 2951; x_wconf 71' lang='lat' dir='ltr'>fehlt</span> <span class='ocrx_word' id='word_1_317' title='bbox 782 2919 834 2945; x_wconf 69' lang='grc'><em>113.</em></span> <span class='ocrx_word' id='word_1_318' title='bbox 870 2920 913 2946; x_wconf 72' lang='lat' dir='ltr'>Hs</span> <span class='ocrx_word' id='word_1_319' title='bbox 937 2919 1042 2952; x_wconf 69' lang='lat' dir='ltr'>dusiis·</span> <span class='ocrx_word' id='word_1_320' title='bbox 1063 2920 1095 2945; x_wconf 85' lang='lat' dir='ltr'>ot</span> <span class='ocrx_word' id='word_1_321' title='bbox 1116 2919 1222 2952; x_wconf 84' lang='lat' dir='ltr'>quoad</span> <span class='ocrx_word' id='word_1_322' title='bbox 1244 2918 1527 2952; x_wconf 55' lang='lat' dir='ltr'>iurifflliecimwnn</span> <span class='ocrx_word' id='word_1_323' title='bbox 1547 2926 1582 2945; x_wconf 72' lang='lat' dir='ltr'>en</span> <span class='ocrx_word' id='word_1_324' title='bbox 1604 2919 1683 2945; x_wconf 73' lang='lat' dir='ltr'>aber</span> <span class='ocrx_word' id='word_1_325' title='bbox 1703 2918 1807 2944; x_wconf 70' lang='lat' dir='ltr'>sichar</span> <span class='ocrx_word' id='word_1_326' title='bbox 1828 2925 1865 2943; x_wconf 74' lang='lat' dir='ltr'>:n</span> 
     </span>
     <span class='ocr_line' id='line_1_41' title="bbox 94 2962 527 2997; baseline 0.007 -8"><span class='ocrx_word' id='word_1_327' title='bbox 94 2962 298 2997; x_wconf 71' lang='lat' dir='ltr'>korriqieren</span> <span class='ocrx_word' id='word_1_328' title='bbox 317 2965 399 2991; x_wconf 76' lang='lat' dir='ltr'>nach</span> <span class='ocrx_word' id='word_1_329' title='bbox 421 2965 446 2997; x_wconf 84' lang='lat' dir='ltr'>s.</span> <span class='ocrx_word' id='word_1_330' title='bbox 467 2967 527 2992; x_wconf 69' lang='lat'><strong><em>2133.</em></strong></span> 
     </span>
     <span class='ocr_line' id='line_1_42' title="bbox 213 3011 1792 3056; baseline 0 -10"><span class='ocrx_word' id='word_1_331' title='bbox 213 3012 246 3056; x_wconf 85' lang='lat'>²)</span> <span class='ocrx_word' id='word_1_332' title='bbox 273 3012 347 3047; x_wconf 86' lang='lat' dir='ltr'>Die</span> <span class='ocrx_word' id='word_1_333' title='bbox 373 3012 523 3047; x_wconf 70' lang='lat' dir='ltr'>Thesea</span> <span class='ocrx_word' id='word_1_334' title='bbox 548 3012 633 3048; x_wconf 80' lang='lat' dir='ltr'>sind</span> <span class='ocrx_word' id='word_1_335' title='bbox 663 3013 803 3047; x_wconf 83' lang='lat' dir='ltr'>bereils</span> <span class='ocrx_word' id='word_1_336' title='bbox 827 3022 1007 3056; x_wconf 69' lang='lat' dir='ltr'>unqenau</span> <span class='ocrx_word' id='word_1_337' title='bbox 1033 3012 1215 3056; x_wconf 62' lang='lat' dir='ltr'>gedruckt</span> <span class='ocrx_word' id='word_1_338' title='bbox 1242 3013 1280 3047; x_wconf 81' lang='lat' dir='ltr'>in</span> <span class='ocrx_word' id='word_1_339' title='bbox 1308 3011 1467 3054; x_wconf 80' lang='lat' dir='ltr'>Gerson,</span> <span class='ocrx_word' id='word_1_340' title='bbox 1494 3012 1617 3055; x_wconf 82' lang='lat' dir='ltr'>Opera</span> <span class='ocrx_word' id='word_1_341' title='bbox 1652 3012 1688 3054; x_wconf 91' lang='lat' dir='ltr'>V,</span> <span class='ocrx_word' id='word_1_342' title='bbox 1714 3011 1792 3046; x_wconf 80' lang='lat'><strong><em>662.</em></strong></span> 
     </span>
    </p>
   </div>
   <div class='ocr_carea' id='block_1_10' title="bbox 163 3070 1652 3114">
    <p class='ocr_par' dir='ltr' id='par_1_16' title="bbox 163 3070 1652 3114">
     <span class='ocr_line' id='line_1_43' title="bbox 163 3070 1652 3114; baseline 0.001 -7"><span class='ocrx_word' id='word_1_343' title='bbox 163 3079 305 3114; x_wconf 72' lang='lat' dir='ltr'>Finke,</span> <span class='ocrx_word' id='word_1_344' title='bbox 331 3081 413 3108; x_wconf 77' lang='lat' dir='ltr'>Acta</span> <span class='ocrx_word' id='word_1_345' title='bbox 433 3080 565 3108; x_wconf 82' lang='lat' dir='ltr'>concilii</span> <span class='ocrx_word' id='word_1_346' title='bbox 586 3080 862 3108; x_wconf 78' lang='lat' dir='ltr'>Constanciensis.</span> <span class='ocrx_word' id='word_1_347' title='bbox 884 3080 921 3108; x_wconf 92' lang='lat'>11.</span> <span class='ocrx_word' id='word_1_348' title='bbox 1596 3070 1652 3110; x_wconf 76' lang='grc'>45</span> 
     </span>
    </p>
   </div>
  </div>
 </body>
</html>
