2102 3444
250 88 334 130 596
693 83 758 116 III.
788 80 997 116 Abschnitt.
1038 78 1190 112 Reform
1219 78 1295 111 und
1326 76 1573 121 Verfassung.

253 205 382 257 ipsis:
436 201 658 254 numquid
699 199 882 252 publice
924 197 1132 239 sciebant
1174 196 1273 249 ista,
1315 195 1540 248 numquid
1579 195 1802 238 videbant
1839 195 1888 237 in
1930 195 2016 238 Dei

249 275 444 316 ecclesia
486 276 659 314 tantum
700 269 983 319 scandalum,
1024 270 1194 309 tantam
1237 266 1525 319 pestiferam,
1566 269 1739 308 tantam
1779 266 2016 319 iacturam,

251 344 471 396 numquid
498 342 717 383 resistere
744 340 1020 390 debuerunt,
1045 337 1271 390 numquid
1296 336 1538 379 conc-ilium
1564 349 1862 391 congregare,
1887 349 2017 379 num-

249 415 357 467 quid
384 414 440 456 ab
469 413 608 465 ipso¹)
638 423 687 453 se
713 410 966 463 separare?
1006 408 1244 460 Quomodo
1267 411 1423 450 tamen
1449 407 1719 461 fugientem,
1745 410 1795 450 ut
1818 407 2017 450 nutriret

250 486 428 534 scisma,
460 482 608 535 sequti
641 485 746 522 sunt
779 494 835 522 ex
870 480 982 532 ipsis
1015 479 1218 532 plurimi,
1250 482 1298 520 ut
1326 479 1413 521 scit
1445 478 1585 531 Deus,
1616 478 1802 531 quando
1831 481 1878 521 et
1908 491 2018 532 quo-

250 555 384 596 modo
409 558 451 595 ct
477 567 535 595 ex
561 566 649 605 qua
676 564 813 594 causa
839 551 999 603 plures
1026 550 1237 591 reversi?
1277 549 1323 591 Si
1349 550 1518 591 dicant:
1559 549 1804 591 concilium
1827 561 2017 603 congre-

247 630 414 677 gatum,
448 624 530 665 sed
562 623 689 664 cuius
723 622 844 663 t‘acto
875 625 919 663 et
951 621 1142 662 labore?
1192 620 1374 661 Domini
1407 621 1532 673 regis
1564 620 1894 662 Romanorum!
1945 619 2018 662 Illi

249 696 333 737 soli
370 696 451 736 hec
488 694 752 736 attribuant.
800 693 892 735 Sed
927 704 1027 733 cum
1063 694 1391 744 congregatum
1424 694 1512 744 est,
1549 692 1595 732 in
1631 691 1752 733 male
1788 693 2018 733 retroacta

250 766 564 818 reperiuntur;
614 765 777 817 agitur,
825 767 872 805 ut
918 762 1258 815 continuentur,
1307 774 1493 815 sem-per
1540 762 1697 804 radice
1745 764 2017 804 remanente

250 837 410 889 morbi,
436 835 512 888 qui
536 848 594 877 ex
618 834 964 888 provisionibus
989 833 1114 875 curie
1139 833 1345 875 Romane
1368 836 1461 875 tam
1485 833 1532 874 in
1555 832 1859 886 dignit-atibus
1880 845 2018 886 quam

250 907 492 949 beneficiis
524 911 568 949 et
599 905 905 958 percepcione
938 904 1205 946 vacancium
1238 916 1296 945 ex
1328 907 1422 946 toto
1450 905 1681 957 provenit.
1724 903 1869 956 Quem
1900 915 2019 946 mor-

251 978 353 1019 bum
387 977 556 1030 sanari,
588 980 657 1018 est
688 976 978 1028 impossibile
1010 975 1379 1028 quibuscumque
1408 975 1639 1028 appositis
1668 974 2019 1018 medicamentis

249 1052 325 1090 aut
352 1047 581 1100 cauteriis,
610 1048 699 1090 nisi
725 1047 880 1088 radice
909 1049 953 1088 et
980 1047 1174 1088 materia
1202 1047 1351 1088 morbi
1378 1059 1437 1087 ex
1463 1049 1559 1088 toto
1591 1045 1847 1101 [remotis].

454 1152 462 1160 .
515 1118 806 1172 Ostendamss)
863 1117 1137 1170 clarissime,
1188 1117 1279 1159 nisi
1330 1116 1486 1170 fallor,
1539 1116 1676 1170 quod,
1729 1128 2019 1170 quocumque

249 1189 559 1242 predictorum
599 1189 838 1231 modorum
881 1190 1032 1230 levata
1072 1201 1155 1231 seu
1192 1191 1376 1230 extorta
1417 1188 1475 1231 sit
1513 1188 1738 1241 peccunia
1777 1187 1852 1229 vel
1891 1187 2020 1230 aliud

248 1260 534 1302 commodum
570 1260 826 1312 temporale
864 1260 938 1301 vel
975 1259 1083 1301 fieri
1121 1259 1411 1312 contingeret
1447 1259 1495 1300 in
1530 1259 1752 1312 futurum,
1789 1258 1914 1312 quod
1946 1257 2020 1301 hic

248 1343 473 1384 expressa
506 1332 714 1383 symonia
748 1329 1056 1372 committitur.
1102 1330 1158 1372 Et
1190 1330 1297 1372 licet
1327 1332 1482 1372 textus
1515 1342 1652 1383 quam
1685 1329 1876 1383 plurimi
1905 1328 2020 1371 alle-

248 1403 346 1455 gari
375 1406 419 1444 et
446 1401 656 1444 raciones
686 1401 840 1443 induci
867 1405 1072 1454 possent,
1100 1401 1185 1442 hoc
1212 1401 1481 1454 probantes,
1508 1413 1628 1442 unus
1656 1403 1825 1454 textus,
1852 1400 1901 1442 in
1929 1412 2020 1453 quo

249 1473 506 1514 adversarii
539 1485 629 1525 quo
660 1472 718 1514 ad
750 1472 879 1514 aliud
907 1472 953 1513 in
982 1471 1071 1514 ista
1103 1472 1298 1514 materia
1330 1483 1380 1515 se
1412 1471 1617 1514 fundare
1646 1471 1820 1525 volunt,
1850 1471 2020 1525 produ-

248 1547 376 1585 catur
406 1544 454 1584 in
485 1543 701 1596 medium,
733 1543 818 1584 sed
848 1555 941 1585 non
968 1555 1029 1584 eo
1058 1555 1216 1596 passu,
1249 1555 1339 1596 quo
1371 1543 1524 1596 ipsum
1552 1543 1774 1596 allegant,
1805 1544 1851 1584 et
1876 1544 1954 1584 est
1983 1554 2018 1584 c.

250 1618 296 1656 ut
337 1615 603 1668 nostrum2),
646 1617 778 1656 extra
820 1617 869 1656 ut
911 1613 1226 1656 ecclesiastica
1268 1613 1502 1656 beneficia
1541 1613 1593 1655 ‘in
1635 1613 1812 1655 verbis:
1869 1611 2018 1666 ,Unde

250 1685 481 1727 credimus
505 1684 911 1738 distinguendum,
936 1697 1073 1738 quem
1097 1688 1275 1726 textum
1299 1697 1483 1738 ponam,
1504 1688 1557 1727 ait
1576 1684 1710 1738 iacet,
1733 1695 1793 1725 ne
1815 1684 2020 1736 calump-

250 1756 373 1797 niam
416 1756 636 1808 paciatur.
694 1755 812 1798 Dicit
852 1756 979 1797 enim
1025 1756 1106 1797 sic:
1165 1755 1300 1797 Unde
1348 1755 1581 1797 credimus
1622 1754 2020 1808 distinguendum,

252 1829 416 1879 utrum,
449 1828 526 1879 qui
560 1827 636 1869 dat
668 1828 915 1879 spirituale
944 1826 1242 1879 beneficium,
1272 1829 1532 1879 proventus
1560 1825 1710 1880 ipsius
1742 1828 1849 1868 ante
1878 1825 2021 1868 dona-

250 1896 427 1938 cionem
458 1898 695 1950 percipiat.
737 1898 849 1939 Nam
879 1898 917 1940 si
948 1901 1054 1939 ante
1084 1898 1389 1940 donacionem
1416 1900 1673 1950 proventus
1700 1909 1796 1939 non
1823 1895 2021 1950 percipit

254 1968 337 2009 iste
367 1968 449 2010 sed
478 1969 598 2011 alius
627 1972 671 2010 et
699 1980 757 2010 ex
786 1968 1056 2021 donacione,
1086 1969 1400 2022 consequitur,
1429 1972 1478 2010 ut
1505 1968 1606 2021 ipse
1636 1970 1892 2021 proventus
1916 1978 2021 2020 per-

252 2038 402 2091 cipiat,
428 2051 520 2080 non
547 2042 615 2081 est
641 2039 831 2080 dubium
858 2039 1151 2082 intercedere
1178 2040 1490 2092 symoniacam
1515 2038 1804 2092 pravitatem.
1841 2037 1935 2082 Sed
1958 2038 2021 2080 ita

252 2112 335 2161 est,
363 2109 485 2161 quod
511 2122 632 2162 papa
659 2110 837 2153 donans
864 2110 1149 2152 beneficium
1176 2123 1268 2152 non
1295 2110 1587 2163 percipiebat
1612 2112 1869 2163 proventus
1893 2107 2022 2151 illius

255 2179 486 2231 beneficii,
509 2193 593 2221 nec
617 2184 722 2223 ante
745 2181 1053 2234 vacacionem,
1078 2181 1186 2234 quia
1209 2185 1315 2224 tunc
1336 2181 1434 2234 ille,
1458 2181 1536 2234 qui
1562 2180 1859 2223 incumbebat
1881 2179 2021 2222 bene-

255 2250 372 2302 l'icio,
401 2263 485 2292 nec
514 2254 721 2303 tempore
753 2252 1027 2305 vacacionis,
1057 2252 1165 2305 quia
1193 2256 1284 2294 tam
1315 2252 1372 2294 de
1404 2253 1504 2293 iure
1534 2251 1764 2294 commun-i
1793 2263 1931 2304 quam
1960 2262 2019 2292 ex

253 2320 540 2363 diffinicione
569 2323 749 2364 concilii
779 2322 934 2365 Pisani
964 2326 1210 2375 expectant
1237 2323 1295 2365 ad
1323 2323 1531 2365 futurum
1560 2333 1877 2364 successorem
1905 2320 2020 2363 sicut

251 2390 307 2431 de
340 2391 598 2434 hereditate
631 2392 808 2435 iacente
843 2428 851 2435 .
888 2428 895 2435 .
932 2427 939 2435 .
974 2394 1152 2435 fructus
1186 2396 1488 2436 reservantur
1520 2392 1700 2435 heredi.
1745 2393 1868 2446 Ergo
1897 2402 2019 2446 papa

253 2462 500 2503 conferens
538 2475 606 2514 eo,
647 2464 753 2515 quia
792 2464 882 2517 dat,
920 2477 1012 2505 non
1048 2463 1165 2518 eob),
1205 2465 1314 2517 quia
1352 2463 1544 2517 vacavit,
1583 2464 1716 2506 istam
1755 2461 2018 2506 vacanciam

254 2533 461 2584 percipit.
495 2534 614 2586 Ergo
636 2534 878 2576 intercedit
899 2535 1161 2587 symoniaca
1184 2535 1405 2588 pravitas,
1427 2548 1513 2577 nec
1530 2534 1618 2577 hoc
1634 2533 1827 2588 probari
1847 2533 2019 2576 clarius

254 2606 416 2655 potest,
451 2603 546 2645 sive
580 2607 685 2646 ante
719 2606 1035 2658 collacionem,
1071 2607 1168 2648 sive
1204 2606 1250 2647 in
1280 2618 1353 2659 ea,
1387 2606 1485 2648 sive
1520 2608 1637 2659 post,
1669 2604 1768 2648 sive
1802 2604 1850 2646 in
1880 2601 2020 2646 uadi-

254 2673 383 2714 cione
415 2673 659 2728 bullarum,
689 2675 786 2717 sive
815 2677 959 2718 eciam
989 2679 1105 2729 post,
1134 2676 1224 2719 nisi
1254 2689 1312 2718 ex
1340 2680 1445 2729 post
1471 2676 1557 2718 fiat
1583 2676 1631 2718 in
1659 2687 1789 2718 meria
1815 2672 2020 2717 liberali·
2086 2726 2091 2731 .

255 2745 344 2784 tate
372 2743 599 2796 donantis,
624 2745 747 2787 omni
773 2747 1021 2789 exaccione
1048 2750 1274 2790 cessante.
1314 2748 1404 2789 Nec
1429 2747 1554 2789 valet
1577 2745 1661 2789 ill=a
1685 2745 1795 2789 ficta
1813 2745 2019 2798 calump-

361 2866 389 2885 ω
414 2860 458 2885 lla
481 2860 659 2887 ostendcm.
716 2861 749 2893 b)
771 2862 816 2888 Hs
837 2869 883 2891 ea.

376 2920 405 2959 ¹)
443 2918 513 2953 l'on
537 2919 732 2955 Jalaeannes
756 2921 897 2955 XXIII.

375 2978 405 3017 2)
447 2976 478 3009 1'.
508 2978 561 3018 12,
588 2988 666 3021 cap.
697 2979 858 3013 unicum.

2072 3192 2102 3237 ,h
