2102 3444
219 88 303 130 592
662 84 729 118 111.
757 82 968 118 Abschnitt.
1009 81 1162 115 Reform
1191 81 1269 114 und
1298 80 1546 124 Verfassung.

341 205 498 245 Utrum
535 215 695 244 aurum
732 205 776 243 et
813 203 995 241 monete
1032 211 1153 252 pape
1188 201 1235 240 et
1271 198 1582 252 imperatoris,
1620 198 1699 252 qui
1733 211 1793 240 ex
1827 198 1988 253 officio

222 276 297 317 toli
334 275 502 316 mundo
536 272 791 326 president,
826 271 993 313 debeat
1028 270 1203 311 habere
1237 269 1445 311 valorem
1481 269 1695 311 similiter
1727 282 1813 323 per
1844 273 1987 312 totum

222 346 454 393 mundum,
485 347 704 396 quantum
736 343 857 383 valet
886 343 933 382 in
964 340 1226 382 civitatibus
1257 340 1528 393 eorundem,
1558 353 1651 382 non
1681 340 1990 394 supponendo

222 418 424 457 valorem
451 415 751 467 pecuniarum
779 412 975 453 aliorum
1000 411 1293 452 dominorum
1321 410 1615 463 infer-iorum3
1642 411 1840 465 videtur,
1865 410 1989 465 quod

221 492 343 529 esset
385 486 518 528 valde
562 484 846 526 racionabile
889 495 974 536 pro
1015 482 1318 535 pauperibus,
1360 481 1529 538 quibus
1572 482 1620 523 in
1662 482 1877 525 omnibus
1917 485 1989 524 est

222 557 467 599 favendum
506 556 651 608 magis
690 567 825 607 quam
864 553 1214 605 mercatoribus,
1254 553 1331 605 qui
1370 552 1428 594 de
1468 552 1636 595 alieni-s
1674 553 1842 596 bursas
1879 565 1988 596 suas

222 629 409 680 implent
441 627 540 667 sine
571 626 755 677 sudore,
786 625 863 677 qui
895 624 1054 677 eciam,
1085 623 1123 666 si
1151 623 1220 665 eis
1249 626 1548 676 portarentur
1577 623 1800 676 peccunie
1829 623 1989 666 Sarra-

219 711 450 749 ccnorum,
480 697 602 749 apud
630 710 712 738 eos
742 708 903 737 omnes
933 695 1106 737 habe—nt
1136 695 1299 736 locum.

335 769 428 821 Eya
465 781 589 821 ergo,
625 770 782 820 patres
818 765 1110 818 sanctissimi,
1148 766 1387 818 principes
1422 765 1743 818 illustrissimi,
1779 765 1987 820 magistri

218 844 261 881 et
294 840 505 881 doctores
538 838 734 891 piissimi
769 850 820 879 ac
852 837 1025 879 fratres
1057 836 1104 877 in
1140 836 1324 878 Christo
1358 836 1595 878 karissimi
1629 836 1688 878 ad
1721 836 1988 890 supradicta

219 911 453 962 attendite,
496 910 720 962 supplico,
762 908 821 950 ad
861 908 1173 950 intencionem
1214 920 1364 949 meam
1407 910 1451 949 et
1490 919 1586 949 non
1625 907 1683 949 ad
1724 907 1986 950 vind-ictam.

221 982 447 1034 Respicite
485 980 561 1032 sic,
599 993 687 1032 que
726 979 809 1020 Dei
847 982 966 1032 sunt,
1002 978 1198 1031 querite,
1235 991 1324 1031 que
1361 979 1483 1020 male
1519 981 1654 1031 stant,
1689 979 1906 1032 corrigite
1940 982 1987 1021 et

218 1053 402 1104 penitus
425 1051 696 1092 erradicate.
736 1049 950 1103 Cuilibet,
974 1049 1097 1101 quod
1122 1062 1255 1090 suum
1281 1053 1364 1102 est,
1387 1049 1583 1102 reddite,
1609 1049 1668 1092 ad
1691 1049 1986 1092 condiciones

217 1123 450 1163 hominum
490 1121 721 1174 respicite,
760 1121 957 1163 lucidius
996 1121 1116 1162 viam
1156 1120 1330 1162 domini
1370 1119 1554 1173 dirigite
1593 1108 1900 1175 constancids,
1938 1123 1987 1163 ut

218 1206 376 1234 omnes
414 1193 459 1233 in
496 1205 610 1245 pace
646 1192 825 1234 viamus
862 1191 1040 1233 diucius
1077 1195 1123 1234 et
1159 1204 1245 1244 pro
1282 1191 1497 1233 mercede
1536 1191 1685 1234 dulci-s
1722 1191 1894 1235 Jhesus
1927 1190 1988 1234 sit

216 1265 349 1305 nobis
375 1263 610 1316 propicius
637 1262 864 1305 omnibus.
903 1262 1066 1304 Amen.

833 1392 876 1435 b.
911 1391 1348 1435 Annatentraktate.

1083 1463 1114 1504 I.

331 1534 446 1569 Paris.
478 1534 568 1567 mm.
601 1533 790 1567 ›mlionale
820 1534 931 1568 14644
957 1533 982 1576 f.
1008 1534 1088 1568 367.

331 1594 401 1634 Ad
435 1593 788 1646 ostendendum,
822 1592 945 1645 quod
978 1592 1209 1646 vacancie,
1244 1605 1359 1646 quas
1394 1593 1594 1636 servicia
1626 1595 1803 1647 vocant,
1837 1593 1986 1635 nullo-

216 1663 348 1704 modo
393 1667 496 1705 sunt
540 1664 639 1706 iure
683 1664 740 1705 de
782 1664 1007 1716 preterito
1050 1663 1205 1706 debite
1247 1676 1333 1705 nec
1374 1676 1460 1716 pro
1501 1663 1661 1706 futuro
1702 1663 1984 1717 imponende

216 1735 287 1775 vel
318 1734 562 1788 exigende,
593 1734 850 1777 ostenditur
880 1734 1123 1787 multiplici
1153 1735 1356 1777 racione.

331 1805 383 1846 Et
418 1817 501 1857 pro
535 1806 728 1847 materia
761 1805 898 1847 huius
933 1805 1219 1847 evidenciori
1250 1806 1536 1859 probacione
1569 1808 1786 1859 opportet
1816 1817 1986 1859 suppo-

215 1887 343 1927 nere,
371 1876 490 1927 quod
518 1888 638 1928 papa
664 1880 816 1929 potest
841 1877 1127 1918 committere
1155 1877 1412 1930 symoniam
1440 1880 1486 1919 et
1510 1889 1611 1918 cum
1636 1876 1741 1930 ipso
1766 1876 1984 1919 committi

215 1949 364 1997 potest
406 1980 414 1987 .
450 1980 457 1987 .
494 1981 501 1988 .
543 1947 627 1988 hoc
668 1948 921 2000 supposito,
963 1948 1087 2000 quod
1126 1948 1213 1990 iste
1255 1947 1486 2002 vacancie,
1527 1960 1687 1990 eorum
1729 1947 1899 1990 solutio
1939 1950 1985 1990 et

215 2017 392 2058 exactio
424 2016 640 2059 inducant
671 2018 926 2070 symoniam
957 2022 1002 2060 et
1034 2031 1092 2060 ex
1123 2022 1255 2071 parte
1287 2018 1441 2060 dantis
1473 2021 1519 2061 et
1547 2018 1832 2072 recipientis.
1876 2017 1986 2060 Pro-

216 2087 348 2128 batur
374 2091 418 2129 et
445 2088 593 2140 primo
621 2088 721 2130 iure
751 2089 908 2131 divino
937 2123 945 2131 .
981 2123 989 2132 .
1025 2123 1033 2131 .

331 2159 459 2209 Quod
495 2159 551 2200 de
588 2159 689 2200 iure
725 2160 941 2212 humano,
979 2160 1199 2202 canonico
1235 2164 1281 2202 et
1314 2161 1440 2202 civili
1479 2194 1487 2202 .
1523 2194 1532 2202 .
1567 2194 1576 2202 .
1614 2160 1702 2203 ista
1739 2163 1846 2203 sunt
1879 2172 1984 2214 pro-

216 2228 371 2281 hibita,
407 2233 582 2272 constat
617 2242 702 2283 per
736 2233 876 2273 totam
912 2231 1111 2284 primam
1148 2243 1335 2274 causam
1368 2231 1679 2284 decretorum,
1716 2243 1806 2284 que
1842 2230 1984 2274 habet
2075 2273 2091 2288 2

219 2299 275 2339 VI
288 2299 302 2339 Ι
328 2299 660 2342 diffusissimas
685 2301 967 2354 questiones,
988 2305 1035 2343 et
1059 2305 1191 2344 extra
1214 2302 1272 2344 de
1296 2302 1507 2355 symonia
1526 2314 1613 2356 per
1633 2301 1817 2344 titulum
1839 2301 1983 2344 maxi-

217 2381 336 2410 mum
362 2373 406 2411 et
430 2371 662 2423 prolixum
687 2375 731 2413 et
754 2372 799 2413 in
826 2373 983 2415 multis
1007 2376 1052 2415 et
1077 2373 1277 2415 diversis
1297 2373 1472 2415 *iurium
1495 2372 1721 2426 partibus.
1757 2373 1813 2415 Et
1830 2384 1982 2426 pauca
2044 2388 2051 2402 ¹

219 2440 482 2492 recipiendo
507 2441 562 2483 de
589 2442 804 2494 pluribus
830 2446 874 2485 et
899 2443 1214 2485 convertendo
1238 2456 1310 2485 me
1334 2444 1396 2486 ad
1422 2456 1578 2486 casum
1602 2443 1796 2486 istarum
1820 2455 1983 2486 vacan-

2087 987 2102 1029 i

2091 1257 2102 1430 i

215 2509 355 2564 ci[ar]
370 2524 442 2551 um
482 2525 564 2553 seu
602 2512 916 2567 serviciorum,
955 2526 1045 2566 que
1081 2513 1208 2556 curia
1246 2514 1453 2557 Romana
1489 2514 1733 2568 usurpavit
1769 2511 1981 2568 recipere
2046 2524 2070 2530 ⁷·

216 2581 386 2631 passim
426 2582 596 2634 ubique
635 2587 866 2625 terrarum
904 2597 998 2626 non
1038 2597 1063 2627 a
1102 2585 1260 2628 multis
1298 2585 1588 2638 temporibus
1625 2585 1756 2638 citra,
1793 2596 1983 2638 semper

217 2651 433 2701 paulatim
478 2654 729 2695 crescendo
771 2667 917 2707 usque
962 2655 1019 2696 ad
1064 2656 1469 2708 consumpcionem
1513 2658 1560 2698 et
1601 2655 1735 2709 quasi
1779 2654 1983 2697 destruc-

216 2722 391 2762 cionem
446 2726 702 2765 ceterarum
759 2725 1109 2777 particularium
1163 2727 1482 2779 ecclesiarum,
1536 2738 1779 2780 quousque
1834 2737 1982 2767 mere-

216 2791 394 2832 tricium
429 2792 702 2836 detestabile
735 2796 1069 2847 prostribulum
1102 2797 1368 2839 venalitatis
1402 2796 1714 2850 spiritualium
1745 2796 1804 2839 sit
1835 2796 1983 2849 magis

215 2861 447 2911 pubchm
476 2867 520 2905 et
547 2864 729 2907 et't'rons
759 2899 767 2906 .
803 2899 811 2907 .
848 2900 855 2908 .
886 2879 1021 2919 quam
1052 2867 1300 2909 mulierum
1329 2879 1378 2910 se
1406 2868 1563 2920 palam
1590 2870 1637 2910 et
1661 2867 1849 2921 publice
1876 2878 1982 2920 pro-

217 2930 505 2974 stituencium
540 2938 804 2977 cunctorum
838 2936 896 2978 ad
928 2936 1172 2979 libidinem
1207 2971 1216 2980 .
1252 2970 1260 2980 .
1296 2971 1320 2992 .,
1354 2941 1424 2980 est
1455 2937 1606 2991 primo
1636 2937 1890 2980 videndum
1923 2935 1980 2979 de
2014 2928 2026 2970 ⁸—
