2227 3434
210 117 250 154 C.
291 118 367 154 Der
391 117 631 153 literarische
658 116 801 161 Kampf
825 127 888 152 um
916 116 979 152 (110
1005 116 1178 160 Stellung
1203 118 1272 151 des
1299 116 1458 159 Papstes
1484 127 1567 150 zum
1598 116 1742 150 Konzil.
1777 118 1860 159 719

211 237 364 280 Gladii
388 236 644 290 spiritualis
668 270 677 278 .
712 270 721 278 .
757 269 765 278 .
789 235 1173 289 execucionemst)
1211 235 1266 277 Et
1287 234 1595 288 supponendo
1615 235 1860 276 ecclesiam

93 307 268 350 habere
294 307 558 350 huiusmodi
585 310 876 360 potestatem,
902 310 1037 360 prout
1062 310 1214 360 teneo,
1240 310 1286 348 et
1308 306 1394 348 hoc
1419 309 1611 359 propter
1637 305 1861 358 quosdam

94 378 320 432 doctores,
347 379 424 431 qui
450 379 712 432 oppositum
739 377 973 433 senciunt,
987 381 1035 420 et
1058 378 1193 419 male.
1233 377 1433 419 Probavi
1457 377 1654 430 primam
1681 379 1860 429 partem

93 448 174 491 sic:
220 449 426 491 Ecclesia
458 452 528 491 est
558 449 780 490 duratura
811 460 958 501 usque
991 448 1049 490 ad
1080 448 1531 490 consummacionem
1558 448 1707 488 *seculi
1738 451 1783 490 et
1815 448 1861 488 in

93 519 189 561 side
232 532 325 562 non
367 519 568 561 deficiet.
624 519 745 572 Ergo
786 518 1165 572 inseperabiliter
1207 518 1348 560 habet
1388 519 1529 560 talem
1571 521 1860 571 potestatem.

93 589 398 643 Consequens
432 592 572 642 patet,
609 589 716 642 quia
753 589 889 631 aliter
925 589 982 631 ab
1020 589 1218 631 ecclesia
1254 589 1371 631 dicta
1407 592 1613 642 potestas
1651 589 1861 641 separari

92 673 185 704 non
209 664 375 714 potest,
399 660 489 702 nisi
515 661 617 713 ipsa
641 660 839 702 ecclesia
865 659 1115 702 deficiente
1142 659 1189 700 in
1214 672 1334 702 esse.
1372 660 1426 701 Et
1451 659 1734 702 antecedens
1758 671 1861 712 pro-

95 731 230 774 batur
261 731 430 774 Mathei
454 730 617 773 ultimo
642 734 688 773 et
714 730 834 772 Luce
861 730 1050 784 XXII.²)
1094 730 1216 783 Ergo
1240 731 1391 783 prima
1416 743 1528 783 pars
1554 743 1680 772 vera.

208 801 471 845 Secundam
495 813 608 844 vero
627 804 811 854 partem
836 800 1051 843 similiter
1074 800 1269 853 probavi
1295 801 1376 843 sic:
1415 801 1640 852 Quoniam
1665 801 1863 842 ecclesia

91 885 183 915 non
212 872 354 915 habet
380 872 708 914 execucionem
738 871 1003 914 huiusmodi
1033 872 1289 924 potestatis,
1317 871 1407 913 nisi
1439 884 1494 913 ea
1522 884 1647 924 papa
1672 874 1860 913 carente

94 944 168 986 vel
196 943 298 997 ipso
320 956 443 997 papa
469 943 760 996 illegitimato
787 945 863 984 aut
889 942 1113 995 depositO,
1141 955 1242 983 cum
1268 942 1487 984 execucio
1513 943 1755 995 potestatis
1781 942 1864 983 fiat

93 1027 179 1068 per
207 1018 343 1068 caput
374 1014 681 1056 multitudinis
712 1016 756 1055 et
785 1026 879 1054 non
908 1025 995 1066 per
1024 1013 1173 1066 ipsam
1203 1012 1546 1054 multitudinem
1576 1013 1787 1055 absolute
1819 1016 1863 1054 et

92 1084 177 1127 hoc
210 1085 267 1127 de
297 1084 402 1127 iure
433 1084 606 1138 divino,
639 1085 841 1126 naturali
876 1087 921 1126 et
952 1083 1156 1126 humano
1188 1087 1233 1126 et
1266 1083 1654 1136 quemadmodum
1688 1083 1735 1125 in
1769 1095 1864 1124 ser-

93 1168 243 1209 mone,
283 1167 421 1208 quam
461 1154 551 1197 feci
593 1155 822 1197 dominica
868 1154 1099 1197 Invocavit
1140 1155 1187 1195 in
1229 1155 1329 1196 loco
1371 1154 1596 1196 sessionis
1639 1154 1862 1196 diffusius

93 1225 341 1279 declaravi,
368 1226 426 1268 ad
452 1238 590 1278 quem
617 1238 689 1268 me
718 1225 890 1268 remisi.
930 1225 984 1267 Et
1009 1229 1059 1267 ut
1085 1237 1158 1266 me
1185 1225 1337 1278 ipsum
1365 1237 1614 1277 exponam:
1649 1225 1862 1277 Intelligo

92 1297 164 1339 hic
189 1310 274 1350 per
298 1300 575 1350 potestatem
601 1297 860 1350 spiritualis
885 1295 1219 1339 iurisdictionis
1246 1296 1394 1348 ipsam
1422 1296 1712 1348 spiritualem
1738 1299 1863 1349 pote-

93 1371 271 1421 statem,
306 1370 446 1422 prout
482 1366 783 1421 distinguitur
819 1379 846 1410 a
881 1369 1109 1420 potestate
1147 1366 1323 1408 ordinis
1358 1366 1459 1408 sive
1496 1366 1759 1409 caracteris.
1811 1366 1864 1407 Et

91 1438 209 1480 hanc
235 1438 336 1480 dico
363 1438 531 1480 virtute
559 1438 732 1492 qua-sia)
764 1437 1134 1491 aptitudinaliter
1159 1449 1266 1480 esse
1295 1437 1341 1478 in
1369 1437 1580 1479 ecclesia.
1621 1437 1711 1478 Per
1737 1439 1863 1490 pote-

93 1511 258 1551 statem
289 1521 403 1552 vero
433 1509 730 1551 execucionis
764 1508 974 1561 intelligo
1007 1508 1206 1550 eandem
1238 1511 1528 1561 potestatem,
1562 1507 1609 1549 in
1641 1510 1864 1560 quantum

95 1583 164 1622 est
186 1579 233 1621 in
255 1583 371 1633 actu,
395 1580 492 1622 sive
516 1579 790 1621 formaliter.
826 1579 953 1621 Hanc
976 1591 1088 1632 ergo
1109 1582 1400 1632 potestatem,
1421 1582 1470 1620 ut
1494 1579 1541 1620 in
1562 1578 1747 1632 prefato
1769 1591 1864 1620 ser-

92 1662 228 1693 mone
257 1649 506 1703 declaravi,
536 1650 638 1692 dico
666 1663 692 1692 a
721 1649 906 1692 Christo
933 1649 1081 1692 fuisse
1110 1649 1324 1692 collatam
1351 1650 1565 1702 ecclesie,
1595 1648 1864 1702 accipiendo

93 1721 353 1775 ecclesiam,
374 1724 510 1774 prout
528 1720 724 1762 includit
742 1721 953 1763 membra
971 1733 1074 1762 cum
1095 1720 1244 1773 capite
1266 1720 1647 1773 inseperabiliter
1667 1724 1713 1763 et
1733 1720 1865 1762 abso-

92 1791 186 1834 lute
222 1791 374 1845 quoad
408 1791 788 1846 iurisdictionem,
821 1791 906 1833 hoc
941 1795 1011 1833 est
1044 1791 1175 1844 quasi
1210 1791 1379 1833 virtute
1412 1793 1459 1832 et
1493 1790 1862 1844 aptitudinalem,

92 1873 178 1915 per
205 1861 390 1904 modum
418 1874 529 1904 vero
559 1862 785 1904 actualem
814 1865 858 1904 et
883 1862 1178 1907 executivum
1206 1874 1299 1904 non
1327 1861 1553 1915 absolute,
1583 1865 1652 1904 set
1678 1861 1726 1902 in
1754 1873 1863 1903 casu

92 1945 200 1975 esse
235 1937 390 1976 sancte
426 1933 623 1974 ecclesie
657 1932 886 1985 collatam,
922 1932 1108 1985 quando
1143 1932 1317 1974 scilicet
1351 1933 1550 1974 ecclesia
1582 1945 1705 1985 papa
1737 1934 1864 1974 caret

93 2006 170 2045 aut
193 2016 316 2057 papa
341 2003 443 2057 ipse
466 2006 593 2045 esset
617 2002 935 2057 illegitimatus
960 2004 1034 2044 vel
1058 2003 1313 2056 depositus.
1352 2003 1420 2044 Ex
1446 2002 1614 2056 quibus
1639 2003 1863 2056 sequitur,

92 2073 228 2127 quod,
261 2074 370 2127 quia
401 2086 601 2127 presens
637 2073 998 2116 Constanciense
1033 2073 1275 2115 concilium
1309 2086 1432 2127 papa
1463 2071 1646 2127 caret,¹‘)
1681 2073 1865 2127 haber).

92 2157 273 2187 sacrum
309 2145 555 2187 concilium
589 2145 850 2198 plenariam
887 2145 1030 2198 gladii
1069 2144 1326 2197 spiritualis
1363 2147 1638 2197 potestatem
1674 2147 1720 2186 et
1756 2156 1863 2186 ean-

92 2214 197 2256 dem
230 2226 418 2268 semper
447 2215 609 2258 habuit
639 2218 743 2269 post
776 2215 1201 2268 illegitimacionem
1233 2214 1406 2268 prefati
1439 2215 1549 2257 olim
1583 2214 1755 2257 domini
1790 2215 1863 2256 Jo-

91 2285 260 2328 hannis
296 2297 348 2328 ac
380 2297 466 2339 per
501 2298 807 2339 consequens,
844 2285 966 2339 quod
1000 2298 1199 2338 presens
1235 2285 1477 2327 concilium
1512 2285 1659 2339 potuit
1694 2285 1862 2327 dictum

92 2355 353 2398 Johannem
383 2356 524 2398 velud
554 2356 893 2409 illegitimatum
924 2360 1028 2409 post
1057 2356 1214 2409 fugam
1240 2356 1345 2398 eius
1375 2356 1431 2398 de
1464 2356 1581 2398 dicto
1613 2355 1809 2397 concilio
1836 2368 1862 2396 a

92 2429 264 2480 papatu
290 2425 543 2480 deponere,
569 2430 721 2480 potest
747 2431 791 2470 et
816 2427 963 2480 potuit
989 2427 1287 2469 decernenda
1314 2440 1401 2480 pro
1424 2427 1547 2469 bono
1573 2429 1692 2469 statu
1718 2427 1862 2468 eccle-

94 2497 162 2539 sie
202 2500 248 2540 et
287 2497 488 2540 maxime
529 2497 575 2538 in
616 2498 811 2540 materia
851 2497 966 2539 fidei
1008 2497 1321 2539 determinare
1363 2501 1409 2540 et
1448 2497 1674 2550 diffinire,
1715 2498 1861 2550 potuit

93 2579 280 2610 errores
303 2570 349 2610 et
370 2570 522 2621 potest
544 2571 702 2610 contra
726 2567 870 2610 fidem
896 2580 946 2610 ac
970 2568 1201 2610 hereticos
1224 2568 1583 2620 condempnare,
1609 2568 1862 2609 electiones

92 2636 388 2691 confirmare,
420 2637 853 2681 administraciones
883 2639 1187 2680 ecclesiarum
1218 2638 1474 2680 concedere
1507 2642 1551 2681 et
1583 2639 1726 2680 multa
1755 2638 1861 2679 offi-

93 2706 162 2750 cia
189 2707 306 2750 alias
331 2708 521 2761 papalia
547 2721 786 2761 exercere,
813 2721 1091 2762 quamquam
1119 2722 1179 2751 ex
1207 2708 1570 2750 racionabilibus
1597 2709 1749 2750 causis
1779 2708 1861 2749 hoc

201 2847 231 2879 a)
259 2846 306 2873 Hs
326 2845 410 2880 solut
431 2846 510 2873 sive.
586 2847 618 2880 b)
646 2848 692 2875 113
715 2846 798 2881 sely!
820 2847 926 2881 quoad
950 2846 1028 2873 (111111
1051 2846 1243 2879 (11·01101111111
1267 2846 1462 2880 depositum.
1537 2853 1564 2872 (·1
1588 2846 1631 2871 lls
1652 2845 1733 2877 l'0151‘
1756 2843 1862 2878 qimail

93 2892 171 2919 olim
191 2891 372 2920 Johannem
394 2893 638 2927 illegitimatmn
662 2893 767 2921 credit
789 2894 895 2928 quoad
919 2893 1132 2920 Remedia-tum
1154 2894 1272 2928 ipsum.

214 2953 245 2995 ¹)
281 2952 354 2995 1⁷91.
381 2953 479 2988 oben
503 2953 537 2987 S.
563 2954 640 2988 705.

213 3012 245 3053 ²)
273 3010 390 3047 Math.
413 3011 470 3053 28,
495 3011 558 3054 20;
585 3011 671 3046 Luc.
695 3011 752 3053 22,
775 3012 820 3046 31
844 3010 871 3055 Ῐ.
