2102 3444
228 148 314 190 334
766 148 789 181 l.
816 147 1026 181 Abs-chnut.
1065 146 1465 191 Konzilstagebiicher.

230 270 453 319 tenorem,
482 270 527 308 et
555 269 791 319 postremo
820 266 877 308 ad
905 269 1086 308 vestras
1115 275 1281 307 revmes
1309 266 1614 319 paternitates
1642 270 1686 308 et
1714 278 1893 309 sacram
1921 265 2001 307 im-

231 338 459 390 perialem
484 336 786 390 maiestatem,
812 336 1065 379 secundum
1091 337 1213 389 quod
1239 337 1295 379 de
1322 350 1377 379 ea
1401 350 1519 380 nova
1546 338 1591 379 in
1616 336 1845 379 Avinione
1868 349 2001 390 repe-

231 408 420 461 riemus,
454 420 644 461 gressus
679 410 863 450 nostros
898 411 1023 450 recta
1058 408 1131 449 via
1166 407 1352 450 favente
1390 409 1488 450 Deo
1523 408 1791 461 dirigemus,
1824 410 2001 459 cuncta,

232 480 523 532 queegimus
548 482 592 520 et
616 479 893 531 reperimus,
918 490 1007 531 que
1032 490 1197 531 magna
1221 482 1265 520 et
1289 479 1417 521 varia
1442 483 1561 531 sunt,
1587 477 1811 521 seriosius
1834 481 1879 520 et
1902 490 2002 520 ore—

230 553 379 602 tenus,
412 549 666 592 secundum
696 549 819 602 quod
850 549 974 590 Deus
1005 549 1299 602 ministrabit,
1331 550 1498 592 vestris
1528 548 1686 591 revmis
1716 548 2002 602 paternitati-

233 620 318 663 bus
356 619 640 662 ennaraturi.
691 620 746 662 Et
782 620 888 662 ideo
925 633 950 662 a
986 620 1231 673 prolixiori
1270 620 1623 674 supersedimus
1662 620 1906 674 scriptura,
1941 631 2001 661 ne

232 694 490 733 vestrarum
529 700 762 733 revmarum
800 692 1131 744 paternitatum
1172 704 1310 734 aures
1348 691 1544 734 ulterius
1584 691 1875 745 attediemus,
1913 703 2002 744 que

233 762 365 805 nobis
389 763 486 805 suis
508 762 764 804 humilibus
788 762 1094 805 servitoribus
1117 766 1161 804 et
1184 763 1447 805 oratoribus
1471 762 1715 816 precipere
1740 761 2002 815 dignentur,

232 845 414 886 queque
441 833 556 886 ipsis
577 836 708 887 grata
732 837 778 876 et
800 846 881 876 eas
905 833 1191 876 felicissimis
1215 846 1316 875 cum
1340 833 1640 876 incrementis
1664 833 1722 876 ad
1746 832 2002 886 perfectam

232 908 275 946 et
296 904 495 946 votivam
516 904 737 945 unionem
761 904 957 947 ecclesie
981 907 1136 947 sancte
1160 908 1204 946 et
1226 905 1373 958 ipsius
1396 904 1599 946 debitam
1622 903 2002 946 reformationem

232 978 476 1017 conservet
515 974 770 1017 altissimus
812 976 857 1017 in
899 975 1188 1028 longitudine
1231 975 1411 1017 dierum
1453 978 1620 1029 optata.
1674 974 1838 1028 Script.
1879 974 2003 1028 apud

233 1046 529 1088 Vallemoleti
565 1046 912 1089 Palentinensis
948 1046 1147 1089 diocesis
1182 1046 1329 1088 XXII.
1365 1046 1539 1088 mensis
1575 1045 1716 1099 Junii,
1753 1045 2003 1088 indictione

232 1129 367 1170 nona,
397 1116 650 1170 apostolica
678 1117 789 1159 sede
816 1120 1022 1159 vacante.

348 1187 500 1230 Revmi
525 1201 569 1242 p.
598 1191 643 1230 et
669 1188 710 1230 d.
738 1189 885 1231 nostri
913 1188 1292 1241 prestantissimi!
1335 1189 1442 1231 Post
1470 1188 1622 1231 datam
1650 1188 1786 1231 nobis
1813 1200 2004 1242 respon-

233 1260 411 1301 sionem
436 1262 482 1301 et
503 1262 748 1312 postquam
772 1259 903 1301 vobis
928 1259 1213 1313 scripsimus,
1236 1263 1285 1301 ut
1309 1272 1451 1313 supra
1475 1259 1750 1312 continetur,
1773 1261 1819 1301 et
1841 1259 2004 1301 literas

232 1330 277 1371 in
307 1330 585 1372 Avinionem
615 1330 656 1372 d.
687 1331 946 1373 camerario
976 1330 1107 1372 vobis
1136 1330 1385 1373 mittendas
1416 1330 1626 1373 misimus
1655 1343 1741 1384 per
1771 1329 2003 1384 quendam

233 1401 498 1455 Henricum,
522 1413 660 1455 quem
683 1401 725 1444 d.
749 1404 908 1444 nostro
933 1401 1203 1454 imperatori
1229 1414 1455 1455 expresse
1482 1401 1832 1455 destinavimus,
1857 1400 2005 1454 inqui-

234 1472 425 1515 sivimus
462 1472 518 1514 de
557 1475 782 1526 tempore,
820 1471 945 1515 infra
982 1472 1105 1526 quod
1140 1471 1313 1526 prefati
1352 1471 1714 1515 ambassiatores
1750 1471 1862 1514 illuc
1898 1483 2003 1514 esse

232 1544 412 1596 possint
434 1543 645 1586 finaliter
668 1556 694 1586 a
718 1543 759 1586 d,
784 1542 1134 1597 archiepiscopo
1157 1542 1428 1596 Tholetano,
1452 1543 1530 1596 qui
1553 1545 1674 1586 totus
1698 1545 1769 1585 est
1790 1542 1838 1584 in
1860 1545 2004 1584 totum

232 1616 277 1655 et
308 1614 409 1657 sine
440 1627 531 1667 quo
559 1614 675 1656 nihil
704 1613 893 1668 penitus
921 1614 979 1656 fit
1004 1614 1055 1656 fin
1082 1615 1175 1657 sisto
1204 1627 1366 1668 regno3
1398 1614 1661 1668 habuimus,
1693 1613 1816 1667 quod
1845 1612 2005 1666 credi-t,

233 1685 357 1737 quod
384 1685 526 1728 iidem
555 1685 931 1739 ambassiatores,
962 1685 1040 1738 qui
1068 1698 1154 1739 per
1184 1685 1226 1727 d.
1256 1697 1414 1739 regem
1445 1685 1712 1738 Aragonum
1740 1683 2007 1727 transibunt

234 1759 278 1798 et
311 1759 448 1799 erunt
481 1756 546 1798 XI
580 1768 793 1798 numero:
831 1756 922 1798 duo
956 1756 1178 1810 episcopi,
1214 1756 1304 1798 duo
1338 1756 1555 1809 barones,
1590 1755 1680 1798 duo
1715 1754 1924 1809 magistri
1958 1755 2005 1796 in

233 1826 480 1881 theologia,
501 1829 598 1871 tres
620 1827 832 1870 doctores
852 1827 900 1869 in
922 1827 1023 1869 iure
1045 1830 1091 1870 et
1113 1827 1203 1870 duo
1225 1827 1480 1881 secretarii,
1503 1839 1700 1880 quorum
1718 1826 1908 1869 nomina
1929 1825 2006 1868 ad-

233 1898 321 1939 huc
353 1897 562 1950 perfecte
597 1899 716 1940 scire
747 1911 842 1941 non
874 1899 1204 1952 potuissemus,
1234 1902 1345 1940 'sunt
1374 1901 1545 1951 tamen,
1576 1900 1626 1939 ut
1656 1897 1795 1940 nobis
1825 1896 2006 1949 dicitur,

235 1967 523 2012 affectionali
549 1969 612 2011 ad
640 1969 860 2011 unionem
889 1972 936 2012 et
964 1970 1097 2012 nullo
1126 1969 1264 2011 modo
1289 1970 1514 2022 suspectu
1549 1967 1816 2011 Constantie
1846 1967 2007 2010 verisi-

236 2039 408 2082 militer
445 2052 550 2083 esse
588 2043 805 2094 poterunt
843 2040 967 2082 infra
1004 2040 1120 2083 duos
1159 2052 1345 2083 menses
1384 2052 1408 2082 a
1447 2040 1536 2082 dat.
1573 2039 1864 2093 presentium
1901 2050 2006 2081 con-

235 2110 479 2163 putandos.

354 2182 469 2224 Item
498 2182 633 2223 litere
664 2182 982 2224 convocatorie
1013 2196 1039 2225 a
1067 2182 1203 2225 nobis
1233 2185 1445 2224 emanate
1474 2181 1744 2223 execucioni
1774 2181 1892 2223 reali
1921 2191 2006 2234 per

236 2256 378 2295 totum
402 2253 526 2295 istud
549 2265 744 2306 regnum
768 2253 1109 2295 demandantur
1133 2256 1178 2295 et
1201 2254 1323 2295 ultra
1347 2265 1432 2294 rex
1455 2252 1644 2295 mandat
1665 2264 1752 2306 per
1775 2264 1884 2294 suas
1907 2250 2006 2293 lite-

236 2335 326 2378 ras,
353 2323 475 2377 quod
500 2335 661 2366 omnes
686 2323 988 2377 generalibus
1014 2323 1221 2366 conciliis
1247 2323 1476 2366 interesse
1501 2323 1710 2366 consueti
1735 2322 1907 2365 vadant
1930 2321 2005 2363 vel

237 2392 426 2438 mittant.

356 2465 471 2508 Item
509 2464 665 2508 sciatis
701 2465 824 2518 quod
861 2465 977 2508 salvi
1016 2465 1268 2508 conductus
1304 2465 1345 2507 d.
1384 2465 1679 2519 imperatoris
1716 2467 1761 2507 et
1797 2464 1839 2506 d.
1877 2463 2007 2506 ducis

238 2535 505 2589 Burgunldire
541 2536 735 2578 multum
771 2537 999 2577 instanter
1033 2550 1059 2578 a
1091 2536 1227 2578 nobis
1260 2538 1481 2589 petuntur
1514 2539 1561 2578 et
1595 2536 1704 2577 licet
1734 2534 2006 2586 dixerimus,

238 2606 360 2659 quod
393 2606 451 2649 ad
483 2606 614 2649 illum
647 2606 689 2649 d.
722 2605 990 2660 Burgundie
1022 2619 1114 2648 non
1145 2609 1373 2659 tenemur,
1406 2607 1514 2659 quia
1546 2618 1639 2648 non
1671 2605 1726 2648 fit
1756 2605 1929 2648 mentio
1960 2605 2007 2646 in

238 2677 465 2731 capitulis,
502 2677 659 2720 dicunt
693 2680 862 2730 tamen,
900 2677 1022 2730 quod
1059 2677 1229 2719 dictum
1265 2677 1353 2719 fuit
1388 2677 1434 2718 in
1470 2677 1687 2719 Narbona
1722 2679 1768 2718 et
1805 2674 1928 2730 quod
1962 2674 2004 2716 d.

236 2750 394 2790 noster
426 2748 680 2801 imperator
708 2748 837 2801 dixit,
868 2748 990 2801 quod
1022 2748 1281 2790 mitteretur
1311 2760 1412 2807 cum
1443 2747 1561 2790 aliis.
1608 2747 1718 2790 Ideo
1747 2745 2006 2800 expediret,

237 2819 359 2871 quod
384 2819 464 2861 ille
490 2819 532 2861 d.
560 2818 854 2872 imperatoris
881 2819 1070 2861 omnino
1094 2818 1354 2861 mitteretur
1378 2817 1656 2861 Avinionem
1681 2817 1723 2860 d.
1750 2816 2005 2860 camerario

236 2901 321 2941 pro
349 2889 578 2932 tradendo
605 2889 737 2933 dictis
766 2889 1180 2932 ambassiatoribus
1208 2889 1271 2931 ibi
1298 2889 1373 2931 vel
1400 2901 1548 2943 prope
1575 2887 1854 2931 transituris.
1893 2887 2004 2930 Nam

239 2970 465 3013 expresse
490 2959 658 3002 dictum
680 2963 754 3003 est
774 2960 924 3014 nobis,
949 2960 1072 3014 quod
1094 2960 1196 3002 sine
1221 2960 1302 3002 illo
1326 2960 1490 3002 saltem
1515 2959 1556 3002 d.
1581 2959 1876 3013 imperatoris
1899 2956 2004 3000 dicti

240 3030 600 3074 ambassiatores
630 3031 671 3073 d.
702 3031 898 3074 Francie
925 3043 1019 3073 non
1049 3030 1255 3073 exibunt.
