2102 3444
260 130 346 173 314
795 130 820 164 Ι.
848 129 1058 164 Abschnitt.
1098 129 1497 174 Konzilstagebiicher.

261 250 499 301 exstitere,
536 249 706 302 quique
744 261 910 290 revera
947 248 1129 301 negotia
1166 249 1353 291 unionis
1390 250 1648 302 sinceriter,
1685 250 1951 293 cordialiter
1986 253 2031 293 et

262 319 524 373 diligenter,
546 323 767 372 quantum
790 319 1087 372 perpendere
1109 332 1370 372 possumus,
1391 324 1739 374 prosequuntur
1761 321 1901 363 scribi
1923 321 2031 363 faci-

263 403 376 441 mus,
402 394 449 432 ut
478 390 598 432 idem
627 390 667 431 d.
695 402 777 431 rex
805 389 975 431 nostris
1002 390 1262 442 pleniorem
1291 390 1473 444 scriptis
1499 391 1718 433 adhibeat
1743 390 1902 434 fidem.
1941 392 2031 434 Nec

263 462 352 503 alia
380 461 586 503 scribere
613 461 837 512 valemus,
864 461 951 503 nisi
979 461 1102 513 quod
1129 473 1237 514 spes
1262 461 1383 503 bona
1408 462 1543 505 nobis
1568 462 1673 504 data
1699 462 1786 504 fuit
1811 466 1857 505 et
1882 462 2031 515 datur,

261 532 382 583 quod
415 531 615 573 feliciter
645 531 849 584 expediti
886 531 989 573 licet
1019 532 1151 573 tarde
1184 532 1471 585 recedemus,
1501 536 1547 575 et
1576 533 1699 585 quod
1729 533 2033 575 serenissimo

263 603 303 643 d.
345 606 503 644 nostro
544 602 812 655 imperatori
855 602 919 643 nil
963 602 1207 645 scribimus
1249 604 1398 656 ipsum
1442 603 1609 646 abesse
1651 606 1881 657 putantes.
1935 637 1943 645 .
1979 637 1987 645 .
2023 637 2031 646 .

261 673 490 726 Scriptum
517 673 766 715 Valleoleti
797 673 1144 716 Palentinensis
1170 673 1370 717 diocesis
1396 674 1539 717 tercia
1567 674 1740 716 mensis
1769 674 1909 717 Junii.

380 744 601 786 Preterea
638 744 775 786 revmi
810 757 852 797 p.
889 748 933 786 et
969 745 1009 788 d.
1046 745 1193 787 nostri
1229 745 1614 797 metuendissimi,
1650 748 1894 798 postquam
1929 757 2033 799 pre-

262 817 418 857 sentes
445 814 637 856 fuerunt
664 815 836 869 clause,
866 815 1198 869 intelleximus,
1228 815 1350 869 quod
1380 816 1421 858 d.
1451 828 1534 858 rex
1565 819 1610 857 et
1637 816 1800 869 regina
1830 815 2032 859 Castelle

262 885 391 927 vobis
427 889 471 927 et
505 886 546 927 d.
582 889 741 928 nostro
776 886 1045 939 imperatori
1083 886 1289 929 scribunt
1322 886 1539 928 celeriter
1573 887 1637 929 sic
1672 886 1794 940 quod
1827 887 2032 940 nuntius,

263 960 309 998 ut
333 956 513 1010 dicitur,
537 957 626 998 erit
649 957 695 998 in
719 957 843 999 dieta
867 958 941 999 vel
965 958 1098 1000 circa.
1134 956 1226 1000 Sed
1249 957 1374 1011 quid,
1397 958 1584 1010 penitus
1607 957 1888 1012 ignoramus,
1912 957 2033 1012 quia,

261 1030 504 1080 postquam
539 1040 698 1069 eorum
733 1041 826 1070 non
860 1028 1199 1081 acceptavimus
1233 1029 1469 1081 minutam,
1502 1029 1569 1070 nil
1604 1029 1739 1071 nobis
1774 1040 1917 1082 super
1948 1028 2034 1071 hoc

262 1112 346 1151 pro
382 1111 543 1140 eorum
580 1102 712 1152 parte
752 1099 920 1141 dictum
959 1099 1045 1141 fuit
1082 1112 1165 1141 seu
1204 1100 1381 1153 aliquid
1419 1099 1815 1142 communicatum.
1867 1099 2033 1142 Datum

261 1169 340 1211 ubi
371 1182 526 1222 supra.

381 1241 628 1294 Postquam
666 1241 804 1283 etiarn
842 1241 925 1282 hec
964 1241 1133 1294 scripta
1171 1242 1259 1283 fuit
1294 1241 1517 1293 clausula,
1554 1242 1690 1284 nobis
1727 1241 1896 1284 dictum
1934 1241 2034 1294 fuit,

262 1312 383 1364 quod
416 1313 646 1354 veraciter
681 1312 722 1355 d.
758 1325 842 1354 rex
876 1312 1036 1355 scribit
1067 1313 1199 1354 vobis
1232 1313 1364 1365 quasi
1400 1312 1446 1354 in
1479 1312 1631 1355 forma
1661 1312 1810 1366 prime
1844 1312 2034 1364 minute,

264 1384 392 1425 salvo
415 1383 538 1436 quod
561 1383 759 1436 additur,
783 1383 906 1436 quod
929 1384 1146 1426 celeriter
1169 1384 1227 1425 ad
1248 1396 1330 1425 vos
1353 1397 1462 1426 suos
1485 1383 1847 1426 ambassiatores
1870 1383 1927 1425 de
1951 1396 2033 1426 sua

263 1454 517 1497 intentione
555 1453 768 1508 plenarie
807 1454 1081 1496 informatos
1120 1455 1267 1496 mittet
1303 1454 1523 1508 rogando,
1560 1458 1610 1496 ut
1646 1455 1693 1496 in
1731 1453 1855 1496 dieta
1891 1466 2034 1508 super

263 1525 455 1578 agendis
483 1524 796 1578 supersedere
824 1525 991 1567 velitis.
1031 1525 1197 1567 Datum
1222 1529 1270 1567 ut
1297 1538 1438 1578 supra
1469 1525 1575 1567 IIII.
1603 1525 1729 1567 Julii.
1769 1525 2032 1567 Earundem

264 1609 357 1639 rev.
398 1598 729 1650 paternitatum
769 1597 972 1639 humiles
1014 1597 1267 1639 servitores
1307 1600 1351 1638 et
1393 1596 1545 1638 devoti
1587 1599 1796 1639 oratores
1838 1595 2033 1638 Michael
2092 1639 2097 1644 ,

263 1669 374 1710 Jack
413 1669 562 1721 miles,
600 1668 855 1710 Ottobonus
893 1668 950 1709 de
987 1668 1195 1710 Bellonis
1232 1667 1625 1721 prothonotariUS,
1664 1667 1940 1710 Lambertus
1977 1667 2034 1708 de

263 1739 427 1792 Stipite
463 1740 593 1792 prior
629 1742 726 1792 etc.,
764 1739 929 1781 Petrus
966 1739 1022 1780 de
1059 1738 1235 1781 Trilhia
1272 1738 1639 1781 archidiaconus.

382 1809 524 1863 Copia
557 1810 730 1851 minute
765 1809 1020 1862 literarum,
1054 1823 1168 1863 quas
1201 1810 1242 1851 d.
1277 1822 1361 1851 rex
1394 1813 1440 1851 et
1472 1809 1633 1862 regina
1667 1809 1871 1852 Castelle
1904 1821 2036 1852 sacro

265 1880 458 1923 concilio
502 1881 854 1923 Constanciensi
899 1881 1105 1923 scribere
1151 1881 1385 1922 debebant
1428 1880 1486 1922 ad
1527 1880 1902 1934 procurationem
1944 1893 2036 1922 am-

265 1952 556 1994 bassatorum
585 1952 625 1993 d.
655 1951 951 2004 imperatoris
978 1965 1063 2005 pro
1091 1953 1391 1994 excusatione
1421 1964 1548 1993 more
1576 1964 1661 2004 per
1688 1964 1768 1994 eos
1795 1951 1868 1993 hic
1896 1950 2033 2001 facte;

265 2036 379 2075 quas
407 2023 569 2066 literas
597 2035 681 2064 seu
709 2022 931 2065 minutam
958 2024 1210 2065 noluerunt
1240 2023 1380 2064 iidem
1409 2022 1753 2065 ambassatores
1782 2025 2036 2075 acceptare,

265 2095 478 2137 videntes
501 2094 624 2147 quod
648 2107 740 2136 non
764 2098 835 2136 est
856 2094 982 2136 utilis
1005 2107 1089 2147 pro
1112 2094 1283 2136 unione
1308 2106 1469 2135 eorum
1493 2093 1676 2136 iudicio.

383 2165 622 2208 <Iohannes
651 2165 735 2207 Dei
762 2166 910 2218 gratia
938 2178 1022 2207 rex
1051 2165 1254 2207 Castelle
1281 2168 1326 2206 et
1352 2164 1570 2218 Legionis
1595 2167 1679 2206 etc.
1718 2165 1828 2206 Rev.
1855 2163 1901 2206 in
1930 2164 2034 2207 Chr.

265 2249 306 2288 p.
338 2237 599 2289 ceterisque
630 2236 982 2279 venerabilibus
1012 2240 1056 2278 et
1086 2237 1289 2289 egregiis
1319 2235 1431 2278 viris
1459 2235 1661 2278 nationis
1696 2235 1866 2288 Italice,
1897 2234 2037 2277 Galli-

265 2319 393 2359 cane,
423 2306 700 2349 Germanice
731 2311 774 2349 et
804 2307 1058 2360 Anglicane
1090 2308 1135 2348 in
1164 2306 1522 2360 congregatione
1553 2305 1905 2349 Constanciensi
1934 2319 2037 2359 pre-

267 2379 528 2420 sentialiter
551 2378 860 2421 existentibus
884 2378 1043 2420 amicis
1067 2382 1113 2420 et
1136 2378 1366 2420 benivolis
1390 2379 1562 2420 nostris
1588 2377 1833 2420 sinceriter
1856 2377 2038 2419 dilectis

268 2449 464 2491 salutem
489 2452 534 2491 et
556 2461 625 2502 ea,
650 2462 738 2501 que
764 2450 891 2502 pacis
917 2449 1112 2491 ecclesie
1140 2452 1258 2501 sunt,
1283 2448 1541 2491 efficaciter
1566 2448 1736 2490 intueri
1759 2461 1844 2501 pro
1869 2448 2037 2489 mentis

267 2519 441 2562 afFectu
466 2523 622 2561 sancte
648 2523 692 2561 et
719 2520 971 2562 salubriter
996 2519 1242 2561 moderari.
1281 2519 1462 2562 Literas
1488 2519 1675 2572 quidem
1699 2521 1880 2561 vestras
1903 2530 2037 2560 exor-

267 2590 497 2646 tatoriasa)
537 2591 592 2632 ad
630 2590 1009 2644 prosequtionem
1044 2590 1230 2632 unionis
1267 2590 1463 2632 ecclesie
1499 2590 1651 2643 pridie
1686 2590 1823 2632 nobis
1858 2589 2036 2632 oblatas

268 2675 352 2714 per
375 2662 560 2704 nobiles
585 2665 628 2703 et
654 2661 866 2715 egregios
891 2661 1014 2704 viros
1038 2661 1314 2703 Ottobonum
1341 2661 1397 2702 de
1423 2661 1631 2704 Bellonis
1655 2660 1897 2713 utriusque
1922 2659 2036 2702 iuris

267 2733 515 2785 doctorem,
555 2732 825 2774 Michaelem
862 2732 975 2774 Jack
1012 2732 1218 2784 militem,
1255 2732 1551 2774 Lambertum
1588 2731 1645 2773 de
1682 2731 1844 2785 Stipite
1880 2731 2038 2773 decre-

267 2807 415 2845 torum
445 2803 693 2856 doctorem,
720 2804 925 2856 priorem
955 2803 1011 2845 de
1041 2802 1278 2856 Bortraya,
1308 2816 1358 2845 ac
1387 2803 1574 2844 Petrum
1604 2802 1660 2844 de
1689 2802 1864 2844 Trilhia
1893 2800 2036 2844 archi-

269 2875 511 2917 diaconum
552 2875 597 2916 in
636 2874 833 2916 ecclesia
872 2873 1085 2916 Albiensi
1124 2873 1413 2915 serenissimi
1451 2873 1677 2926 principis
1715 2873 1840 2926 regis
1877 2872 2037 2914 Roma-

268 2958 431 2987 norum
471 2958 657 2998 semper
695 2945 876 2999 augusti
915 2945 1075 2987 fratris
1112 2945 1257 2986 nostri
1296 2944 1523 2986 carissimi
1561 2947 1784 2996 oratores,
1822 2955 1906 2985 nec
1944 2954 2034 2985 non

372 3049 402 3081 a)
424 3049 461 3075 Ο.-
485 3048 702 3076 executorias.
