2102 3444
250 146 336 188 308
787 145 812 179 Ι.
838 144 1048 180 Abschnitt.
1088 144 1489 189 Konzilstagebiicher.

251 263 532 316 Aragonum,
562 264 607 304 in
636 264 720 305 hoc
748 275 893 316 regno
920 263 1148 316 publicari
1178 266 1223 305 et
1251 263 1504 306 observare
1534 264 1869 306 inviolabiliter
1898 277 2022 307 man-

252 334 401 387 daret;
430 336 537 376 item
564 334 685 387 quod
712 334 856 376 dictas
881 334 1060 375 litteras
1085 334 1428 376 convocatorias
1453 335 1664 388 exsequi,
1691 338 1737 376 ut
1762 335 2022 389 tenebatur,

253 406 408 448 facere
433 418 518 446 nec
541 418 632 446 non
657 405 893 447 solemnes
917 405 1279 447 ambassiatores
1301 405 1424 459 regis
1449 409 1493 448 et
1516 407 1676 459 regine
1702 418 1802 447 cum
1826 407 2022 460 prelatis

252 480 297 518 et
316 477 420 519 aliis
442 476 649 518 conciliis
669 475 971 528 generalibus
994 476 1222 518 interesse
1244 476 1392 519 solitis
1413 477 1537 529 apud
1558 477 1875 520 Constantiam
1897 489 2022 519 man-

251 547 378 599 dare,
411 547 473 588 sic
506 545 765 599 quod'ante
797 549 980 599 tempus
1013 547 1151 600 diete,
1182 559 1272 600 que
1304 560 1409 590 esse
1442 548 1582 590 debet
1612 551 1775 601 quarta
1806 547 2022 590 instantis

250 618 424 659 mensis
453 617 580 670 Julii,
610 618 774 659 saltem
803 617 1147 660 ambassatores
1177 618 1286 660 illuc
1315 618 1552 671 adessent3
1584 621 1820 671 postremo
1847 622 1892 661 et
1920 619 2023 660 ulti-

252 701 338 742 mo,
361 689 484 741 quod
506 688 563 729 de
587 688 705 730 dicta
729 687 1031 730 subtraxione
1055 692 1100 730 et
1122 689 1223 731 eius
1246 689 1405 731 fienda
1427 690 1742 743 publicatione
1766 702 1815 731 ac
1839 690 1896 731 de
1920 702 2023 732 con-

253 759 518 801 firmatione
556 759 863 812 capItulorum
901 760 1041 801 etiam
1080 760 1199 802 facta
1238 763 1281 802 et
1322 760 1522 813 sigillata
1561 773 1611 802 ac
1650 760 1797 814 ipsius
1835 760 2021 803 domine

253 830 411 883 regine
433 842 574 872 manu
596 830 872 883 subscripta,
896 831 1011 872 sicut
1033 831 1074 872 d.
1100 832 1351 884 imperator
1374 832 1415 872 d.
1440 832 1538 884 regi
1562 832 1827 885 Aragonum
1851 834 1897 874 et
1917 831 2022 874 aliis

249 904 543 943 concesserat
569 904 614 943 et
642 901 757 943 sicut
783 901 906 943 idem
934 902 975 943 d.
1003 914 1087 943 rex
1115 902 1379 955 Aragonum
1409 915 1458 944 ac
1486 903 1690 944 Navarre
1718 903 1856 944 etiam
1883 902 2022 944 dede-

251 975 366 1025 rant,
390 972 491 1014 dari
514 975 560 1013 et
580 972 701 1013 tradi
726 973 950 1014 mandare
973 973 1162 1026 publica
1183 973 1321 1015 etiam
1345 974 1580 1026 publicata
1604 973 1880 1016 documenta
1901 973 2022 1016 dicta

250 1042 435 1084 domina
466 1042 628 1096 regina
661 1041 944 1096 dignaretur.
989 1043 1163 1094 Quibus
1196 1044 1329 1086 dictis
1361 1057 1446 1097 pro
1478 1048 1611 1097 parte
1643 1044 1828 1086 domine
1861 1043 2021 1098 regine

249 1117 295 1156 et
316 1126 400 1167 per
422 1126 646 1167 organum
670 1114 776 1156 dicti
800 1114 841 1156 d.
866 1114 1203 1168 archiepiscopi
1227 1115 1362 1157 nobis
1386 1128 1663 1168 responsum
1687 1115 1876 1168 exstitit,
1899 1115 2021 1169 quod

249 1185 392 1237 petita
415 1197 502 1238 per
526 1197 610 1227 nos
636 1185 683 1226 in
709 1185 894 1238 scriptis
919 1185 1156 1237 daremus3
1182 1198 1287 1228 nam
1316 1186 1428 1238 ipsis
1454 1186 1624 1228 habitis
1649 1187 1835 1228 domina
1860 1186 2021 1240 regina

250 1256 430 1298 videret
453 1260 499 1298 et
524 1256 811 1298 deliberaret
836 1260 881 1298 et
904 1257 1039 1299 nobis
1064 1257 1356 1309 postmodum
1382 1257 1704 1310 responderet.
1742 1257 1840 1309 Quo
1865 1257 2022 1299 audito

249 1327 460 1369 cedulam
503 1327 767 1380 petitorum,
810 1340 947 1380 quam
989 1331 1248 1381 promptam
1291 1328 1594 1381 habebamus,
1638 1328 1789 1371 statim
1832 1331 1877 1370 et
1920 1329 2020 1371 sine

248 1410 376 1440 mora
406 1397 683 1441 tradidimus
715 1398 837 1440 diem
868 1398 926 1440 ad
957 1398 1237 1440 audiendam
1269 1399 1624 1452 responsionem
1655 1399 1790 1441 nobis
1821 1399 2021 1442 dandam

249 1469 478 1522 assignari
506 1469 734 1511 instanter
759 1469 1052 1522 postulando.
1091 1469 1234 1527 Quam
1261 1469 1368 1511 licet
1395 1470 1643 1512 instantem
1671 1469 2021 1524 multiplicatam

249 1552 349 1581 cum
382 1541 505 1582 omni
538 1539 798 1582 humilitate
831 1539 1097 1593 fecerimus,
1131 1541 1343 1582 obtinere
1376 1553 1469 1582 non
1501 1540 1746 1594 valuimus,
1777 1540 1867 1583 nisi
1899 1540 2022 1594 quod

249 1610 435 1653 domina
466 1611 628 1664 regina
661 1610 783 1652 diem
815 1613 860 1653 et
891 1612 1068 1664 horam,
1101 1611 1270 1664 quibus
1302 1612 1658 1664 responsionem
1689 1611 1847 1654 facere
1879 1611 2022 1653 vellet

249 1682 384 1724 nobis
423 1682 627 1724 intimari
667 1682 923 1724 mandaret.
974 1682 1164 1735 Verum,
1205 1681 1342 1724 revmi
1380 1695 1423 1736 p.
1463 1685 1509 1724 et
1547 1682 1588 1724 d.
1628 1682 1775 1725 nostri
1815 1685 2022 1724 metuen-

248 1752 441 1805 dissimi,
469 1765 748 1806 quamquam
775 1757 880 1806 post
903 1752 1159 1806 predictam
1188 1753 1472 1795 audientiam
1501 1754 1671 1795 dictum
1699 1753 1740 1795 d.
1768 1753 2021 1806 archiepis-

249 1835 427 1877 copum,
448 1823 717 1877 magistrum
739 1824 883 1866 sancti
905 1824 1065 1866 Jacobi
1089 1828 1133 1866 et
1154 1824 1270 1866 alios
1293 1825 1494 1866 maiores
1515 1824 1654 1866 huius
1674 1823 1806 1878 regni
1827 1826 1872 1866 et
1893 1824 2019 1866 curie

249 1895 306 1936 ob
341 1895 584 1946 novitates,
619 1907 710 1948 que
746 1895 792 1936 in
828 1895 912 1937 hoc
949 1907 1094 1949 regno
1129 1908 1270 1948 super
1307 1895 1534 1949 regimine
1570 1895 1702 1949 regni
1737 1898 1795 1950 et·
1816 1907 2020 1948 person-e

248 1964 354 2007 dicti
384 1966 425 2007 d.
454 1965 578 2019 regis
605 1966 813 2008 custodia
841 1966 898 2008 ob
927 1969 1122 2008 mortem
1151 1966 1323 2019 prefati
1354 1966 1395 2008 d.
1425 1966 1548 2019 regis
1576 1966 1843 2019 Aragonum
1873 1978 2021 2008 emer-

248 2048 368 2089 sere,
401 2036 474 2077 hic
507 2040 811 2089 congregatos
843 2037 1186 2080 visitaverimus
1220 2037 1322 2078 fere
1358 2036 1628 2090 singillatim
1661 2039 1707 2079 et
1739 2040 1832 2079 tam
1865 2039 2020 2078 vestra

248 2119 385 2159 quam
408 2107 449 2149 d.
472 2108 619 2149 nostri
643 2108 934 2150 serenissimi
959 2108 1255 2160 imperatoris
1278 2108 1598 2161 rogaverimus
1619 2111 1665 2149 et
1686 2110 1847 2150 nostra
1870 2107 2020 2149 multi-

247 2177 381 2219 mode
408 2178 729 2231 rogaverimus
755 2179 929 2232 partea)
960 2192 1010 2220 ac
1038 2182 1298 2231 opportune
1327 2182 1372 2221 et
1398 2179 1660 2231 importune
1687 2177 2018 2230 insteterimus‚

248 2249 425 2291 nullam
468 2251 624 2290 tamen
668 2249 898 2291 valuimus
942 2250 1118 2291 habere
1161 2250 1517 2302 responsionem
1560 2261 1647 2291 nec
1689 2248 2019 2302 assignationis

247 2319 509 2372 terminum,
549 2319 734 2372 quando
772 2332 875 2361 eam
914 2320 1210 2372 haberemus,
1251 2320 1306 2362 de
1347 2320 1476 2362 XIII.
1516 2320 1697 2373 diebus,
1735 2319 1903 2373 quibus
1942 2319 2017 2361 die

249 2391 357 2432 lune
401 2390 480 2432 XI.
529 2390 634 2432 Maii
679 2391 824 2444 lapsis
868 2390 1052 2432 domina
1096 2390 1256 2443 regina
1299 2390 1433 2431 nobis
1477 2390 1566 2432 dici
1610 2390 1734 2444 fecit,
1777 2390 1900 2444 quod
1941 2389 2016 2432 die

245 2461 447 2503 crastina
503 2460 785 2503 haberemus
844 2461 991 2513 ipsius
1047 2461 1333 2513 presentiam
1390 2474 1475 2514 pro
1533 2461 1653 2503 dicta
1710 2461 2017 2514 responsione

246 2532 475 2574 haben-da.
555 2531 652 2583 Qua
719 2544 819 2572 cum
889 2531 1094 2573 cordium
1163 2532 1273 2573 satis
1343 2532 1543 2574 mestitia
1608 2535 1655 2574 et
1723 2531 2017 2584 displicentia

246 2605 489 2655 expectata
536 2605 581 2644 et
629 2602 906 2644 adveniente
956 2602 1091 2644 nobis
1139 2602 1226 2644 t'uit
1272 2602 1387 2644 hora
1436 2601 1614 2644 decima
1662 2602 1846 2656 dictum,
1894 2600 2017 2655 quod

246 2676 436 2726 propter
494 2674 820 2726 occupationes
875 2685 1043 2726 graves
1100 2674 1230 2726 regni
1290 2685 1381 2715 non
1438 2675 1706 2726 poteramus
1763 2685 1910 2725 usque
1969 2672 2015 2713 in

245 2745 495 2786 crastinum
544 2744 708 2786 dictam
757 2743 932 2785 habere
981 2744 1349 2796 responsionem.
1410 2743 1507 2794 Qua
1555 2743 1834 2785 adveniente
1881 2742 2016 2785 modo

246 2815 384 2856 simili
437 2814 525 2858 fuit
578 2815 712 2857 nobis
766 2827 1043 2867 responsum
1096 2817 1142 2856 et
1195 2814 1240 2855 in
1294 2815 1559 2867 crastinum,
1615 2826 1704 2867 que
1758 2814 1845 2856 fuit
1895 2813 2014 2856 iovis

245 2885 398 2927 XIIII.
444 2886 549 2928 Maii
589 2885 707 2927 dicta
748 2885 934 2927 domina
974 2885 1136 2938 regina
1175 2897 1260 2937 per
1301 2885 1485 2926 modum
1523 2884 1839 2927 excusationis
1878 2883 2014 2926 nobis

349 3042 378 3063 a)
402 3036 485 3069 Γωῑςιί
509 3035 807 3069 supplicaverimus
828 3037 930 3069 parte.
972 3035 1057 3062 Doch
1082 3035 1302 3067 ilberl'liissiysr
