2102 3444
284 164 371 207 324
820 163 845 196 1.
872 152 1082 196 Absehnit't.
1121 161 1522 205 Konzilstagebticher.

287 282 341 324 Et
378 282 465 324 ista
502 281 590 323 fuit
626 294 779 333 causa,
819 293 965 333 quare
1002 280 1108 322 dicti
1147 280 1270 333 regis
1309 281 1671 324 ambassiatores
1709 281 1783 322 die
1820 280 2057 334 assignata

286 351 509 395 recedere
548 364 641 394 non
679 354 948 405 potuerunt;
990 351 1046 392 de
1085 363 1176 404 quo
1214 351 1396 394 debetis
1435 351 1598 393 merito
1636 351 1908 404 contentari,
1946 352 2055 404 quia

286 423 454 466 videtis
494 426 698 466 sanctam
740 423 1067 474 intencionem,
1108 434 1245 475 quam
1287 422 1373 464 iste
1415 434 1499 464 rex
1540 423 1597 465 ad
1637 423 1858 464 unionem
1898 425 2055 464 sancte

286 494 446 536 matris
475 493 672 535 ecclesie
704 493 857 535 habet.
898 492 991 536 Sed
1022 505 1127 534 ecce
1160 493 1282 545 quod
1313 493 1450 535 hodie
1483 493 1844 535 ambassiatores
1875 492 1981 534 dicti
2011 492 2055 534 d.

286 564 409 618 regis
433 564 490 606 ab
513 564 620 606 hinc
644 566 942 606 recesserunt
966 567 1010 605 et
1036 564 1123 606 iter
1148 576 1282 606 suum
1305 564 1639 606 continuabunt
1665 563 1802 606 dietis
1825 563 2056 606 continuis

285 647 430 688 usque
460 634 519 677 ad
547 634 878 677 Constantiam.
922 634 1017 688 Ego
1046 647 1157 676 vero
1186 647 1422 688 nunquam
1452 636 1575 677 volui
1605 632 1878 688 precedere,
1907 646 2055 687 usque

285 717 375 758 quo
404 718 497 747 non
525 705 620 747 vidi
650 705 777 759 ipsos
806 718 968 747 omnes
998 714 1132 748 extra
1160 705 1404 759 civitatem,
1434 706 1541 759 quia
1571 717 1759 758 semper
1788 704 2058 748 dubitabam

286 777 343 818 de
379 776 536 829 aliquo
573 776 919 830 impedimento.
967 777 1060 820 Sed
1096 789 1197 819 cras
1236 777 1334 819 Deo
1369 777 1485 819 duce
1523 778 1581 819 ab
1616 776 1724 818 hinc
1759 776 1977 819 recedam
2011 779 2056 818 et

283 847 416 890 citius
449 859 586 900 quam
620 851 784 900 potero
818 848 874 890 ad
909 861 989 889 vos
1024 848 1220 889 veniam.
1281 848 1457 889 Valete.
1520 848 1617 889 Dat.
1654 847 1947 889 Barchinone
1980 847 2054 888 die

283 917 335 960 X.
365 917 540 960 mensis
568 918 694 960 ι111111.
735 918 787 960 V.
818 931 852 960 r.
882 931 925 972 p.
954 918 1143 961 humilis
1173 918 1370 961 servitor
1398 918 1639 961 ζ10113111133
1667 918 1724 959 de
1753 917 1906 971 Opizis
1936 918 2054 960 sacri

283 989 443 1042 palatii
471 1001 654 1031 camere
682 990 864 1032 auditor
891 992 935 1031 et
960 989 1150 1032 nuntius
1177 989 1541 1032 dominationum
1568 992 1843 1031 vestrarum.
1996 986 1999 988 ’

400 1061 508 1102 Rev.
546 1073 589 1113 p.
625 1061 836 1114 generali
875 1061 1009 1103 beate
1050 1060 1192 1102 Marie
1231 1060 1287 1102 de
1328 1060 1554 1113 Mercede,
1592 1059 1916 1103 ambassiatori
1952 1060 2055 1102 illu-

283 1130 497 1173 strissimi
530 1131 571 1173 d.
604 1130 728 1185 regis
758 1131 1039 1184 Aragonum.

399 1201 509 1244 Rev.
540 1202 778 1256 magister!
822 1202 1011 1244 Noverit
1042 1205 1195 1247 vestra
1224 1203 1482 1255 paternitas
1512 1202 1797 1255 veneranda,
1828 1201 1951 1256 quod
1980 1201 2055 1244 die

282 1273 377 1316 dati
404 1273 640 1326 presentis
667 1273 874 1326 expediti
899 1286 986 1326 per
1013 1273 1053 1317 d.
1083 1277 1292 1316 nostrum
1320 1285 1478 1327 regem
1506 1277 1552 1316 et
1578 1273 1678 1316 eius
1706 1273 1925 1316 mandato
1950 1273 2056 1315 civi-

281 1347 373 1387 tate
392 1343 683 1387 Barchinone
705 1344 1000 1387 recessimus.
1034 1344 1090 1387 Et
1108 1345 1217 1397 quia
1237 1347 1429 1398 propter
1450 1344 1784 1387 confluentiam
1804 1344 2053 1387 multarum

282 1415 488 1468 gentium
522 1418 703 1469 oportet
737 1418 781 1458 et
813 1415 1004 1468 expedit
1035 1428 1116 1457 vos
1151 1415 1198 1456 in
1231 1414 1412 1457 civitate
1448 1415 1731 1468 Constantie,
1766 1415 1824 1457 ad
1858 1427 1997 1469 quam
2029 1427 2055 1457 e

280 1485 476 1539 vestigio
507 1485 750 1539 dirigimus
783 1498 974 1539 gressus
1007 1489 1207 1539 nostros,
1241 1489 1391 1529 certas
1425 1487 1642 1540 proprias
1676 1486 1945 1529 mansiones
1974 1486 2054 1528 ha-

284 1556 396 1599 bere
430 1569 512 1600 vos
547 1559 720 1600 attente
756 1569 987 1611 rogamus,
1023 1560 1252 1610 quatenus
1286 1557 1468 1600 faciatis
1503 1560 1548 1599 et
1580 1558 1843 1610 procuretis
1876 1559 2056 1599 vestras

285 1640 370 1680 pro
394 1628 485 1670 hiis
510 1628 854 1681 interponendo
878 1628 1004 1671 vices
1031 1631 1075 1670 et
1099 1631 1257 1681 partes
1284 1627 1542 1670 efficaciter
1569 1631 1836 1682 oportunas‚
1862 1627 1986 1682 quod
2009 1627 2057 1670 in

286 1697 467 1742 civitate
486 1698 577 1741 iam
600 1699 719 1742 dicta
738 1699 874 1742 nobis
894 1699 1162 1741 mansiones
1185 1711 1269 1741 seu
1288 1699 1498 1752 hospicia
1516 1711 1610 1742 non
1631 1700 1768 1753 longe
1789 1699 1864 1741 vie
1882 1699 2057 1742 distan-

283 1772 353 1812 tes
378 1769 437 1813 ab
463 1769 568 1813 aliis
590 1770 904 1823 assignentur.
944 1770 1040 1812 Hoc
1063 1773 1134 1813 est
1157 1783 1245 1823 pro
1269 1770 1434 1812 comite
1461 1769 1676 1813 Cardona
1700 1782 1802 1812 cum
1826 1769 1904 1811 XL
1928 1769 2057 1823 equi-

280 1840 445 1883 taturis
470 1843 515 1883 et
538 1853 626 1894 pro
650 1840 923 1894 Raymundo
948 1839 1197 1896 Xetimara)
1226 1841 1372 1883 milite
1398 1853 1485 1894 pro
1509 1840 1614 1894 XII,
1639 1853 1726 1894 pro
1750 1840 1978 1894 Sperante
2005 1841 2065 1894 in?

283 1911 382 1954 Deo
407 1910 622 1954 Cardona
644 1924 732 1965 pro
755 1911 928 1964 XVIII,
954 1925 1040 1965 pro
1065 1911 1378 1954 Gondissalvo
1403 1912 1458 1954 de
1485 1914 1644 1954 sancta
1667 1911 1816 1954 Maria
1838 1923 1926 1965 pro
1948 1911 2053 1965 XII,

281 1994 368 2034 pro
400 1981 624 2025 Michaele
657 1982 714 2024 de
745 1983 921 2025 Navers
950 1995 1036 2036 pro
1065 1982 1156 2024 XII
1187 1986 1232 2025 et
1262 1995 1348 2036 pro
1377 1982 1516 2024 Petro
1550 1982 1769 2036 Mergayl,
1799 1982 2054 2024 secretario

284 2051 391 2095 dicti
418 2052 460 2096 d.
489 2053 615 2106 regis
640 2066 727 2106 pro
753 2053 819 2095 VI
846 2054 1136 2106 equitaturis.
1177 2053 1233 2096 Et
1258 2054 1345 2095 hoc
1370 2053 1495 2095 enim
1521 2053 1732 2107 predicto
1757 2053 1801 2095 d.
1829 2054 1929 2107 regi
1954 2064 2056 2106 gra-

280 2126 376 2165 tum
397 2123 679 2177 impendetis
701 2123 940 2166 servitium
961 2127 1007 2166 et
1026 2125 1162 2166 nobis
1183 2124 1533 2177 complacebitis
1556 2125 1603 2165 in
1623 2124 1915 2166 immensum.
1951 2123 2052 2166 Dat.

283 2194 329 2235 in
375 2194 579 2236 sacraria
623 2194 773 2237 Castri
818 2194 875 2236 de
920 2194 1088 2237 Montis
1133 2194 1295 2237 Cateni
1338 2195 1391 2237 X.
1438 2194 1511 2236 die
1556 2194 1668 2237 Julii
1712 2206 1835 2237 anno
1879 2193 2053 2236 domini

287 2264 605 2308 MCCCCXVI.
657 2265 725 2307 Jo.
767 2269 913 2308 comte
952 2265 1008 2307 de
1049 2265 1264 2308 Cardona
1303 2266 1361 2307 ab
1401 2267 1484 2318 los,
1525 2266 1668 2307 altres
1707 2265 1956 2308 ambadors
1993 2265 2053 2307 de

285 2346 423 2389 seyor
449 2346 545 2389 rey.

399 2406 560 2448 Revmo
589 2407 636 2448 in
665 2406 771 2449 Chr.
800 2419 842 2460 p.
871 2410 917 2449 et
945 2406 986 2448 d.
1017 2406 1058 2448 d.
1088 2407 1290 2448 ι1011311111
1319 2407 1540 2460 episcopo
1569 2405 1838 2449 Gebenensi
1867 2406 2053 2449 domino

284 2489 368 2520 suo
393 2477 676 2520 Constantie,
715 2477 823 2519 Rev.
852 2478 897 2518 in
923 2477 1029 2519 Chr.
1054 2490 1097 2530 p.
1122 2480 1167 2519 et
1192 2477 1249 2530 d.,
1274 2477 1438 2519 humili
1464 2476 1925 2520 recommendacione
1950 2489 2054 2530 pre-

284 2548 427 2590 missa
450 2549 533 2590 etc.
558 2550 609 2590 ut
633 2547 680 2589 in
705 2547 810 2590 alia.
849 2548 917 2590 De
945 2547 1149 2590 Castella
1174 2560 1293 2590 nova
1320 2551 1440 2601 sunt,
1467 2548 1667 2601 qualiter
1692 2547 2053 2590 ambassiatores

281 2617 405 2672 regis
437 2618 640 2661 Castelle
672 2617 989 2660 Constantiam
1019 2619 1213 2660 veniunt
1242 2631 1344 2660 cum
1372 2618 1651 2671 plenissima
1680 2621 1908 2672 potestate
1937 2621 2052 2660 trac-

281 2688 408 2731 tandi
439 2691 485 2732 et
513 2687 820 2731 concludendi
851 2688 1018 2741 omnia,
1049 2701 1138 2742 que
1170 2701 1255 2741 pro
1286 2689 1407 2731 bono
1439 2688 1624 2732 unionis
1655 2692 1774 2742 sunt,
1804 2687 2052 2731 dummodo

283 2758 526 2812 reperiunt
551 2759 795 2802 concilium
822 2760 999 2802 nullam
1028 2759 1306 2802 discordiam
1334 2759 1456 2801 inter
1483 2771 1532 2801 se
1560 2759 1750 2802 habere.
1791 2759 1847 2802 Et
1871 2758 2052 2811 dicitur,

283 2829 407 2883 quod
443 2830 565 2872 inter
601 2831 718 2874 alios
755 2830 1116 2873 ambassiatores
1153 2833 1259 2872 sunt
1296 2830 1337 2871 d.
1376 2829 1577 2873 Didacus
1613 2829 1670 2872 de
1705 2829 1972 2883 Quinyones
2007 2831 2051 2871 et

284 2899 431 2943 frater
450 2900 611 2943 uxoris
635 2914 732 2954 sue,
756 2900 833 2954 qui
855 2899 944 2943 fuit
964 2901 1140 2943 electus
1163 2900 1427 2942 Toletanus.
1463 2900 1555 2942 Alii
1579 2899 1718 2942 etiam
1738 2900 2050 2953 nominantur,

284 2970 368 3013 sed
388 2982 482 3014 non
506 2972 727 3014 recordor
752 2971 808 3014 de
832 2968 1157 3025 nominibusb).
1195 2971 1410 3013 Attamen
1435 2971 1587 3023 audio,
1612 2969 1734 3024 quod
1757 2983 1920 3013 omnes
1945 2972 2051 3013 sunt

386 3075 414 3106 a)
436 3081 470 3101 so
493 3075 531 3106 B,
554 3076 582 3101 (¹.
639 3075 671 3108 bv>
694 3075 914 3102 (‘:01nnibus.
