2227 3434
567 183 606 217 B.
644 183 721 218 Der
744 183 844 218 liber
865 185 1058 227 gestorum
1083 183 1152 216 des
1176 181 1418 216 Cerretanus.
1793 181 1876 224 185

111 302 232 346 tituli
268 304 424 345 sancte
459 301 630 344 Cecilie
667 304 711 343 et
745 300 930 343 Branda
964 299 1234 342 Placentino
1269 300 1388 341 tituli
1426 300 1570 342 sancti
1609 298 1876 344 Clementis,

112 372 400 426 presbyteris
433 384 517 414 nec
551 384 643 413 non
677 371 917 424 Raynaldo
952 371 1009 412 de
1042 370 1364 412 Branchacciis
1398 369 1542 411 sancti
1577 369 1668 411 Viti
1705 370 1751 411 in
1790 369 1877 410 Ma-

112 443 245 495 cello,
269 442 460 486 Oddone
487 443 544 484 de
571 442 829 495 Columpna
856 443 998 484 sancti
1027 441 1214 494 Georgii
1242 441 1300 482 ad
1326 441 1480 482 velum
1507 452 1714 491 aureum,
1740 440 1877 481 Petro

113 513 257 557 sancti
289 513 471 566 Angeli‚
506 513 678 555 Lucido
713 513 769 554 de
805 512 1061 554 Comitibus
1096 515 1252 553 sancte
1293 511 1434 553 Marie
1471 511 1518 552 in
1553 510 1800 553 Cosmedin
1834 514 1877 551 et

36 614 46 622 «
113 583 357 626 Francisco
392 584 661 626 Florentino
696 587 958 626 sanctorum
994 583 1158 625 Cosme
1193 587 1239 624 et
1275 582 1502 634 Damiani,
1537 581 1808 623 diaconibus
1844 594 1877 623 s.

112 654 162 697 R.
217 667 256 697 e.
285 654 602 697 cardinalibus
632 658 676 696 et
706 654 810 696 aliis
839 654 1034 706 prelatis
1063 654 1183 695 circa
1212 665 1457 694 numerum
1487 652 1730 705 triginta⁰)‚
1760 651 1878 704 epis-

112 726 239 779 copis
268 725 430 768 electis
460 729 505 767 et
536 725 782 767 abbatibus
813 724 1085 778 computatis
1116 727 1252 776 atque
1284 724 1503 777 episcopo
1534 726 1579 765 et
1607 723 1733 765 clero
1765 722 1879 765 Con-

111 796 452 839 stanciensibus
484 797 628 839 sacris
661 796 834 838 indutis
866 796 1074 838 vestibus
1105 808 1205 836 cum
1239 794 1465 847 reliquiis,
1497 797 1546 836 ut
1576 794 1622 835 in
1654 793 1880 847 processi-

92 867 278 910 ·onibus
312 867 454 910 moris
487 870 570 919 est,
606 868 652 908 in
686 867 884 909 ecclesia
920 866 1270 908 Constanciensi
1308 865 1610 918 congregatis,
1645 865 1685 908 d.
1721 867 1879 906 noster

113 951 233 993 papa
261 938 500 981 Johannes
529 938 700 980 XXIII.
731 938 787 980 de
817 937 996 991 palacio
1024 936 1316 978 descendens
1346 937 1431 978 sub
1459 936 1617 989 pallio,
1645 935 1767 988 quod
1795 947 1880 988 per

112 1010 213 1053 eius
250 1010 500 1052 hostiarios
538 1009 855 1061 deferebatur,
894 1008 1304 1061 processionaliter
1342 1008 1699 1059 circumquaque
1738 1007 1880 1047 eccle-

113 1081 227 1125 siam
265 1080 627 1135 precedentibus
665 1080 866 1122 eundem
905 1079 1184 1132 supradictis
1223 1079 1264 1120 d.
1304 1078 1634 1130 cardinalibus,
1671 1077 1879 1131 prelatis,

113 1151 346 1206 episcopis
371 1155 416 1194 et
443 1152 569 1194 clero
597 1150 948 1194 Constanciensi
977 1162 1255 1203 progressus
1284 1152 1354 1192 est
1381 1149 1554 1202 populo
1581 1147 1879 1190 benedicens.

114 1222 511 1276 Processioneque
540 1222 661 1264 facta
691 1222 860 1263 circum
890 1222 1134 1263 ecclesiam
1164 1233 1266 1262 eam
1296 1220 1535 1273 ingressus
1564 1222 1635 1262 est
1661 1222 1707 1261 et
1735 1218 1881 1272 ponti-

114 1293 330 1336 ficalibus
351 1293 539 1336 indutus
561 1293 747 1335 missam
771 1293 1043 1335 solemniter
1065 1291 1333 1333 celebravit.
1369 1291 1423 1333 Et
1443 1289 1728 1332 venerabilis
1751 1302 1880 1332 sacre

114 1364 281 1419 pagine
311 1364 564 1418 professor·
585 1363 803 1417 magister
833 1363 1072 1405 ,Iohannes
1104 1362 1159 1404 de
1192 1362 1432 1415 Vinzellis,
1462 1363 1733 1415 procurator
1762 1360 1883 1402 ordi-

115 1436 188 1479 nis
212 1435 550 1488 Cluniacensis,
578 1447 842 1478 sermonem
868 1434 976 1476 fecit
1002 1434 1060 1476 ad
1087 1434 1261 1475 clerum
1289 1445 1339 1475 ac
1367 1441 1535 1474 revfflus
1564 1432 1608 1473 in
1637 1431 1742 1474 Chr.
1769 1444 1812 1484 p.
1840 1431 1880 1473 d.

117 1506 390 1550 Franciscus
422 1509 684 1549 sanctorum
719 1505 884 1548 Cosme
918 1508 964 1547 et
996 1504 1208 1547 Damiani
1242 1504 1464 1546 diaconus
1494 1502 1748 1545 cardinalis
1780 1504 1883 1555 post

67 1584 73 1588 ’
116 1589 378 1620 sermonem
413 1576 736 1630 pronunciavit
770 1576 828 1619 de
863 1575 1078 1618 mandato
1113 1575 1154 1617 d.
1189 1575 1334 1616 nostri
1369 1587 1489 1628 pape
1524 1586 1656 1616 sacro
1690 1573 1883 1615 concilio

116 1649 404 1702 approbante
434 1648 689 1691 sessionem
718 1647 915 1701 primam
943 1646 1145 1688 futuram
1174 1659 1280 1688 esse
1309 1645 1383 1687 die
1410 1645 1599 1686 veneris
1627 1644 1746 1685 XVI.
1776 1643 1882 1685 dicti

118 1719 304 1763 mensis.

233 1790 317 1833 Die
348 1790 528 1833 sabbati
559 1790 737 1832 decima
768 1789 963 1843 predicti
993 1788 1167 1830 mensis
1197 1788 1238 1830 d.
1269 1790 1427 1829 noster
1457 1799 1578 1840 papa
1609 1797 1882 1838 sacrumque

117 1861 360 1915 collegium
398 1864 676 1914 receperunt
713 1861 892 1903 litteras
928 1872 1013 1913 per
1048 1859 1266 1900 nuncium
1303 1858 1554 1911 specialem
1593 1870 1617 1899 3
1654 1866 1800 1898 revmo
1838 1857 1882 1897 in

118 1931 222 1976 Chr.
252 1945 295 1986 p.
327 1932 368 1974 d.
400 1932 572 1975 Jacobo
603 1931 907 1973 miseracione
939 1930 1095 1972 divina
1125 1929 1269 1972 sancti
1302 1928 1534 1970 Eustachii
1566 1928 1759 1969 diacono
1790 1939 1884 1968 car—

117 2002 260 2046 dinali
289 2003 572 2045 Bononiensi
605 2003 661 2045 ad
692 2006 850 2056 partes
879 2001 1018 2043 Urbis
1049 2001 1301 2054 apostolice
1333 1999 1458 2042 sedis
1488 2000 1653 2052 legato,
1684 1998 1884 2051 qualiter

118 2074 217 2128 ipse
245 2074 452 2117 sentiens
480 2074 702 2127 populum
728 2073 984 2114 Romanum
1011 2072 1214 2114 exitasse
1243 2083 1476 2112 rumorem
1505 2073 1550 2111 et
1578 2082 1706 2111 arma
1734 2081 1885 2121 sump-

121 2145 236 2188 sisse
279 2145 485 2199 equitatu
530 2144 776 2186 celerrimo
819 2156 919 2185 cum
964 2143 1180 2196 gentibus
1225 2142 1470 2195 armigeris
1515 2140 1725 2192 ecclesie,
1770 2152 1884 2192 quas

119 2227 272 2258 secum
296 2216 512 2268 habebat,
539 2229 588 2259 se
614 2216 851 2257 transtulit
876 2227 1040 2256 versus
1067 2214 1254 2256 Urbem.
1295 2213 1502 2265 Cumque
1530 2212 1590 2253 ibi
1617 2214 1755 2263 esset,
1783 2222 1882 2252 eam

119 2287 291 2340 populo
314 2287 359 2329 id
383 2290 569 2341 petente
594 2286 794 2328 feliciter
818 2289 888 2328 est
912 2286 1152 2338 ingressus
1177 2284 1381 2326 dominio
1405 2282 1614 2325 eiusdem
1643 2283 1688 2323 in
1712 2284 1884 2333 tempo-

121 2357 296 2401 ralibus
338 2361 382 2400 et
425 2357 748 2411 spiritualibus
791 2356 878 2398 sibi
923 2356 1042 2407 dato,
1084 2355 1297 2408 deposito
1339 2354 1468 2407 prius
1509 2353 1550 2394 d.
1595 2353 1732 2395 Petro
1780 2352 1884 2393 Mat-

119 2426 302 2481 theucfi,
330 2429 407 2482 qui
438 2428 584 2482 ipsius
612 2427 752 2470 Urbis
781 2427 1036 2469 dominium
1065 2429 1312 2479 occuparat
1341 2425 1426 2467 sub
1457 2423 1610 2477 specie
1641 2423 1884 2465 libertatis.

121 2497 314 2552 Propter
342 2499 464 2552 quod
493 2511 661 2541 novum
693 2498 937 2540 iocundum
967 2509 1190 2550 campane
1220 2495 1416 2538 civitatis
1445 2495 1720 2537 Constancie
1750 2505 1884 2534 mane

75 2627 78 2630 ,
121 2571 166 2611 et
190 2581 296 2612 sero
323 2570 505 2623 pulsate
533 2572 650 2612 sunt.
693 2569 1003 2621 Decrevitque
1031 2567 1072 2609 d.
1101 2570 1260 2609 noster
1288 2579 1409 2619 papa
1439 2565 1626 2608 missam
1658 2565 1701 2605 in
1730 2563 1884 2605 crasti-

121 2650 229 2681 num
261 2639 305 2682 in
338 2640 535 2682 ecclesia
569 2639 913 2682 Constantiensi
949 2639 1221 2681 solemniter
1254 2636 1497 2678 celebrari.

238 2710 323 2753 Die
354 2710 581 2753 dominica
614 2710 855 2752 undecima
887 2709 993 2751 dicti
1025 2709 1200 2751 mensis
1231 2716 1400 2749 revmus
1431 2707 1476 2748 in
1509 2707 1613 2749 Chr.
1648 2718 1689 2758 p.
1722 2704 1763 2746 d.
1796 2705 1884 2746 An-

122 2780 274 2824 tonius
296 2780 601 2824 miseracione
625 2780 781 2823 divina
804 2780 921 2822 tituli
947 2783 1102 2822 sancte
1127 2779 1339 2821 Susanne
1363 2777 1611 2831 presbyter
1635 2775 1885 2818 cardinalis

123 2848 448 2905 Aquilegensis
491 2851 792 2905 presentibus
840 2850 1011 2892 ibidem
1059 2862 1237 2891 summo
1284 2847 1504 2901 pontifice
1549 2850 1594 2888 et
1641 2844 1796 2888 revmiS
1843 2857 1884 2896 p.

125 2923 278 2964 sancte
306 2921 357 2964 R.
386 2934 426 2965 e.
455 2921 773 2964 cardinalibus
803 2934 853 2964 ac
881 2921 1077 2975 prelatis
1105 2923 1149 2962 et
1179 2919 1282 2962 aliis
1313 2920 1358 2961 in
1389 2930 1519 2961 sacro
1547 2916 1740 2959 concilio
1771 2916 1885 2958 Con-

124 2991 363 3036 stantiensi
403 2993 712 3036 existentibus
753 2992 940 3034 missam
978 2991 1024 3033 in
1063 2991 1182 3032 dicta
1221 2989 1417 3032 ecclesia
1458 2988 1728 3031 solemniter
1768 2986 1884 3027 cele-

227 3095 257 3128 8)
287 3095 351 3122 Von
370 3096 439 3123 hier
459 3096 508 3124 bis
529 3098 568 3123 15.
590 3096 666 3124 Nov.
687 3095 766 3129 fehlt
789 3096 823 3122 in
845 3096 867 3122 (¹
886 3096 943 3122 der
970 3095 1049 3121 Text.
