2102 3444
243 148 327 192 166
776 146 802 181 I.
827 145 1039 182 Abschnitt.
1077 145 1479 191 Konzilstagebficher.

244 265 498 308 sanctitatis
536 267 690 307 vestre
729 264 929 308 diversis
965 267 1012 307 et
1047 264 1303 318 grandibus
1340 266 1545 319 negociis
1582 278 1668 319 pro
1706 265 2011 319 reparacione

243 335 493 378 christiane
517 334 772 389 religionis.
809 335 863 378 Et
885 335 971 378 hoc
992 335 1390 389 preclarissimum
1414 336 1655 390 negocium
1679 335 1862 378 devotio
1885 348 2013 379 sanc-

242 406 384 449 titatis
408 409 563 449 vestre
587 418 680 448 non
704 407 1007 459 pretermisit,
1032 409 1100 449 set
1126 407 1246 448 inter
1270 409 1424 455 cetera
1447 407 1586 449 huius
1610 407 1748 449 etiam
1772 419 1883 449 cura
1906 406 2010 460 agit.

243 478 297 520 Et
334 477 450 520 sicut
487 477 690 520 salvator
728 476 887 519 mundi
925 477 1096 519 Jhesus
1135 477 1346 520 Christus
1383 489 1468 531 per
1507 490 1636 519 suam
1675 475 2012 520 sanctissimam

241 546 508 600 passionem
539 547 777 589 coniunxit
808 550 853 590 et
883 547 1115 600 colligavit
1144 560 1248 600 yma
1281 547 1470 590 summis
1500 547 1832 601 coniunxitque
1863 548 2012 601 ipsam

240 619 491 661 humanam
515 621 728 661 naturam
754 631 855 660 cum
881 618 1053 671 divina,
1078 619 1140 661 ita
1165 621 1210 661 et
1232 618 1471 661 beatitudo
1495 622 1650 661 vestra
1675 621 1779 672 agat
1801 617 1893 662 hiis
1918 617 2012 661 die-

241 689 342 742 bus,
369 692 417 731 ut
441 702 557 743 gens
583 689 664 732 illa
689 692 849 731 nostra
876 690 1093 742 iungatur
1120 692 1275 731 sancte
1301 689 1508 732 Romane
1534 689 1746 732 ecclesie.
1783 688 2013 732 Redeant-

241 773 330 812 que
360 759 446 802 iste
477 759 567 802 due
596 762 759 813 gentes
787 759 996 802 clarifice
1027 763 1164 813 atque
1194 759 1442 814 magnifice
1473 761 1519 802 in
1549 760 1794 813 pristinam
1824 759 2011 803 illorum

239 831 613 885 benivolenciam
647 833 694 872 et
727 843 946 884 amorem,
982 844 1007 873 a
1041 843 1131 884 qua
1164 830 1489 874 benivolencia
1524 831 1582 873 ob
1615 833 1708 873 tam
1743 830 2011 873 diuturnum

241 902 408 944 scisma
441 901 659 944 destitute
694 905 800 944 sunt
832 914 1064 955 verseque
1097 902 1144 944 in
1177 904 1383 944 mutuum
1418 901 1649 955 quoddam
1683 901 1840 945 odium
1873 904 2010 955 atque

241 971 619 1015 malivolentiam.
689 972 828 1026 Cupit
879 972 1000 1015 hanc
1056 972 1392 1016 sanctissimam
1447 972 1683 1026 unionem,
1738 972 2010 1016 beatissime

238 1046 386 1097 pater,
424 1043 756 1086 serenissimus
793 1043 1007 1086 dominus
1043 1055 1189 1097 meus,
1224 1043 1266 1086 d.
1303 1043 1556 1098 imperator
1592 1042 2012 1098 Constantinopoli-

238 1116 389 1167 tanus,
418 1113 551 1157 filius
582 1114 837 1157 sanctitatis
865 1117 1036 1167 vestre,
1064 1114 1330 1168 patriarcha
1358 1114 1503 1157 eciam
1533 1113 1661 1158 illius
1690 1114 1820 1157 urbis
1849 1114 2012 1157 ceteri-

241 1197 330 1238 que
367 1185 529 1239 populi
568 1184 808 1228 christiani
846 1185 1033 1227 illarum
1071 1185 1293 1239 parcium,
1333 1186 1450 1228 sicut
1487 1186 1719 1239 persensi,
1759 1185 1882 1239 quod
1920 1186 2010 1229 iam

238 1256 528 1309 prelocutum
558 1255 647 1299 fuit
676 1255 734 1298 de
762 1256 849 1298 hac
877 1255 1072 1299 materia
1102 1255 1150 1298 in
1179 1256 1425 1310 presencia
1457 1255 1711 1299 sanctitatis
1741 1259 1896 1300 vestre
1925 1269 2012 1310 per

238 1327 442 1380 legatum
469 1326 618 1380 ipsius
645 1326 937 1370 serenissimi
966 1326 1008 1370 d.
1037 1327 1347 1381 imperatoris,
1377 1326 1454 1380 qui
1481 1327 1601 1369 hanc
1628 1326 1868 1370 materiam
1895 1327 2012 1370 ulte-

239 1397 337 1440 rius
363 1397 464 1451 ipse
493 1397 748 1440 secundum
776 1396 1148 1441 commissionem
1177 1411 1308 1441 suam
1338 1398 1385 1440 in
1410 1398 1497 1441 hac
1524 1400 1657 1452 parte
1684 1400 2010 1452 prosequetur.

241 1469 295 1511 In
331 1471 553 1522 quantum
591 1471 745 1512 autem
781 1468 945 1512 attinet
978 1481 1038 1511 ex
1073 1468 1343 1522 regionibus
1379 1468 1488 1521 illis,
1525 1481 1585 1511 ex
1622 1467 1791 1522 quibus
1825 1468 1916 1512 huc
1952 1468 2011 1511 ad

240 1539 528 1583 sanctitatem
556 1542 760 1583 vestram
789 1540 977 1595 accessi,
1006 1552 1097 1593 que
1127 1540 1334 1583 subiecte
1365 1542 1471 1583 sunt
1499 1540 1547 1582 in
1575 1552 1743 1594 magna
1771 1542 1904 1594 parte
1934 1539 2012 1583 do-

238 1611 383 1653 minio
413 1614 459 1654 et
487 1613 710 1665 precepto
743 1611 961 1664 superius
991 1611 1335 1654 nominatorum
1369 1609 1776 1654 serenissimorum
1809 1609 1934 1665 regis
1966 1611 2012 1654 et

239 1680 477 1736 principis,
499 1681 708 1725 filiorum
731 1681 984 1726 sanctitatis
1003 1685 1175 1735 vestre,
1197 1694 1287 1736 que
1308 1684 1465 1725 tamen
1487 1684 1650 1735 gentes
1672 1681 1814 1725 cultui
1835 1684 1881 1725 et
1901 1682 2009 1725 ritui

239 1752 366 1795 illius
401 1751 599 1796 ecclesie
635 1752 840 1796 subiecte
877 1755 997 1806 sunt,
1035 1753 1125 1807 ipsi
1160 1753 1486 1807 gloriosissimi
1522 1752 1775 1807 principes,
1813 1752 1929 1796 sicut
1963 1751 2010 1795 in

239 1822 357 1877 aliiS,
391 1836 549 1866 curam
584 1827 751 1877 gerunt
786 1825 832 1866 in
869 1824 1223 1877 ampliacionem
1259 1823 1510 1866 christiane
1544 1824 1788 1878 religionis
1823 1826 1870 1867 et
1904 1837 2012 1878 aug-

238 1897 458 1949 mentum,
488 1895 605 1938 sicut
633 1895 880 1948 sepissime
909 1896 1057 1949 patuit
1087 1894 1315 1938 sanctitati
1344 1898 1499 1938 vestre
1530 1897 1576 1938 et
1604 1894 1729 1938 fama
1760 1894 2009 1938 multorum

239 1969 284 2009 et
319 1965 527 2020 ipsorum
560 1966 825 2020 principum
859 1967 1043 2009 litteris.
1093 1966 1286 2009 Omnem
1323 1966 1467 2009 eciam
1504 1979 1662 2009 curam
1698 1965 1926 2020 fecerunt,
1961 1968 2012 2009 ut

236 2039 413 2090 gentes,
446 2049 536 2091 que
569 2037 777 2090 ipsorum
807 2040 1031 2091 precepto
1062 2036 1364 2086 subiciuntur,
1398 2050 1487 2090 que
1521 2039 1813 2090 sequestrate
1845 2039 1952 2080 sunt
1983 2050 2009 2080 a

238 2107 415 2161 gremio
436 2110 593 2152 sancte
611 2107 820 2151 Romane
841 2107 1053 2161 ecclesie,
1074 2111 1124 2151 ut
1144 2109 1373 2151 zelatores
1395 2108 1646 2151 christiane
1667 2106 1783 2150 fidei
1804 2108 2008 2162 cupiunt,

235 2178 296 2222 ad
324 2179 549 2222 unitatem
578 2179 776 2222 ecclesie
804 2178 1100 2232 reducantur,
1127 2179 1213 2222 hoc
1242 2181 1439 2225 servato,
1467 2181 1517 2222 ut
1545 2192 1646 2221 cum
1675 2178 1750 2222 via
1779 2177 1935 2222 debita
1963 2180 2011 2221 et

235 2249 433 2294 honesta
459 2252 596 2304 atque
621 2253 842 2294 consueta
865 2249 965 2303 fiat,
993 2250 1168 2293 scilicet
1191 2263 1279 2304 per
1304 2250 1715 2303 congregacionem
1740 2248 1936 2303 concilii,
1959 2251 2010 2292 ut

236 2321 470 2374 utrimque
496 2324 836 2375 congregentur
858 2321 996 2375 periti
1021 2324 1068 2364 et
1090 2321 1273 2374 experti
1299 2320 1428 2373 iuris,
1454 2320 1531 2374 qui
1556 2320 1825 2364 discernant
1846 2320 1906 2363 de
1929 2333 2009 2363 ne-

237 2393 380 2445 gociis
403 2392 519 2436 fidei
544 2395 589 2436 et
610 2393 731 2436 hanc
755 2392 1081 2435 differenciam
1107 2393 1229 2435 inter
1253 2391 1380 2435 illam
1405 2394 1589 2445 gentem
1615 2405 1717 2435 cum
1742 2393 1900 2435 sancta
1922 2391 2009 2435 Ro-

238 2476 375 2507 mana
395 2464 607 2507 ecclesia.
641 2463 935 2517 Sperandum
958 2466 1112 2507 autem
1134 2464 1235 2511 erit.
1255 2463 1528 2506 beatissime
1548 2465 1697 2517 pater,
1720 2462 1843 2516 quod
1866 2497 1874 2506 .
1909 2497 1918 2506 .
1954 2462 2005 2517 .⁸)

239 2533 556 2578 manifestabit
582 2536 825 2578 veritatem
855 2547 942 2578 nec
970 2534 1179 2589 pacietur
1208 2534 1407 2587 amplius
1436 2537 1588 2578 tantos
1616 2533 1816 2588 populos
1847 2545 2010 2588 seque-

239 2607 408 2649 stratos
433 2619 539 2649 esse
567 2606 625 2649 ab
650 2606 862 2650 invicem.
901 2605 1218 2660 Amplectetur
1244 2605 1399 2657 itaque
1422 2605 1663 2648 beatitudo
1685 2607 1856 2660 vestra,
1882 2617 2010 2648 sanc-

237 2675 414 2719 tissime
439 2679 587 2731 pater,
613 2678 860 2731 presencia
884 2680 1109 2731 tempora,
1136 2690 1236 2719 cum
1263 2676 1548 2719 offeruntur!
1587 2676 1719 2719 Multi
1746 2677 2007 2720 sanctorum

237 2747 511 2800 pontificum
538 2748 927 2801 predecessorum
958 2748 1214 2791 sanctitatis
1242 2750 1411 2800 vestre,
1428 2760 1531 2790 ,non
1562 2747 1735 2799 dubito,
1764 2747 2010 2801 cupierunt

238 2822 506 2871 presentem
530 2820 815 2862 voluntatem
839 2819 1023 2862 illorum
1048 2819 1327 2873 populorum
1353 2822 1399 2861 et
1420 2819 1593 2869 nescio,
1616 2831 1708 2871 quo
1729 2817 1815 2860 Dei
1836 2816 2008 2860 iudicio

237 2902 332 2931 non
359 2892 466 2933 sunt
492 2890 704 2934 assecuti.
743 2890 1034 2934 Felicissima
1062 2892 1214 2933 autem
1241 2890 1461 2933 sanctitas
1486 2892 1656 2943 vestra,
1683 2902 1774 2943 que
1803 2888 1861 2932 ad
1885 2888 2008 2932 hunc

239 2959 361 3002 diem
389 2964 573 3004 servata
600 2964 684 3014 est,
709 2960 876 3005 felices
903 2961 1049 3005 eciam
1076 2975 1176 3013 nos,
1205 2960 1374 3015 quibus
1402 2960 1558 3004 datum
1585 2961 1676 3004 erit
1701 2959 1819 3003 illud
1844 2958 2006 3003 videre

343 3065 372 3094 ι)
398 3065 434 3093 R,
457 3066 481 3091 (Υ
498 3066 711 3091 ‹mse-hemena
732 3074 755 3092 s.
777 3073 811 3098 s.,
836 3067 886 3093 die
907 3067 1028 3093 schism·
1048 3073 1086 3092 :u
1106 3066 1227 3092 dammi.
