2102 3444
306 221 391 263 678
739 214 804 248 ΙΙΙ.
838 211 1046 247 Abschnitt.
1090 209 1243 243 Reform
1275 208 1352 242 und
1385 206 1634 251 Verfassung.

310 340 463 378 rantes
508 332 819 379 collacioncm,
864 327 1192 382 provisionem,
1237 325 1533 377 eleccionem,
1577 325 1980 377 presentacrionem
2024 327 2069 366 et

306 404 708 447 confirmacionem
740 398 1001 441 huiusmodi
1032 398 1088 439 de
1119 400 1273 438 cetero
1302 395 1489 437 fiendas
1518 395 1673 438 nullas
1702 398 1748 437 et
1774 395 1933 438 irritas
1962 406 2067 437 esse

306 490 354 518 ac
387 476 559 515 effectu
591 476 635 514 et
665 470 876 513 efficacia
910 469 1098 510 omnino
1130 479 1303 510 carere.
1349 466 1514 508 Laicus
1547 478 1673 518 vero,
1706 466 1784 519 qui
1817 465 1864 507 in
1895 464 2068 508 talibus

304 546 450 597 culpis
478 542 705 585 exstiterit
735 540 1016 581 sentenciam
1045 536 1542 579 excommunicacionis
1569 536 1672 589 ipso
1700 536 1823 578 facto
1850 536 2067 589 incurrat,

303 629 326 657 a
354 627 442 667 qua
470 613 644 655 absolvi
673 624 765 652 non
793 611 958 662 valeat,
984 609 1075 651 nisi
1101 620 1304 661 congrua
1331 607 1653 649 satisfaccione
1680 607 1926 660 premissa.

417 695 612 747 Super
664 693 769 735 XV.
825 691 1126 743 articulo,
1179 688 1491 731 videlicet
1540 688 1611 730 de
1667 688 2067 742 dispensaci-

299 765 535 807 onibus.
585 764 753 815 Placet,
791 762 913 815 quod
951 761 1172 803 articulus
1209 760 1521 802 reformatorii
1561 762 1775 802 servetur
1811 759 2066 802 secundum

298 836 368 876 sui
395 838 603 876 tenorem
631 846 715 886 pro
741 832 889 885 prima
916 835 1047 885 parte
1073 844 1222 884 usque
1249 831 1308 873 ad
1334 830 1361 885 ξ
1388 831 1519 883 ,Item
1547 831 1717 883 statuit,
1745 830 1867 884 quod
1892 831 1933 874 si
1960 830 2065 884 quis

298 904 672 959 episcoporum‘1)
702 903 854 956 quoad
879 902 1260 955 dispensaciones
1286 914 1532 944 concessas
1557 902 1631 943 vel
1658 900 1980 944 concedendas
2007 900 2064 943 de

297 988 386 1017 non
411 974 738 1017 consecrandis
763 973 994 1026 episcopis
1015 976 1063 1015 et
1086 972 1333 1015 abbatibus
1357 985 1450 1014 non
1474 971 1824 1014 benedicendis.
1861 971 1918 1015 Et
1941 971 2064 1014 idem

297 1048 520 1087 statuatur
543 1045 599 1086 de
623 1044 1058 1097 dispensacionibus
1081 1043 1314 1085 concessis
1336 1043 1410 1084 vel
1434 1042 1759 1097 concedendis,
1782 1042 1906 1096 quod
1927 1043 2063 1085 electi

299 1116 342 1156 in
365 1115 606 1168 episcopos
629 1116 703 1156 vel
727 1115 921 1157 abbates
944 1114 1002 1156 ad
1026 1127 1182 1157 sacros
1206 1113 1396 1156 ordines
1417 1126 1511 1156 non
1535 1116 1909 1167 promoveantur.
1950 1113 2063 1155 Item

296 1186 459 1239 placet,
485 1186 606 1239 quod
633 1186 713 1227 ille
738 1185 764 1239 ἓ
789 1186 920 1238 ,Item
946 1185 982 1228 si
1009 1185 1112 1237 quis
1134 1184 1477 1238 episcoporum‘
1503 1184 1775 1228 vendicaret
1795 1184 1888 1227 sibi
1913 1185 2062 1227 locum

295 1256 446 1309 quoad
480 1256 712 1298 beneficia
749 1257 795 1297 in
832 1259 1070 1308 posterum
1105 1256 1403 1308 assequenda
1439 1255 1677 1298 dumtaxat
1710 1255 1881 1299 ceteris
1917 1254 1944 1309 ἓ
1978 1268 2064 1299 seu

293 1326 505 1379 capitulis
533 1327 589 1368 de
617 1326 1028 1380 dipensacionibus
1052 1327 1356 1369 tractantibus
1382 1326 1713 1380 pretermissis,
1739 1327 1841 1369 loco
1867 1339 2063 1380 quorum

292 1397 508 1439 videntur
531 1398 780 1450 sequencia
805 1397 1050 1440 statuenda
1072 1397 1302 1451 videlicet,
1327 1397 1450 1451 quod
1472 1398 1633 1440 nullus
1656 1397 1713 1440 de
1738 1400 1895 1440 cetero
1914 1398 2063 1452 possit

290 1467 405 1510 duas
431 1468 750 1521 parrochiales
779 1468 1001 1511 ecclesias
1031 1471 1109 1511 aut
1136 1468 1297 1522 plures
1325 1468 1473 1510 eciam
1500 1467 1659 1522 vigore
1689 1467 2060 1522 dispensacionis

290 1539 602 1591 cuiuscunque
635 1539 772 1580 simul
804 1538 1030 1581 obtinere.
1073 1539 1314 1592 Quodque,
1347 1540 1384 1582 si
1416 1540 1521 1592 quis
1550 1539 1670 1582 duas
1699 1540 1774 1582 vel
1803 1539 1970 1593 plures
1996 1538 2058 1582 -de

288 1610 495 1662 presenti
537 1622 595 1651 ex
636 1609 992 1663 dispensacione
1034 1611 1243 1653 obtineat
1280 1610 1601 1664 parrochiales
1642 1610 1878 1663 ecclesias,
1920 1623 2057 1664 quam

288 1680 500 1732 voluerit,
526 1679 667 1733 eligat
689 1683 735 1722 et
757 1680 881 1723 infra
904 1681 1161 1734 biennium,
1187 1681 1224 1723 si
1250 1680 1309 1724 sit
1330 1681 1584 1734 graduatus
1607 1681 1683 1723 vel
1706 1681 1894 1735 nobilis,
1915 1684 1997 1724 aut
2019 1681 2057 1723 si

287 1762 378 1791 non
407 1750 464 1792 sit
489 1750 741 1803 graduatus
769 1754 846 1793 aut
870 1751 1043 1794 nobilis
1070 1751 1195 1794 infra
1221 1764 1394 1794 annum
1422 1752 1551 1794 illam
1576 1752 1652 1794 vel
1679 1751 1786 1797 illas
1813 1765 1914 1794 cum
1939 1764 2058 1795 com-

286 1820 466 1873 patibili
496 1824 728 1873 permutet
759 1825 837 1864 aut
868 1822 1082 1875 dimittat3
1118 1835 1209 1875 quo
1239 1823 1440 1865 termino
1470 1824 1647 1876 elapso,
1676 1823 1718 1866 si
1748 1836 1843 1866 non
1873 1835 2058 1877 permu-

285 1894 452 1943 tantur,
481 1904 573 1933 non
602 1895 862 1944 permutata
890 1896 969 1935 aut
995 1906 1089 1935 non
1117 1893 1394 1946 <permutatis
1423 1894 1481 1936 sit
1508 1895 1614 1947 ipso
1642 1895 1743 1936 iure
1769 1894 1982 1948 privatus
2011 1896 2057 1936 et

286 1962 478 2003 collator
515 1962 571 2004 de
610 1975 665 2005 ea
702 1964 775 2005 vel
815 1964 871 2005 de
909 1964 978 2007 eis
1016 1964 1244 2018 disponat,
1283 1968 1421 2018 prout
1458 1964 1514 2007 de
1553 1966 1654 2007 iure
1693 1965 1885 2008 debebit
1919 1965 2055 2009 alteri

283 2031 581 2075 conferendo.

401 2113 597 2167 Super
657 2115 802 2158 XVI.
867 2116 1146 2160 articulo
1204 2117 1276 2159 de
1340 2117 1715 2170 provisione
1776 2130 1934 2172 pape
1997 2120 2054 2160 et

285 2182 311 2224 d
329 2197 355 2225 o
370 2196 411 2224 m
430 2185 485 2225 in
503 2197 528 2225 o
544 2198 565 2225 r
580 2198 609 2226 u
625 2199 667 2227 m
720 2198 742 2227 c
757 2199 783 2228 a
799 2199 820 2227 r
836 2186 937 2228 din
955 2188 1008 2229 al
1027 2188 1039 2229 i
1055 2201 1085 2229 u
1101 2201 1158 2230 m.
1211 2189 1369 2231 Placet
1405 2189 1604 2242 nacioni,
1645 2189 1769 2242 quod
1806 2189 1893 2232 fiat
1921 2189 2054 2232 -bona

283 2254 500 2307 provisio,
524 2255 580 2297 de
605 2269 695 2309 qua
718 2257 887 2299 dictum
911 2261 980 2300 est
1005 2271 1147 2312 supra
1167 2259 1217 2300 in
1245 2259 1326 2302 ΙΙΙ.
1351 2259 1544 2302 articulo
1567 2259 1624 2302 de
1646 2260 1831 2302 {ann-atis
1855 2259 2052 2303 ecclesie

283 2327 327 2365 et
353 2325 621 2368 tractabitur
647 2339 748 2369 cum
776 2328 961 2371 domino
986 2332 1147 2372 nostro
1173 2333 1219 2372 et
1244 2342 1345 2372 cum
1372 2330 1552 2372 eisdem
1578 2330 1781 2374 dominis
1805 2330 2052 2373 cardinali-

283 2393 382 2436 bus.
422 2396 477 2438 Et
502 2396 889 2448 quemadmodum
917 2399 1008 2441 alie
1034 2400 1256 2444 naciones
1280 2400 1596 2453 providebunt
1623 2401 1743 2444 dicta
1769 2401 1904 2445 nacio
1929 2401 2051 2444 simi-

283 2465 389 2507 liter
412 2469 457 2507 et
481 2468 662 2521 melius,
687 2468 724 2509 si
749 2482 865 2522 opus
889 2470 1046 2523 fuerit,
1071 2474 1233 2523 parata
1258 2474 1328 2514 est
1348 2471 1601 2524 providere
1627 2471 1820 2515 eisdem.
2059 2480 2062 2481 ’

398 2547 594 2601 Super
669 2550 851 2594 XVII.
929 2553 1231 2606 articulo,
1307 2553 1620 2597 videlicet
1695 2553 1764 2596 de
1841 2553 2050 2596 indul-

281 2629 308 2668 g
323 2629 347 2658 e
364 2630 428 2659 nc
447 2618 455 2658 i
475 2618 484 2659 i
503 2631 536 2660 s.
572 2618 780 2673 Videtur,
804 2622 927 2674 quod
951 2622 1166 2666 dominus
1187 2627 1348 2666 noster
1368 2637 1491 2678 papa
1515 2638 1616 2667 cum
1639 2625 1762 2668 bona
1786 2625 2048 2668 maturitate

280 2690 323 2728 ct
351 2688 506 2731 debita
534 2689 857 2735 moderacione
885 2693 1141 2745 procedere
1164 2694 1337 2737 debeat
1365 2696 1411 2737 in
1438 2695 1646 2738 futurum
1674 2696 1722 2738 in
1746 2695 2046 2739 concessione

280 2756 692 2813 indulgenciarum,
723 2761 1031 2815 indulgenciis
1062 2765 1151 2807 iam
1181 2778 1267 2818 per
1295 2778 1595 2819 quoscunque
1626 2767 1860 2810 concessis
1884 2767 1934 2809 in
1962 2779 2047 2809 suo

281 2827 446 2869 robore
491 2829 738 2874 duraturis.
798 2832 910 2875 Item
953 2834 1199 2878 facultates
1241 2835 1471 2879 minorum
1512 2837 1955 2890 penitenciarior‘um
1996 2838 2046 2880 in

398 2979 427 3021 ¹)
463 2980 555 3014 Hem
588 2982 713 3017 Ivlmlt
748 2985 836 3018 tem-lt
870 2985 914 3021 X.
947 2988 983 3028 ];
1015 2988 1083 3021 (las
1113 2987 1338 3023 Avisament
1368 2989 1515 3024 scheint
1546 2990 1688 3025 bereits
1717 2991 2046 3030 voranszusetzen,

278 3036 352 3078 dal}
390 3037 452 3070 die
492 3039 690 3075 einzelnen
730 3042 873 3076 Ceclnla
913 3044 960 3077 de
999 3045 1293 3088 dispensacione
1332 3057 1377 3081 :a
1429 3047 1603 3082 eincm
1653 3047 1879 3084 Avis-ament
1917 3057 2044 3084 verar-

281 3092 395 3128 heile!
420 3095 517 3132 sind.
