2102 3444
228 148 313 191 252
762 147 787 182 I.
814 146 1025 183 Abschnitt.
1065 146 1466 192 Konzilstagebiicher.

348 266 401 308 Et
422 265 572 320 primo
594 278 736 319 super
757 265 1096 308 autorizacione
1118 265 1301 308 concilii
1322 265 1509 309 nomine
1531 266 1637 309 dicti
1661 267 1874 321 Gregorii
1894 268 1999 310 XII.

231 337 445 380 facienda
476 337 660 379 videtur
695 337 759 379 sic
791 336 1146 389 providendum,
1180 337 1303 389 quod
1337 337 1383 378 in
1417 338 1628 380 sessione
1661 338 1850 391 publica
1882 338 2000 382 lecta

231 408 358 450 bulla
384 408 488 449 dicti
514 408 555 449 d.
581 407 794 461 Gregorii
819 408 938 459 XII„
963 407 1008 448 in
1034 420 1123 460 qua
1149 407 1316 450 dictam
1340 408 1727 451 autorizacionem
1751 408 1859 451 fieri
1884 422 2001 452 com-

230 479 352 520 misit
379 483 425 521 et
452 479 543 521 alia
572 491 714 531 super
741 478 1066 520 commissione
1093 479 1320 531 generali,
1349 492 1469 521 unus
1497 492 1554 521 ex
1584 480 1915 523 commissariis
1944 479 2002 522 ad

229 549 312 590 hoc
341 549 573 602 deputatis
603 549 788 601 publice
820 549 940 591 dicat
966 549 1014 590 ¹in
1042 548 1236 591 effectu:
1279 549 1393 600 Quia
1423 550 1741 592 sanctissimus
1771 551 1813 593 d.
1842 554 2002 594 noster

231 619 485 673 Gregorius
526 632 647 672 papa
686 619 789 661 XII.
831 619 1005 661 audivit
1046 653 1054 661 .
1091 654 1098 661 .
1135 654 1143 661 .
1185 620 1500 674 continetur.¹)

349 691 402 732 Et
426 694 531 732 tunc
556 703 641 743 pro
667 690 876 743 qualibet
899 690 1093 732 nacione
1119 691 1460 744 respondeatur
1486 704 1612 733 more
1640 692 1791 734 solito:
1831 692 2000 735 Placet.

232 762 282 803 Et
317 773 459 814 super
489 760 580 803 hiis
611 764 832 814 petuntur
866 761 1052 814 publica
1086 762 1408 815 instrumenta,
1442 775 1532 815 que
1565 766 1610 804 et
1642 762 1751 804 fieri
1784 766 2003 816 poterunt

230 845 313 884 per
347 832 554 875 notarios
588 832 674 874 sub
709 845 831 875 anno
864 832 1058 874 Romani
1092 833 1238 886 regni,
1271 845 1364 875 non
1397 833 1518 876 facta
1551 833 1792 876 mencione
1827 833 1885 876 de
1917 834 2003 877 Ro-

229 915 365 945 mano
396 902 619 956 pontifice
651 903 724 944 vel
759 903 870 946 sede
905 904 1158 956 apostolica
1190 904 1346 957 aliquo
1379 904 1528 958 modo,
1562 917 1704 958 super
1736 917 1826 957 quo
1855 904 2003 947 eciam

232 974 437 1026 synodus
475 973 733 1027 provideat,
775 974 897 1026 quod
940 975 1003 1017 sic
1043 974 1142 1026 fiat,
1184 987 1269 1028 pro
1306 975 1393 1017 hac
1434 976 1533 1017 vice
1576 988 1724 1028 usque
1767 975 1825 1018 ad
1865 976 2004 1019 cessi-

231 1057 367 1086 onem
397 1078 405 1087 .
441 1077 449 1086 .
485 1045 534 1098 .²)

349 1115 433 1157 Die
467 1114 582 1158 iovis
614 1115 787 1158 XVIII.
821 1117 998 1158 mensis
1030 1116 1143 1158 Julii
1178 1115 1509 1160 serenissimus
1540 1116 1760 1171 princeps
1792 1117 1834 1160 d.
1867 1116 2005 1172 Sigis-

230 1187 429 1229 mundus
457 1186 769 1228 Romanorum
799 1190 844 1229 et
872 1186 1110 1240 Hungarie
1140 1200 1225 1229 rex
1255 1200 1442 1241 semper
1471 1191 1707 1241 augustus,
1736 1201 1875 1242 quem
1905 1201 2004 1231 ora-

231 1262 355 1301 tores
398 1257 650 1311 supradicti
693 1271 780 1311 pro
820 1261 953 1311 parte
997 1261 1288 1300 sacrosancte
1332 1259 1495 1311 synodi
1539 1258 1920 1302 Constanciensis
1959 1262 2004 1302 et

231 1330 392 1382 plures
425 1328 502 1371 alii
532 1328 770 1383 principes
803 1332 850 1371 et
880 1341 1102 1382 proceres
1134 1342 1289 1371 secum
1323 1329 1380 1372 ad
1412 1329 1454 1371 d.
1487 1330 1675 1372 Petrum
1708 1330 1765 1372 de
1797 1330 1928 1374 Luna
1959 1333 2005 1373 et

233 1412 390 1453 regem
414 1400 681 1453 Aragonum
704 1399 961 1453 profecturi
984 1413 1070 1453 per
1093 1403 1267 1442 terram
1290 1413 1455 1443 versus
1479 1401 1743 1444 Narbonam
1766 1413 2006 1455 precesse-

232 1475 348 1524 rant,
371 1472 418 1513 in
438 1472 545 1514 navi
566 1484 653 1525 per
673 1471 854 1513 Renum
877 1471 1170 1514 descendens
1189 1471 1452 1514 Narbonam
1476 1485 1584 1515 suos
1606 1471 1779 1515 direxit
1798 1485 2004 1526 gressus,

231 1546 278 1585 ut
305 1555 406 1584 cum
434 1542 612 1585 eisdem
640 1543 681 1585 d.
711 1542 849 1585 Petro
877 1543 934 1584 de
961 1542 1092 1585 Luna
1117 1546 1164 1584 et
1190 1555 1300 1596 rege
1328 1543 1595 1596 Aragonum
1624 1543 1893 1586 conveniret
1919 1556 2005 1597 pro

232 1614 402 1656 unione
432 1613 621 1656 favente
651 1613 838 1656 domino
864 1613 1185 1656 concludenda
1212 1613 1436 1668 perfecte.

349 1685 434 1727 Die
460 1685 678 1727 mercurii
703 1685 901 1727 XXIIII.
926 1685 1103 1728 mensis
1127 1684 1239 1727 Julii
1262 1694 1432 1727 revmus
1456 1685 1503 1726 in
1528 1684 1634 1728 Chr.
1658 1698 1702 1739 p.
1727 1685 1768 1730 d.
1796 1685 2004 1728 Francis-

231 1770 324 1808 cus,
368 1756 674 1799 miseracione
719 1756 877 1799 divina
920 1759 1183 1799 sanctorum
1228 1755 1393 1798 Cosme
1437 1759 1482 1798 et
1524 1756 1738 1799 Damiani
1781 1756 2003 1800 diaconus

228 1827 479 1870 cardinalis
527 1827 827 1870 Florentinus
872 1828 1129 1880 vulgariter
1174 1827 1452 1880 nominatus,
1498 1826 1608 1869 fecit
1653 1826 2000 1881 infrascriptum

230 1910 493 1940 sermonem
526 1911 613 1951 per
648 1898 834 1940 modum
870 1899 1095 1941 orationis
1130 1898 1177 1940 in
1211 1898 1409 1941 ecclesia
1443 1898 1700 1940 cathedrali
1736 1898 2002 1942 Constanci-

226 1971 343 2023 ensi,
374 1969 741 2012 exhortatorium
772 1970 830 2012 ad
862 1969 1250 2012 reformacionem
1282 1970 1480 2012 ecclesie
1512 1969 1813 2023 presentibus
1842 1969 2000 2012 revmis

229 2041 273 2082 in
305 2040 410 2083 Chr.
440 2054 483 2094 p.
515 2041 556 2082 d.
587 2044 742 2083 sancte
772 2040 822 2082 R.
852 2054 891 2083 e.
922 2040 1252 2093 cardinalibus,
1283 2040 1482 2082 dominis
1511 2040 1720 2094 prelatiS,
1750 2040 2001 2084 ambassia-

227 2112 421 2165 toribus,
457 2111 737 2165 doctoribus,
774 2111 1007 2165 magistris
1041 2115 1088 2154 et
1121 2112 1226 2154 aliis
1262 2112 1309 2154 in
1346 2114 1637 2154 sacrosancta
1673 2111 1850 2165 synodo
1886 2111 2001 2154 Con-

229 2183 478 2225 stanciensi
504 2182 826 2226 existentibus.
863 2183 961 2234 Quo
984 2183 1120 2225 finito
1145 2192 1274 2224 revus
1298 2183 1345 2224 in
1371 2182 1476 2226 Chr.
1500 2196 1544 2236 p.
1572 2182 1613 2225 d.
1640 2182 1894 2236 Johannes,
1919 2183 2000 2225 mi-

228 2253 468 2295 seracione
500 2253 655 2296 divina
686 2253 951 2307 patriarcha
981 2254 1313 2307 Anthiocenus,
1346 2253 1492 2308 ipsius
1524 2254 1566 2296 d.
1598 2253 1850 2297 cardinalis
1880 2254 2000 2296 dicta

227 2337 473 2367 resumens
498 2328 543 2367 et
570 2325 900 2368 commendans
929 2338 1090 2368 omnes
1117 2324 1290 2379 gradus
1318 2328 1363 2367 et
1392 2327 1536 2368 status
1564 2325 1770 2368 Romane
1798 2325 1925 2367 curie
1953 2327 1999 2367 et

226 2396 424 2438 maxime
451 2396 495 2438 d.
525 2395 830 2438 cardinalium
858 2396 1066 2450 pupugit,
1095 2396 1163 2439 eis
1192 2396 1426 2449 symonias
1452 2399 1498 2438 et
1525 2396 1617 2439 alia
1645 2396 1893 2439 inhonesta
1918 2395 1998 2438 im-

226 2467 537 2521 properando.
573 2467 769 2520 Semper
790 2470 944 2509 tamen
968 2468 1014 2509 in
1035 2479 1209 2520 genere
1231 2468 1450 2520 loquutus
1471 2470 1554 2509 est.
1590 2466 1674 2509 Cui
1696 2476 1866 2508 revmus
1888 2466 1930 2509 d.
1953 2466 1995 2509 d.

225 2539 390 2582 Petrus
425 2538 731 2580 miseracione
767 2538 923 2580 divina
956 2538 1074 2580 tituli
1111 2539 1253 2580 sancti
1289 2537 1537 2591 Grisogoni
1570 2538 1820 2591 presbyter
1851 2537 1998 2580 cardi-

225 2610 346 2652 nalis
385 2608 737 2652 Cameracensis
773 2608 1028 2662 vulgariter
1063 2611 1357 2662 nuncupatus
1395 2607 1689 2662 respondens
1725 2611 1771 2651 et
1805 2621 1910 2651 eum
1949 2609 1995 2651 in

226 2680 322 2724 suis
346 2680 478 2723 dictis
500 2680 781 2733 impugnans
804 2681 940 2733 plura
965 2680 1021 2722 de
1044 2680 1270 2733 yprocrisi
1297 2680 1515 2732 loquutus
1539 2682 1622 2722 est.

343 2775 374 2816 1)
409 2774 670 2808 Azztorisalion
704 2775 772 2808 des
803 2773 959 2808 Konze'ls
990 2784 1062 2808 von
1097 2772 1198 2807 Seite
1232 2772 1397 2814 Greqors
1431 2772 1514 2807 XII.
1547 2773 1662 2808 durch
1695 2772 1892 2808 Johannes
1923 2771 1995 2805 Do-

228 2833 365 2866 minici.
403 2833 522 2866 Hardl
550 2832 613 2870 11'.
638 2833 724 2874 :371;
754 2832 878 2866 Man-si
904 2830 1062 2873 XXVII,
1087 2832 1164 2866 734.

342 2891 374 2931 2)
410 2890 456 2924 Es
487 2890 615 2933 folqen
648 2891 712 2925 die
744 2889 941 2933 Evzlwiirfe
971 2891 1040 2925 cler
1074 2888 1244 2926 Articuli.
1276 2890 1350 2923 wis>
1381 2890 1437 2924 sie
1471 2890 1531 2924 bei
1564 2890 1683 2925 Har-dt
1715 2889 1781 2932 IV,
1810 2888 1992 2927 375—78.·

229 2949 350 2981 Mansi
375 2948 530 2985 XXI‘II,
555 2949 714 2983 739-4?
736 2949 793 2982 als
817 2947 1198 2982 Konzilsbeschliisse
1220 2948 1401 2988 {sedruclst
1425 2948 1521 2982 sind.
1559 2948 1620 2982 Bis
1640 2948 1666 2991 f.
1692 2949 1757 2983 185
1781 2947 1904 2990 brinqt
1925 2948 1994 2983 das

228 3006 423 3047 'l'aqebuele
453 3007 503 3040 im
529 3007 617 3041 Coa.
646 3007 672 3041 B
697 3007 759 3041 die
787 3006 960 3041 Berichle
986 3006 1083 3041 iiber
1106 3006 1170 3040 die
1197 3006 1355 3040 14.—17.
1384 3006 1510 3039 Sessio
1535 3006 1706 3049 (iihnlich
1734 3006 1786 3040 im
1810 3006 1899 3040 Ood.
1925 3004 1992 3049 0),-

225 3064 342 3097 Hardl
374 3064 436 3098 11'.
464 3065 668 3101 346-482:
703 3066 825 3100 Mansi
857 3064 1013 3106 XXVII,
1046 3064 1238 3100 730—783.
