2102 3444
225 131 281 174 56
747 133 771 165 1.
814 114 1023 167 Abscimni.
1077 133 1475 178 Konzilstagebiicher.

350 250 459 292 Item
488 250 717 303 premissa
745 252 945 304 capitula
976 286 983 293 .
1021 289 1026 295 .
1065 286 1072 293 .
1101 253 1372 295 continetur.

351 321 460 362 Item
486 334 511 362 e
538 334 762 363 converso
789 356 796 363 .
833 356 840 363 .
877 357 884 364 .
913 323 970 364 de
997 335 1081 375 per
1108 336 1171 365 se.

343 391 572 445 Signumss)
607 392 889 435 Ferdinandi
924 394 1004 435 Dei
1039 428 1046 435 .
1083 428 1090 435 .
1127 428 1134 435 .
1165 395 1236 436 hic
1265 397 1507 449 apponi.¹).

227 462 461 505 l'remissa
485 464 637 505 onmia
661 465 861 516 capitula
885 465 1192 507 firmaverunt
1215 470 1259 508 et
1283 467 1553 509 iuraverunt
1576 479 1659 508 rex
1683 467 1995 509 Romanorum

225 537 268 575 el
296 547 457 576 omnes
484 536 828 578 ambaxiatores
855 536 1057 577 omnium
1086 538 1292 589 parcium
1320 538 1645 590 predictarum.

346 605 509 647 Forma
536 609 689 647 autem
716 608 1079 659 convocacionis,
1105 607 1162 649 de
1189 621 1277 661 qua
1305 610 1521 662 superius
1550 609 1593 650 in
1620 610 1770 661 primo
1794 609 1995 662 capitulo

228 677 279 717 l'it
304 678 497 728 mencio,
522 680 591 719 est
614 677 737 719 talis:

345 747 650 789 Miseracione
675 748 831 790 divina
856 782 863 790 .
900 783 907 789 .
945 783 952 790 .
992 749 1154 790 Datum
1178 753 1223 791 et
1246 753 1394 791 actum
1417 754 1487 792 est
1510 751 1634 803 etc.²)

342 818 617 860 Retulerunt
655 819 860 872 insuper,
899 820 1036 872 quod,
1075 820 1180 862 licet
1218 833 1300 862 rex
1337 821 1604 874 Aragonum
1642 833 1727 874 per
1764 821 1994 875 premissa

224 888 425 940 capitula
460 901 552 930 non
588 890 880 942 promisisset
915 890 1077 932 favere
1113 891 1506 933 substraccionem
1543 891 1816 933 obediencie
1854 892 1901 934 P.
1937 891 1995 934 de

226 960 354 1002 Luna
375 973 522 1013 usque
544 961 601 1002 ad
627 961 686 1001 IX
707 961 806 1003 dies
828 965 926 1013 etc„
948 962 1073 1003 illam
1096 965 1250 1004 tamen
1266 966 1369 1015 post
1385 963 1610 1004 dictorum
1627 962 1995 1005 ambaxiatorum

225 1042 461 1072 recessum
495 1031 552 1072 de
587 1031 803 1074 Narbona
838 1032 960 1074 idem
996 1046 1078 1073 rex
1114 1033 1380 1086 Aragonum
1415 1033 1490 1074 die
1526 1033 1786 1086 Epiphanie
1820 1033 1995 1076 domini

226 1102 484 1143 solenniter
522 1102 699 1145 fecerat
735 1103 781 1144 in
820 1103 1104 1156 Perpiniano
1142 1108 1186 1145 et
1224 1104 1516 1157 credebatur,
1554 1104 1678 1157 quod
1715 1104 1881 1146 eadem
1919 1105 1996 1147 die

225 1173 423 1215 similem
449 1174 674 1215 fecissent
698 1187 782 1215 rex
810 1174 1013 1216 Castelle
1038 1178 1083 1216 et
1109 1188 1192 1216 rex
1218 1176 1437 1227 Navarre,
1462 1179 1599 1228 prout
1625 1175 1748 1217 idem
1773 1188 1858 1217 rex
1883 1175 1996 1218 Ara-

223 1257 393 1297 gonum
417 1245 669 1297 scripserat
693 1246 789 1298 regi
815 1246 1126 1287 Romanorum
1152 1250 1195 1288 et
1220 1247 1409 1288 miserat
1435 1247 1635 1288 litteram
1660 1247 1995 1289 subtraccionis

225 1315 472 1368 sigillatam
500 1315 654 1369 sigillo
682 1329 778 1368 suo,
806 1329 896 1369 que
923 1316 1108 1369 publice
1136 1318 1253 1359 lecta
1281 1317 1367 1359 fuit
1395 1321 1440 1359 et
1466 1318 1596 1360 cuius
1623 1320 1758 1360 tenor
1786 1316 1995 1370 sequitur

223 1390 269 1429 et
293 1390 363 1429 est
389 1387 514 1429 talis:
1676 1402 1678 1404 ·

341 1458 430 1500 Nos
461 1459 786 1501 Ferdinandus
815 1493 822 1500 .
859 1493 867 1500 .
904 1493 911 1500 .
942 1460 1115 1511 quinto.
1156 1460 1208 1501 A.
1237 1459 1629 1513 primogenitus.³)

342 1529 426 1571 Die
454 1530 633 1572 sabbati
662 1530 890 1583 sequenti,
917 1543 1006 1583 que
1031 1530 1118 1572 fuit
1143 1531 1293 1583 prima
1321 1530 1579 1583 Februarii,
1606 1530 1665 1572 ad
1690 1529 1994 1572 referendum

225 1600 388 1643 laudes
424 1604 469 1642 et
503 1602 683 1654 gracias
719 1601 818 1643 Deo
854 1614 905 1643 ac
940 1601 1162 1654 predictis
1198 1601 1388 1654 regibus
1423 1605 1468 1643 et
1503 1601 1900 1644 ambaxiatoribus
1936 1601 1994 1643 de

224 1676 314 1714 tam
338 1672 540 1714 feliciter
563 1673 706 1725 gestis
731 1673 818 1714 fuit
842 1676 1119 1726 congregato
1143 1673 1336 1714 concilio
1361 1673 1502 1715 missa
1527 1672 1736 1715 solennis
1759 1673 1996 1715 celebrata

223 1756 306 1795 per
334 1744 619 1785 cardinalem
649 1743 992 1785 Bononiensem
1021 1747 1065 1785 et
1095 1756 1248 1785 sermo
1276 1743 1424 1786 factus
1451 1757 1536 1797 per
1565 1743 1834 1797 episcopum
1863 1743 1995 1786 Tolo-

223 1826 417 1856 nensem
448 1818 492 1856 et
522 1814 641 1856 facta
674 1815 896 1856 solemnis
927 1815 1177 1867 processio.

343 1885 485 1938 Copia
512 1886 664 1926 littere
692 1885 848 1927 clause
876 1899 934 1927 ex
959 1888 1090 1938 parte
1119 1886 1243 1938 regis
1271 1886 1536 1938 Aragonum
1562 1885 1736 1928 directe
1763 1885 1806 1927 d.
1832 1885 1995 1928 Roma-

223 1969 387 1997 norum
414 1956 531 2009 regi:

339 2026 650 2069 Serenissimo
771 2027 944 2069 Soliciti
960 2040 1067 2069 cura
1195 2027 1513 2069 MCCCCXVI.
1531 2028 1582 2069 A.
1598 2027 1990 2080 primogenitus.⁴)

342 2098 425 2140 Die
464 2098 624 2140 martis
667 2098 770 2141 IIII.
812 2098 1055 2139 Februarii
1093 2101 1369 2150 congregato
1407 2098 1600 2140 concilio
1637 2098 1738 2140 loco
1772 2100 1994 2140 consueto

223 2171 413 2211 fuerunt
438 2168 727 2222 praescripta
752 2168 953 2221 capitula
979 2169 1164 2221 publice
1192 2169 1308 2210 lecta
1334 2172 1378 2210 et
1405 2168 1705 2221 singulariter
1729 2181 1814 2221 per
1841 2169 1994 2221 singu-

223 2241 292 2282 los
321 2240 599 2292 cardinales,
627 2239 930 2292 patriarchas,
959 2239 1348 2291 archiepiscopos,
1377 2239 1636 2292 episcopos,
1665 2239 1873 2291 abbateS,
1902 2251 1995 2281 am-

222 2311 489 2353 baxiatores
524 2323 684 2364 regum
718 2313 763 2352 et
795 2310 1056 2363 principum
1092 2313 1229 2362 atque
1264 2309 1594 2352 universaliter
1627 2322 1712 2363 per
1746 2311 1992 2353 universos

223 2383 493 2435 approbata,
521 2382 794 2423 confirmata
823 2385 868 2423 et
895 2382 1135 2423 observari
1169 2382 1317 2423 iurata
1347 2381 1601 2423 secundum
1629 2380 1827 2423 formam
1855 2384 1901 2423 et
1928 2384 1992 2423 te-

222 2466 397 2495 norem.
438 2454 490 2494 Et
518 2453 624 2494 inde
652 2452 867 2494 mandata
896 2452 1001 2493 fieri
1030 2465 1116 2505 per
1143 2452 1268 2494 sedis
1295 2452 1547 2505 apostolice
1573 2452 1780 2495 notarios
1806 2451 1991 2505 publica

225 2525 530 2566 instrumenta
566 2527 701 2576 atque
737 2523 823 2565 fuit
858 2523 1135 2575 ordinatum,
1170 2523 1293 2575 quod
1326 2523 1572 2576 collegium
1607 2522 1913 2565 cardinalium
1948 2526 1993 2565 et

223 2595 431 2647 quelibet
451 2595 633 2636 nacioni
658 2594 903 2647 deputaret
925 2597 1074 2636 certos
1096 2594 1153 2635 ad
1176 2594 1440 2635 faciendum
1458 2593 1625 2646 omnia,
1641 2606 1731 2647 que
1748 2594 1805 2635 ad
1819 2606 1992 2647 exequ-

223 2666 399 2707 cionem
430 2665 652 2707 dictorum
685 2665 982 2706 articulorum
1013 2664 1322 2717 pertinebant,
1353 2677 1453 2706 curn
1483 2665 1623 2717 plena
1653 2667 1880 2718 potestate
1911 2665 1991 2707 illa

327 2788 357 2809 a>
378 2781 460 2814 l'nlqt
483 2782 542 2807 flas
563 2781 782 2814 ›mr-liglenzaerlras
806 2782 958 2815 Zr-ic1111›1,·
979 2781 1049 2808 alsa
1074 2782 1129 2806 lm!
1153 2780 1305 2807 Fillasmr
1326 2782 1386 2807 'lus
1409 2780 1556 2813 Oriqimil
1579 2781 1716 2813 [sesehen.

342 2842 373 2884 Ἰ)
398 2842 469 2885 vyl.
491 2842 691 2883 Dollinyer
712 2842 783 2879 ΙΙΙ,
804 2842 882 2877 322.

341 2902 372 2942 ’-’)
402 2901 521 2936 HarcIl
548 2901 612 2935 Il'.
638 2902 725 2943 9‘29,
755 2901 880 2935 Mmzsi
908 2900 1065 2941 ΧΧΙἸΙ,
1090 2901 1169 2935 950.

341 2961 372 3000 ²²)
404 2960 522 2993 Hardl
552 2960 598 2994 ΙΙ,
628 2960 807 3002 5:34-63‚·
840 2960 963 2993 Mans}
994 2959 1150 3001 XXI'II,
1178 2958 1350 2993 824—29.

341 3021 372 3061 ⁷¹)
400 3018 504 3063 Brief
529 3030 557 3053 r.
581 3022 611 3054 6.
637 3020 682 3057 Ι.,·
706 3019 825 3053 Hardl
849 3018 898 3058 ΙΙ,
923 3019 1101 3061 562-65;
1127 3018 1252 3053 Mcmsi
1274 3016 1433 3061 XXVII,
1456 3018 1534 3053 829.
