2227 3434
0 130 15 146 Q

584 182 623 215 B.
646 180 894 215 Avisamente
914 180 984 215 der
1003 179 1320 214 Reformatorien.
1749 180 1834 222 679

0 298 14 318 ’·“
71 309 245 351 genere
271 299 346 340 vel
374 299 420 340 in
449 298 603 351 specie
632 298 984 351 quibuscunque
1010 296 1226 350 personis
1253 296 1343 340 nisi
1371 297 1566 349 prelatis
1593 299 1725 338 extra
1752 297 1836 338 Ro-

8 393 9 397 =
72 379 255 410 manam
283 369 457 410 curiam
487 368 592 411 date
621 371 910 410 revocentur.

23 426 32 432 ’
189 437 386 492 Super
445 438 664 480 XVIII.
726 438 1003 480 articulo
1061 437 1372 479 videlicet
1431 435 1503 479 de
1560 435 1836 478 decimis.

73 508 300 560 Quantum
327 508 385 551 ad
413 508 636 550 decimam
665 521 750 551 seu
777 512 979 561 quottam
1008 508 1184 551 decime
1212 511 1304 550 tam
1333 508 1532 549 maxime
1562 507 1603 549 d.
1631 520 1674 549 n.
1702 519 1838 560 pape,

4 568 11 604 Ῐ
73 591 209 633 quam
244 579 438 622 alterius
472 579 785 632 cuiuscunque
823 579 1056 621 indicendi
1092 579 1361 621 nullomodo
1396 579 1631 632 tollantur,
1665 578 1755 620 nisi
1793 578 1839 619 in

0 661 9 668 ·
73 661 183 692 casu
219 649 511 693 neces-sitatis
549 653 595 692 et
633 662 770 692 causa
810 649 1069 702 significata
1106 653 1150 691 et
1189 649 1477 701 racionabili,
1518 648 1717 690 indicata
1754 660 1839 690 seu

5 736 14 756 τ
73 720 330 774 approbata
363 733 450 774 per
481 721 688 774 prelatos
723 721 796 762 vel
833 721 1056 762 maiorem
1088 723 1269 772 partem
1306 721 1511 772 ipsorum
1546 719 1674 761 illius
1709 718 1840 772 regni

74 791 149 833 vel
189 791 442 844 provincie,
483 791 563 833 ubi
606 791 834 833 indicetur
874 794 921 832 et
961 791 1084 843 quod
1125 790 1208 832 fiat
1249 790 1465 832 reduccio
1505 789 1742 843 generalis
1782 789 1840 831 ad

0 855 4 862 ’
73 861 273 904 mediam
304 861 465 903 ultime
499 861 790 903 reduccionis
824 861 994 903 factum
1025 873 1112 914 per
1144 861 1385 902 Urbanum
1417 861 1471 902 V.
1522 860 1633 902 Item
1668 860 1705 903 si
1738 872 1841 901 con-

73 932 219 986 tingat
239 931 390 986 ipsam
416 931 643 974 decimam
670 935 748 974 aut
772 935 976 984 quottam
1003 931 1180 973 decime
1207 932 1381 984 imponi
1409 944 1493 974 seu
1518 931 1707 973 concedi
1732 943 1841 972 casu

3 1040 9 1050 „
73 1005 119 1045 et
143 1002 280 1045 modo
302 1002 539 1056 predictis,
565 1002 624 1045 ad
649 1003 933 1045 solucionem
957 1002 1059 1044 eius
1084 1002 1280 1043 ecclesie
1306 1001 1714 1054 ecclesiasticeque
1738 1013 1843 1054 per-

74 1085 187 1116 sone
215 1072 484 1116 nullatenus
513 1073 853 1126 compellantur
881 1086 966 1126 per
994 1085 1222 1126 personas
1251 1072 1592 1115 ecclesiasticas
1621 1075 1698 1114 aut
1726 1084 1843 1113 com-

73 1144 259 1197 pellens
289 1143 392 1197 ipso
422 1144 544 1186 facto
570 1144 812 1186 sentencie
845 1143 1340 1186 excommunicacionis
1373 1143 1681 1186 subiaceatur.
1728 1143 1842 1184 Item

2 1238 7 1243 ·
74 1214 120 1256 in
151 1215 400 1257 exaccione
432 1215 639 1267 predicta
671 1214 887 1257 facienda
918 1214 1146 1256 habeatur
1178 1215 1303 1256 racio
1334 1226 1593 1267 pauperum
1627 1214 1843 1255 ecclesia-

74 1297 176 1328 rum
204 1288 252 1327 et
276 1285 459 1339 piorum
488 1286 692 1327 locorum
722 1297 989 1338 egenorum.

664 1399 668 1401 ἡ
713 1368 735 1391 *
1183 1368 1204 1391 *

948 1414 970 1438 *

191 1495 429 1552 Super¹)
493 1496 769 1539 articulo
828 1495 897 1538 de
957 1494 1317 1537 collacione
1375 1494 1845 1536 beneficiorum

75 1570 132 1610 et
170 1567 525 1620 graciarum
563 1567 1113 1620 expectativarum
1156 1565 1390 1608 domini
1429 1563 1846 1617 infrascripti

76 1637 292 1681 dicunt
326 1641 387 1680 ut
423 1650 484 1680 se
501 1637 676 1690 quitu
693 1650 728 1680 r.
767 1638 832 1680 De
858 1637 1197 1679 beneficiorum
1223 1636 1476 1678 collacione
1503 1636 1846 1678 ambaxiatores

77 1708 202 1762 regis
220 1712 269 1752 et
291 1709 487 1752 ecclesie
511 1708 752 1752 Gallicane
775 1708 943 1761 prelati
967 1711 1012 1750 et
1035 1708 1114 1750 alii
1139 1708 1410 1750 collatorum
1435 1720 1484 1749 ac
1506 1707 1681 1760 partea)
1706 1706 1846 1747 bene-

76 1778 290 1822 ficiorum
318 1782 425 1822 sunt
450 1792 593 1833 super
618 1779 703 1821 hoc
731 1780 777 1820 in
804 1779 1063 1832 concordia,
1091 1779 1162 1820 cui
1191 1781 1315 1820 stare
1343 1779 1504 1819 volunt
1531 1790 1631 1819 cum
1660 1777 1847 1819 domino

64 1853 249 1903 inostro,
268 1850 347 1904 qui
368 1850 450 1893 scit
470 1853 672 1892 mentem
692 1850 950 1892 eorundem
970 1853 1016 1891 et
1035 1850 1164 1891 novit
1182 1848 1493 1890 intencionem
1512 1847 1845 1890 universitatis.

193 1921 272 1964 Set
319 1921 473 1974 quoad
519 1920 700 1974 gracias
747 1921 1064 1973 expectativas
1111 1919 1435 1961 concedendas
1483 1918 1666 1961 videtur
1715 1917 1847 1959 dictis

76 1991 487 2044 ambaxiatoribus,
515 1991 710 2044 prelatis
738 1994 784 2034 et
812 1992 917 2033 aliis
947 1990 1225 2044 supradictis
1254 1989 1549 2032 statuendum
1578 1989 1695 2041 fore,
1725 1988 1847 2041 quod

77 2063 164 2105 sub
189 2062 358 2116 graciis
385 2062 650 2104 huiusmodi
677 2061 1006 2115 exspectativis
1033 2074 1126 2103 non
1154 2060 1342 2103 veniant
1370 2060 1571 2102 maiores
1600 2059 1848 2112 dignitates

77 2132 124 2175 in
148 2133 496 2176 cathedralibus
519 2136 565 2175 et
589 2133 635 2174 in
662 2132 918 2185 collegiatis
944 2132 1156 2174 ecclesiis
1183 2144 1235 2173 ac
1261 2132 1352 2173 aIIe
1378 2130 1627 2184 dignitates
1651 2130 1846 2172 elective

77 2203 311 2257 prioratus
350 2205 697 2256 conventuales,
738 2203 896 2246 officia
936 2203 1217 2254 claustralia,
1259 2214 1440 2243 necnon
1482 2201 1574 2244 alia
1614 2200 1847 2242 beneficia

78 2274 313 2328 regularia
335 2277 383 2318 et
408 2275 652 2327 secularia,
676 2274 735 2316 de
762 2274 930 2326 quibus
956 2273 1099 2315 lacior
1124 2272 1179 2315 fit
1204 2273 1385 2314 mencio
1410 2272 1455 2313 in
1482 2272 1677 2314 articulo
1702 2271 1848 2312 refor-

79 2345 276 2398 matorii,
312 2349 360 2389 et
395 2345 541 2388 eciam
580 2344 827 2387 vicariatus
863 2343 1080 2398 perpetui
1117 2357 1201 2386 seu
1236 2343 1500 2396 capellanie
1538 2345 1765 2396 perpetue
1804 2344 1848 2383 et

79 2415 238 2459 officia
279 2416 616 2459 cathedralium
655 2416 730 2458 vel
773 2415 1122 2469 collegiatarum
1163 2415 1483 2466 ecclesiarum,
1527 2425 1722 2466 quorum
1764 2424 1847 2454 seu

78 2499 275 2541 quarum
299 2487 569 2530 beneficiati
593 2499 653 2529 ex
680 2486 871 2540 speclali
896 2485 1192 2537 fundacione,
1219 2487 1387 2527 statuto
1411 2485 1485 2525 vel
1512 2482 1846 2526 consuetudine

79 2560 296 2600 tenentur
338 2558 383 2600 in
425 2557 637 2601 ecclesiis
676 2556 941 2599 huiusmodi
982 2556 1298 2610 personaliter
1339 2555 1552 2597 officiare
1594 2557 1640 2596 et
1682 2554 1848 2595 missas

79 2641 271 2682 magnas
297 2629 371 2670 vel
396 2628 516 2671 alias
543 2640 644 2670 cum
671 2628 788 2670 votis
817 2627 1013 2680 singulis
1040 2627 1206 2669 diebus
1234 2627 1307 2668 vel
1337 2625 1529 2667 alterius
1558 2625 1736 2666 vicibus
1763 2636 1848 2676 per

80 2711 130 2742 se
159 2699 285 2753 ipsos
313 2699 556 2741 celebrare
582 2702 630 2741 et
656 2698 797 2741 horas
826 2698 1071 2740 canonicas
1101 2696 1293 2739 diurnas
1322 2696 1498 2749 pariter
1526 2698 1571 2737 et
1598 2698 1848 2737 nocturnas

81 2769 302 2823 incipere,
334 2769 622 2822 continuare,
657 2768 891 2822 perficere
928 2771 973 2810 et
1010 2767 1126 2810 alias
1163 2768 1310 2809 eciam
1345 2769 1537 2820 propter
1573 2765 1847 2807 industriam

80 2852 282 2893 persone
302 2841 499 2882 electam
522 2839 736 2882 officiare
758 2842 803 2882 et
825 2838 983 2881 divino
1004 2838 1164 2880 officio
1184 2837 1469 2888 continuare,
1493 2836 1723 2887 insistere,
1747 2847 1846 2876 cum

80 2911 380 2964 experiencia
413 2909 606 2952 docente
641 2910 801 2963 sepius
833 2908 990 2963 vigore
1023 2909 1283 2961 graciarum
1317 2906 1710 2960 expectativarum
1746 2918 1848 2958 pro-

185 3030 216 3057 a)
236 3026 276 3053 So
297 3033 344 3053 or.
365 3025 521 3052 vielleicht
544 3025 659 3059 ris-litis]
680 3023 862 3051 collatores
882 3031 921 3050 cx
942 3025 1045 3058 parte.

197 3087 229 3129 l)
255 3087 334 3121 Das
356 3085 537 3130 folyende
559 3085 652 3130 folyl
678 3085 716 3120 in
741 3085 811 3120 der
833 3085 888 3119 Hs
912 3083 968 3119 als
993 3083 1039 3119 ob
1066 3083 1156 3118 noch
1182 3092 1265 3117 :um
1291 3081 1515 3116 Avisamenl
1539 3079 1706 3124 aenaria.
