2102 3444
231 126 314 166 512
587 124 628 156 ll.
663 123 871 156 Absclinilt.
914 124 1118 155 Sermones
1149 120 1298 154 concilii
1329 119 1649 156 constanciensis.

235 243 361 284 vialis
391 246 434 283 ut
465 241 735 294 imperialis,
753 252 843 280 non
861 239 1093 292 sitapapa
1110 251 1194 280 nec
1211 239 1268 280 ab
1284 240 1482 282 ecclesia
1499 239 1763 283 immediate
1779 240 2001 285 derivata.

242 313 301 354 lta
344 313 463 353 idem
509 312 677 353 l'aulus
718 310 955 363 apostolus
996 310 1041 350 in
1082 310 1180 353 suis
1219 310 1429 363 epistolis
1471 310 1596 353 dicit:
1650 311 1808 354 Omnis
1848 312 2002 355 anima

233 383 536 434 potestatibus
571 381 922 423 sublimioribus
956 381 1140 423 subdita
1173 381 1244 433 sit,
1280 381 1376 424 sive
1411 383 1509 435 regi
1544 382 1675 435 quasi
1710 383 2002 436 preceIIenti,

234 455 342 495 sive·
360 454 552 494 ducibus
580 456 798 504 tanquam
827 464 851 493 a
880 451 978 493 Deo
1007 451 1174 494 missis.
1218 452 1330 494 Cum
1358 464 1470 505 ergo
1498 453 1675 495 nullam
1705 453 1925 496 direct-am
1955 454 2002 495 in

233 528 456 577 potestate
494 523 751 565 sublimiori
790 523 967 575 fecerit,
1003 526 1142 576 patet,
1179 524 1301 575 quod
1339 524 1548 576 quelibet
1582 524 1770 566 illarum
1805 524 2001 567 duarum

234 598 523 647 potestatum,
548 593 721 635 scilicet
745 593 1003 646 spiritualis
1027 597 1071 635 et
1094 594 1381 647 temporalis,
1407 594 1464 636 sit
1486 607 1571 647 per
1596 607 1645 637 se
1670 595 1819 648 ipsam
1840 598 1887 638 et
1909 608 2002 637 una

233 666 288 706 ab
318 666 465 707 altera
491 677 583 706 non
612 663 890 717 dependeat,
920 664 1002 707 sed
1031 678 1052 706 a
1085 665 1183 706 Deo
1210 665 1393 706 volente
1423 665 1605 708 existat.
1650 665 1763 707 Item
1791 665 2002 709 Christus

234 737 314 778 bas
340 737 454 777 duas
480 739 732 788 potestates
757 748 1006 777 secernere
1032 737 1195 778 volens
1220 739 1264 777 et
1281 748 1529 789 segrega-re
1546 736 1733 789 etipsas
1749 749 1774 778 a
1790 737 1892 779 solo
1905 737 2004 779 Deo

231 821 334 848 esse
359 807 606 848 intendens
627 806 869 848 declarare
891 807 998 848 dicit
1015 807 1152 848 Petro
1174 820 1257 849 suo
1278 808 1450 848 vicario
1468 810 1514 849 et
1527 808 1705 860 pastori
1720 808 2003 851 universalis

233 878 442 929 ecclesie,
468 878 544 929 qui
569 890 627 918 ex
653 877 946 929 simplicitate
970 881 1015 920 et
1040 878 1209 920 Christi
1235 879 1335 919 zelo
1358 882 1402 919 et
1428 891 1586 920 amore
1609 883 1853 932 utramque
1877 883 2003 932 pote-

231 952 392 990 statem
423 948 590 1001 exequi
621 949 855 990 nitebatur
887 949 931 989 in
962 948 1132 991 Christi
1163 949 1398 1001 passione:
1443 949 1594 1003 Petre,
1624 950 1776 1004 Petre,
1803 953 2004 1003 potesta-

230 1024 319 1060 tem
354 1020 588 1060 eximendi
621 1019 826 1072 gladium
861 1023 905 1061 et
938 1020 1142 1061 feriendi
1175 1033 1275 1061 cum
1309 1033 1364 1062 eo
1396 1033 1634 1073 nunquam
1666 1021 1748 1062 tibi
1781 1021 2002 1074 concessi,

232 1095 301 1132 set
340 1091 544 1144 gladium
587 1090 793 1144 spiritus,
837 1091 961 1143 quod
1002 1096 1073 1134 est
1114 1092 1307 1133 verbum
1352 1092 1451 1144 Dei,
1493 1092 1574 1134 tibi
1619 1092 1804 1144 tradidi,
1848 1093 2003 1134 claves

230 1162 360 1214 regni
395 1162 613 1214 celorum,
650 1162 823 1213 ligandi
859 1165 904 1204 et
936 1163 1146 1204 solvendi
1183 1163 1265 1203 tibi
1301 1164 1523 1215 concessi,
1558 1166 1834 1216 potestatem
1870 1163 2003 1217 spiri-

231 1233 401 1274 tualem
440 1233 484 1273 in
523 1236 917 1274 sacramentorum
956 1234 1209 1276 collacione
1248 1234 1328 1275 tibi
1367 1237 1410 1275 et
1445 1234 1535 1276 tuis
1573 1234 1922 1276 successoribus
1957 1237 2002 1276 te

231 1304 515 1346 imitantibus
550 1305 678 1346 clave
713 1317 806 1345 non
839 1307 1028 1346 errante
1064 1304 1218 1346 tribui.
1266 1305 1375 1347 Sine
1411 1317 1523 1358 ergo
1558 1308 1764 1348 mortuos
1798 1305 2002 1358 sepelire

231 1378 433 1417 mortuos
466 1388 587 1429 suos,
619 1375 718 1417 sine
750 1376 1027 1428 temporalia
1058 1388 1141 1418 sua
1172 1376 1448 1428 temporalia
1477 1376 1757 1430 gubernare,
1789 1377 1890 1419 sine
1918 1388 2003 1418 eos

231 1459 338 1488 suos
362 1446 542 1499 gladios
567 1447 623 1488 ad
648 1446 914 1488 faciendum
939 1446 1186 1488 vindictam
1211 1447 1257 1488 in
1281 1447 1558 1489 nacionibus
1582 1450 1627 1489 et
1650 1447 2002 1501 increpaciones

230 1517 275 1558 in
305 1518 462 1570 pravis
494 1521 537 1558 et
568 1518 806 1570 perversis
839 1517 1053 1570 educere,
1086 1518 1187 1559 sine
1219 1518 1461 1560 maleficos
1492 1519 1539 1559 in
1570 1517 1872 1572 compedibus
1903 1518 2002 1560 alli-

229 1600 354 1642 gare,
389 1588 488 1630 sine
524 1588 708 1631 nobiles
744 1589 972 1642 superbos
1007 1592 1051 1630 et
1084 1592 1297 1642 raptores
1334 1590 1381 1630 in
1414 1589 1610 1631 manicis
1643 1588 1815 1632 ferreis
1849 1589 2002 1631 detru-

232 1660 358 1712 dere,
383 1658 481 1702 sine
506 1672 585 1702 eos
608 1660 827 1701 iudicium
851 1661 1162 1713 conscriptum
1184 1660 1342 1701 facere
1364 1659 1700 1713 temporaliter,
1723 1660 1832 1713 quia
1853 1660 2002 1714 gloria

231 1730 313 1771 hec
350 1734 418 1772 est
452 1730 666 1772 omnibus
703 1731 872 1773 sanctis
910 1730 994 1772 Dei
1032 1730 1322 1784 mirabiliter,
1359 1731 1468 1784 quita
1502 1731 1584 1773 illa
1618 1733 1825 1784 potestas
1859 1731 2003 1783 impe-

168 1843 170 1845 .
233 1801 361 1843 rialis
386 1814 435 1843 ac
458 1802 729 1854 temporalis
753 1802 809 1843 ad
832 1805 876 1843 te
899 1815 991 1843 non
1013 1801 1230 1855 pertinet,
1254 1815 1346 1844 non
1370 1805 1439 1844 est
1462 1802 1519 1843 de
1541 1802 1647 1844 foro
1665 1804 1757 1844 tuo.
1792 1801 2001 1855 Regnum

232 1873 354 1913 enirn
379 1876 504 1913 tuum
528 1885 621 1914 non
645 1876 715 1915 est
738 1873 794 1914 de
818 1874 902 1915 hoc
926 1873 1112 1926 mundo,
1137 1873 1251 1915 sicut
1275 1885 1361 1926 ego
1385 1873 1441 1914 de
1466 1873 1551 1914 hoc
1574 1872 1748 1915 mundo
1769 1885 1862 1914 non
1884 1884 2000 1914 sum.

231 1942 275 1984 Si
312 1942 368 1985 de
404 1943 575 1984 mundo
609 1955 754 1997 esses,
788 1944 1002 1997 mundus,
1037 1944 1159 1996 quod
1194 1956 1327 1986 suum
1361 1947 1445 1996 est,
1480 1943 1713 1997 diligeret3
1747 1956 1842 1985 non
1875 1955 2001 1995 vero,

232 2014 339 2065 quia
373 2013 429 2054 de
463 2013 635 2056 mundo
666 2027 758 2056 non
792 2027 856 2057 es.
907 2014 1104 2057 Mundus
1137 2017 1180 2056 te
1216 2014 1322 2057 odio
1355 2014 1559 2067 habebit,
1593 2014 1710 2057 sicut
1740 2026 1814 2056 me
1847 2013 2000 2056 habet.

232 2084 328 2126 Non
353 2088 422 2126 est
446 2085 699 2137 discipulus
724 2098 865 2138 super
889 2086 1172 2138 magistrum.
1210 2085 1257 2128 Si
1280 2098 1352 2127 me
1377 2088 1738 2138 persequuntur,
1762 2088 1809 2127 et
1829 2088 1873 2127 te
1898 2097 2001 2138 per-

231 2159 498 2207 sequentur.
545 2156 668 2198 Mitte
698 2169 821 2209 ergo,
853 2157 1004 2211 Petre,
1033 2156 1237 2210 gladium
1266 2160 1394 2198 tuum
1423 2156 1680 2209 temporale
1711 2156 1757 2197 in
1787 2156 2000 2209 vaginam

231 2230 368 2279 tuam,
397 2227 518 2278 quia,
535 2228 610 2279 qui
628 2227 831 2279 gladium
849 2228 1091 2280 acceperit,
1106 2228 1264 2281 gladio
1277 2227 1461 2281 peribit.
1490 2227 1559 2268 Tu
1573 2229 1726 2268 autem
1742 2238 1870 2279 arma
1886 2226 2002 2268 lucis

234 2295 428 2338 induere
452 2296 731 2339 festinanter
757 2301 800 2339 et
827 2310 884 2339 ex
909 2298 1074 2351 vagina
1099 2298 1220 2340 bone
1246 2298 1534 2340 consciencie
1559 2310 1611 2340 ac
1634 2297 1750 2340 fidei
1774 2309 1868 2339 non
1892 2296 2000 2338 ficte

230 2366 433 2419 gladium
462 2368 654 2420 spiritus
682 2369 890 2420 extrahe,
919 2372 1193 2421 potestatem
1223 2369 1529 2422 spiritualem,
1557 2380 1694 2421 quam
1720 2367 1803 2410 tibi
1830 2365 2001 2410 tradidi

231 2449 413 2487 exerce,
447 2437 639 2480 virtutes
671 2438 937 2481 demonstra
969 2443 1014 2481 et
1047 2440 1157 2481 doce
1191 2443 1234 2481 et
1268 2439 1521 2481 secundum
1554 2442 1764 2481 tenorem
1797 2442 1874 2480 tue
1905 2438 2001 2491 epi-

232 2509 347 2550 stole
377 2509 488 2551 doce
517 2510 564 2550 in
591 2509 758 2551 virtute
787 2510 945 2562 fidem,
974 2511 1020 2551 in
1048 2510 1144 2551 fide
1174 2523 1318 2563 spem,
1347 2511 1393 2551 in
1422 2523 1504 2563 spe
1533 2510 1786 2562 caritatem,
1813 2509 1859 2550 in
1887 2509 2002 2551 cari-

232 2582 321 2621 tate
371 2580 712 2634 abstinentiam,
762 2580 807 2621 in
857 2580 1146 2622 abstinencia
1194 2581 1428 2634 pietatem,
1477 2581 1523 2622 in
1569 2580 1742 2633 pietate
1789 2579 2001 2622 timorem

233 2650 420 2703 domini,
462 2651 507 2691 in
549 2651 710 2692 timore
754 2651 927 2692 domini
967 2652 1177 2694 timorem
1221 2652 1304 2693 Dei
1347 2686 1355 2693 .
1391 2686 1399 2694 .
1435 2686 1443 2694 .
1497 2651 1729 2694 Firmetur
1764 2663 1880 2704 ergo
1915 2650 2002 2692 hec

233 2733 395 2763 manus
425 2724 470 2762 et
501 2724 705 2773 potestas
737 2725 813 2763 tua
846 2722 1102 2773 spiritualis
1134 2722 1180 2763 in
1212 2722 1422 2765 doctrina
1451 2726 1496 2764 et
1527 2722 1768 2764 sanctitate
1800 2724 1846 2764 et
1875 2720 2001 2763 exal-

231 2795 352 2833 tetur
381 2792 542 2834 dextra
573 2795 646 2834 tua
674 2805 758 2845 per
785 2794 1050 2845 exemplum
1081 2793 1200 2834 bone
1228 2794 1335 2836 vite.
1374 2793 1566 2835 Justicia
1592 2796 1638 2834 et
1664 2792 1883 2834 iudicium
1909 2792 2001 2834 sint

232 2863 505 2914 preparat-io
539 2863 664 2905 sedis
696 2866 772 2904 tue
808 2863 1074 2916 apostolice,
1107 2863 1427 2906 misericordia
1461 2867 1505 2905 et
1538 2863 1712 2906 verit-as
1743 2861 2002 2916 precedunt

232 2933 397 2975 faciem
431 2936 568 2975 tuam.
615 2933 740 2975 Tunc
774 2933 1056 2975 exaltabitur
1089 2935 1205 2976 sicut
1239 2935 1476 2977 unicornis
1509 2945 1651 2976 cornu
1684 2935 1812 2976 tuum
1844 2935 1892 2975 et
1920 2938 2000 2985 ‘po-

232 3007 374 3045 testas
416 3008 491 3047 tua
534 3007 577 3045 et
619 3007 832 3046 senectus
874 3007 949 3046 tua
990 3004 1035 3045 in
1078 3004 1395 3046 misericordia
1435 3005 1584 3047 uberi.
1637 3004 1732 3046 Hec
1768 3003 1999 3058 propheta
