2102 3444
239 160 325 203 248
777 159 801 193 I.
828 159 1038 194 Abschnitt.
1078 158 1476 203 Konzilstagebiicher.

240 278 373 320 cedat
404 280 562 320 contra
594 279 746 331 ipsum
779 277 836 320 ad
868 277 1214 330 deposicionem
1247 280 1292 320 et
1323 277 1439 321 alias
1470 290 1631 331 penas,
1663 281 1800 331 prout
1832 277 1920 320 sibi
1953 277 2011 320 de

242 348 342 390 iure
373 348 521 391 visum
552 348 694 390 fuerit
724 348 964 401 expedire.
1008 348 1053 390 Si
1086 351 1238 390 autem
1269 349 1368 402 ipse
1400 349 1542 391 vellet
1570 361 1661 390 non
1693 348 2010 391 contradicere

243 420 325 461 sed
357 420 619 473 approbare
651 431 921 472 processum
955 423 999 461 et
1031 419 1330 472 sentenciam,
1360 423 1467 461 tunc
1499 420 1634 461 detur
1666 420 1754 462 sibi
1787 431 1896 472 spes
1926 431 2012 473 per

243 491 413 533 amicos
448 493 493 532 et
529 490 787 532 familiares
823 490 1070 543 predictos,
1107 490 1229 543 quod
1267 490 1502 532 instabunt
1538 502 1685 543 penes
1721 490 1933 533 dominos
1967 493 2012 532 et

242 562 448 614 prelatos
472 561 528 603 de
554 561 761 614 concilio,
786 565 834 603 ut
857 562 1021 604 micius
1044 564 1201 603 contra
1226 562 1376 614 ipsum
1398 561 1691 614 procedatur,
1714 560 1931 603 videlicet
1953 560 2013 603 ad

243 632 388 674 solam
419 631 763 684 deposicionem
795 645 820 674 a
850 635 1037 685 papatu,
1066 644 1152 673 nec
1182 632 1265 674 fiet
1293 633 1473 674 mencio
1503 632 1560 674 de
1592 632 1697 674 aliis
1726 631 2012 684 criminibus,

242 702 331 744 nisi
358 703 414 744 de
444 703 553 755 illis,
581 715 670 755 que
699 706 805 745 sunt
831 703 1018 745 omnino
1044 703 1239 755 notoria,
1268 706 1312 745 et
1340 716 1428 756 que
1461 704 1559 756 ipse
1587 715 1680 744 non
1708 705 1859 755 potest
1886 702 2013 744 diffi-

243 773 342 826 teri,
372 773 545 815 scilicet
572 774 629 815 de
657 773 1000 826 dilapidacione
1027 775 1253 816 bonorum
1282 775 1480 816 ecclesie
1509 774 1713 815 Romane
1743 776 1788 815 et
1816 773 2012 816 aliarum

241 843 543 886 ecclesiarum
573 847 618 886 et
646 844 703 887 de
734 845 942 897 symonia
970 847 1015 886 et
1043 846 1164 887 mala
1194 844 1618 897 administracione,
1648 857 1706 885 ex
1737 843 1906 898 quibus
1935 857 2014 886 no-

241 915 357 957 torie
387 914 698 958 scandalizata
726 915 815 958 fuit
842 919 887 957 et
915 919 984 958 est
1011 919 1103 958 tota
1132 915 1329 958 ecclesia
1357 919 1403 958 et
1430 915 1553 969 quod
1580 914 1668 957 fuit
1694 914 1849 957 fautor
1874 914 2013 958 huius

242 986 471 1029 scismatis
495 999 588 1028 non
613 986 911 1040 procedendo
937 986 1200 1040 diligenter,
1224 989 1272 1028 ut
1295 987 1556 1038 tenebatur,
1583 986 1641 1028 ad
1664 999 1734 1038 ea,
1759 998 1849 1039 que
1871 987 2014 1039 perti-

241 1060 354 1099 nent
375 1057 433 1099 ad
452 1057 602 1111 ipsius
625 1057 992 1110 extirpacionem
1011 1070 1097 1099 nec
1119 1058 1416 1110 persistendo
1439 1058 1484 1098 in
1508 1057 1750 1099 oblacione
1773 1056 2013 1109 cessionis,

242 1140 378 1180 quam
407 1128 453 1169 in
480 1128 667 1181 publica
695 1128 907 1170 sessione
934 1128 1046 1171 fecit
1072 1128 1118 1170 in
1147 1128 1355 1181 concilio,
1385 1128 1468 1171 sed
1497 1127 1761 1170 recedendo
1788 1130 2014 1170 nocturno

241 1203 450 1252 tempore
481 1199 539 1242 ab
570 1199 657 1241 isto
687 1199 786 1241 loco
817 1199 1092 1241 Constancie
1121 1202 1166 1241 et
1193 1200 1333 1241 etiam
1363 1200 1420 1241 ab
1450 1199 1554 1241 aliis
1584 1198 1698 1242 locis
1726 1211 1819 1241 non
1848 1211 2014 1252 expec-

242 1271 348 1312 tatis
383 1270 647 1312 oratoribus
684 1269 867 1312 concilii
903 1270 961 1312 ad
996 1282 1103 1311 eum
1138 1270 1293 1312 missis
1328 1283 1413 1323 pro
1450 1270 1666 1312 instando
1702 1269 1826 1323 apud
1861 1269 2012 1324 ipsum

243 1353 385 1394 super
411 1341 518 1394 hiis,
548 1353 637 1394 que
667 1340 966 1393 pertinebant
996 1341 1053 1383 ad
1083 1340 1411 1382 execucionem
1440 1340 1664 1383 cessionis
1692 1340 1900 1394 predicte
1929 1343 2012 1383 ete.

242 1412 325 1463 Qui
356 1424 572 1454 recessus
600 1411 689 1454 fuit
719 1411 1023 1454 scandalosus
1053 1411 1247 1453 concilio
1277 1415 1321 1453 et
1350 1411 1547 1453 ecclesie
1576 1411 1834 1454 universali
1862 1414 1908 1454 et
1935 1423 2014 1454 no-

244 1482 384 1535 civus,
409 1486 630 1536 quantum
655 1483 703 1524 in
727 1483 830 1536 ipso
853 1483 953 1535 fuit,
979 1482 1285 1535 extirpacioni
1312 1482 1540 1524 scismatis
1565 1485 1609 1524 et
1631 1483 1793 1524 unioni
1819 1482 2015 1525 ecclesie

243 1556 341 1607 etc,
368 1553 677 1606 exprimendo
704 1554 843 1596 etiam
872 1553 988 1596 alias
1015 1566 1193 1606 causas,
1221 1554 1259 1594 si
1287 1566 1377 1606 que
1405 1556 1512 1595 sunt
1539 1554 1585 1594 in
1614 1553 1836 1596 citacione
1864 1553 2014 1606 posite

245 1628 289 1667 et
320 1624 476 1668 addita
506 1625 716 1667 clausula
744 1625 956 1678 generali
986 1628 1031 1667 et
1060 1627 1252 1678 propter
1283 1624 1375 1667 alia
1406 1623 1598 1666 crimina
1629 1627 1727 1676 etc„
1758 1627 1807 1666 ut
1835 1624 1883 1666 in
1912 1636 2017 1677 pro-

244 1708 378 1738 cessu
410 1696 684 1749 continetur,
717 1709 806 1749 que
839 1699 995 1738 tamen
1029 1696 1075 1737 in
1110 1696 1348 1738 sentencia
1379 1708 1473 1737 non
1507 1694 1917 1748 specificabuntur.
1962 1695 2017 1737 Et

246 1767 291 1808 in
318 1779 473 1809 casum
499 1768 639 1809 etiam
666 1767 939 1820 predictum,
967 1766 1142 1809 scilicet
1166 1766 1289 1819 quod
1314 1779 1406 1808 non
1432 1766 1544 1808 velit
1568 1765 1886 1808 contradicere
1912 1779 2017 1820 pro-

244 1838 410 1891 cessui,
438 1841 658 1890 poterunt
686 1838 823 1880 etiam
854 1838 961 1880 dicti
991 1838 1123 1880 amici
1154 1838 1266 1879 dare
1298 1850 1442 1890 spem,
1473 1837 1596 1890 quod
1627 1836 1864 1880 instabunt
1892 1836 2016 1890 apud

244 1908 476 1961 predictos
510 1909 567 1950 de
599 1910 808 1962 concilio,
842 1909 965 1962 quod
1000 1910 1196 1962 longeve
1229 1911 1464 1960 tractetur,
1499 1908 1651 1961 quoad
1684 1908 2016 1961 provisionem,

244 1993 333 2032 que
363 1980 558 2022 concilio
587 1980 836 2032 videbitur,
870 1980 956 2022 sibi
989 1979 1265 2022 faciendam.

363 2063 457 2105 Hoc
495 2066 648 2105 autem
686 2063 845 2105 habito
885 2063 942 2104 ab
981 2076 1050 2114 eo,
1089 2063 1212 2115 quod
1251 2063 1308 2104 sit
1347 2062 1691 2115 approbaturus
1731 2061 2014 2104 sentenciam
2069 2098 2073 2101 .

245 2133 570 2187 deposicionis,
594 2134 774 2175 feratur
798 2133 1037 2176 sentencia
1059 2133 1374 2186 deposicionis
1398 2146 1423 2175 a
1447 2136 1620 2186 papatu
1643 2132 1779 2175 modo
1802 2132 2015 2186 proxime

245 2204 364 2246 dicto
388 2208 431 2246 et
457 2206 557 2258 ipse
584 2206 655 2246 vel
684 2206 783 2258 ipsa
809 2205 898 2257 die,
924 2218 1014 2258 qua
1037 2204 1187 2246 fertur
1211 2204 1463 2257 sentencia,
1488 2204 1561 2245 vel
1587 2206 1704 2257 post,
1728 2204 1836 2257 quia
1862 2204 1909 2245 in
1930 2203 2016 2245 hoc

243 2288 336 2316 non
367 2275 528 2328 refert,
557 2276 645 2317 huc
676 2275 844 2328 veniat,
876 2276 914 2318 si
944 2275 1179 2317 videbitur
1208 2275 1417 2327 concilio,
1447 2275 1522 2316 vel
1553 2277 1793 2317 remaneat
1823 2275 1870 2316 in
1900 2274 2015 2326 loco,

245 2345 290 2387 in
317 2359 408 2399 quo
432 2359 554 2388 nunc
577 2349 662 2398 est,
689 2347 762 2388 vel
789 2346 877 2388 erit
901 2346 1154 2388 custoditus
1181 2349 1226 2388 et
1251 2359 1404 2388 coram
1430 2345 1586 2387 multis
1611 2345 1668 2387 de
1696 2345 1798 2398 ipso
1822 2344 2015 2387 concilio

245 2417 318 2458 vel
351 2429 504 2459 coram
539 2420 632 2459 toto
666 2418 874 2469 concilio,
910 2418 947 2459 si
981 2417 1229 2469 videbitur,
1264 2417 1491 2470 approbet
1527 2416 1694 2459 dictam
1729 2416 2014 2459 sentenciam

245 2487 404 2529 dicens
434 2500 482 2530 se
513 2500 846 2541 recognoscere
875 2501 969 2530 non
997 2501 1103 2530 esse
1131 2489 1293 2530 utilem
1321 2500 1406 2529 nec
1435 2487 1584 2530 fuisse
1613 2487 1660 2528 in
1689 2486 2016 2529 administrati-

245 2571 332 2601 one
356 2561 555 2612 papatus
577 2562 622 2601 et
645 2562 910 2612 propterea,
934 2562 1156 2611 quantum
1182 2559 1227 2599 in
1252 2571 1308 2600 eo
1332 2561 1415 2610 est,
1440 2571 1498 2600 ex
1520 2557 1810 2600 habundanti
1833 2557 2014 2600 cautela

243 2629 432 2682 papatui
459 2633 504 2671 et
529 2629 651 2671 omni
679 2629 783 2682 iuri,
809 2630 846 2671 si
875 2629 997 2682 quod
1023 2629 1069 2670 in
1096 2629 1176 2671 illo
1200 2629 1354 2681 habet,
1380 2629 1501 2671 cedit
1525 2632 1570 2670 et
1596 2629 1838 2671 renunciat
1862 2628 2013 2670 libere

245 2713 398 2743 coram
437 2700 535 2743 Deo
573 2704 617 2743 et
653 2700 851 2742 ecclesia
887 2700 1143 2742 universali
1181 2699 1226 2741 in
1266 2700 1481 2741 manibus
1519 2699 1701 2742 concilii
1737 2701 1821 2742 etc.
1860 2699 2014 2753 expri-

245 2771 413 2813 mendo
436 2771 594 2824 verba,
619 2784 708 2824 que
733 2771 1016 2813 videbuntur
1040 2773 1314 2824 opportuna.

361 2853 460 2905 Quo
480 2854 601 2896 facto
624 2854 724 2907 ipse
747 2854 788 2895 d.
811 2854 1050 2896 Johannes
1074 2853 1335 2894 remanebit
1359 2853 1404 2894 in
1428 2853 1527 2895 loco
1551 2852 1638 2894 sibi
1662 2864 1747 2906 per
1769 2851 2012 2895 concilium

243 2924 487 2967 constituto
521 2924 770 2978 diligenter
802 2928 848 2966 et
880 2925 1075 2966 honeste
1109 2923 1377 2977 custoditus,
1412 2923 1556 2965 donec
1589 2923 1817 2965 habeatur
1849 2923 2013 2965 unicus

243 3007 365 3049 papa
394 2996 439 3037 in
469 2996 681 3048 ecclesia,
710 2996 841 3038 sicuti
870 2998 1100 3049 speratur,
1129 2995 1203 3036 vel
1232 2994 1277 3036 in
1306 2997 1526 3048 quantum
1553 3006 1646 3037 non
1674 2993 1821 3048 possit
1846 2993 2011 3036 haberi
