2227 3434
519 133 562 167 D.
607 128 1255 173 Geschiiftsordnungs-Vorschliige
1287 128 1350 162 fiir
1378 129 1447 162 das
1479 127 1624 161 Konzil.

191 250 285 303 illa,
309 263 398 303 que
422 263 514 292 non
539 252 868 303 processerunt
891 248 948 290 de
973 250 1126 289 mente
1150 249 1195 288 et
1217 257 1320 287 con-

190 332 333 363 sensu
364 319 557 362 concilii.

279 425 358 466 De
401 423 619 477 quinta
660 423 940 465 naci-one.

282 518 411 570 Item,
437 516 574 570 quod,
601 516 787 569 quando
811 516 992 558 venerit
1019 519 1063 557 et
1088 514 1322 557 tenebitur

192 588 351 641 quinta
372 587 518 640 nacio,
541 587 723 639 regulet
745 598 794 629 se
818 585 1071 628 secundum
1094 584 1323 638 premissa

192 661 237 700 et
266 658 523 701 conformet
555 669 605 699 se
637 657 745 699 illis.
788 655 834 698 Si
868 656 910 697 ei
941 655 1154 697 videatur
1184 666 1324 707 expe-

193 729 309 781 dire,
338 729 509 781 alleget
537 739 702 769 causas
732 726 1056 778 racionabiles,
1086 737 1232 778 quare
1260 725 1325 766 sic

192 799 382 853 prooedi
418 810 511 840 non
545 797 717 839 debeat
752 800 797 839 et
832 797 1061 838 benevole
1097 795 1325 847 audietur,

194 869 301 922 quia
321 869 368 911 in
387 868 695 922 preiudicium
719 867 845 909 illius
865 866 1006 908 nichil
1027 869 1184 909 sancta
1205 866 1326 907 sino-

194 939 280 982 dus
309 939 507 981 intendit
534 938 769 990 ordinare‚
797 949 883 979 nec
913 936 1091 990 aliquid
1119 937 1212 978 tale
1240 948 1327 977 nec

194 1011 343 1052 maius
373 1009 530 1052 facere
561 1009 652 1052 nisi
680 1021 738 1051 ea
770 1007 925 1050 audita
956 1008 1030 1049 vel
1063 1006 1218 1049 debite
1250 1019 1327 1048 ex-

195 1083 414 1134 spectata.

681 1314 845 1368 (fehlt)

293 1553 405 1595 Item
472 1552 727 1604 ordinetur,
784 1551 907 1604 quod
959 1563 1046 1604 per
1099 1549 1329 1603 premissa

199 1625 355 1666 sancta
388 1622 582 1666 sinodus
615 1635 708 1664 non
744 1621 942 1664 intendit
975 1620 1152 1674 aliquid
1186 1620 1332 1662 inmu-

198 1697 298 1736 tare
333 1693 453 1736 oiroa
486 1693 663 1735 bullam
700 1705 841 1745 super
877 1693 986 1744 illis,
1020 1704 1111 1744 que
1147 1692 1194 1733 in
1229 1703 1332 1733 can-

199 1764 391 1807 cellaria
417 1763 632 1817 expediri
660 1766 766 1806 sunt
793 1762 942 1815 solita,
971 1762 1009 1804 si
1036 1761 1258 1816 procedat
1285 1761 1332 1802 in

198 1835 284 1877 hec
314 1835 592 1877 cancellaria
623 1846 751 1876 more
781 1846 878 1877 suo.

293 1928 405 1970 Item
441 1928 629 1970 nomine
666 1927 874 1970 nacionis
912 1926 1154 1969 Gallicane
1190 1925 1334 1968 nomi-

201 2003 338 2042 netur
392 1999 690 2042 abbreviator
746 1999 791 2040 in
846 1997 1091 2040 antedicti-s
1146 1995 1334 2038 minutis

201 2069 506 2112 conficiendis
537 2072 584 2112 et
614 2069 813 2122 eligatur
844 2069 1064 2121 magister
1095 2067 1335 2110 tIohannes

203 2139 259 2182 de
295 2140 517 2193 Templis,
551 2139 771 2193 magister
805 2138 850 2180 in
887 2138 1064 2181 artibus
1099 2140 1146 2180 et
1177 2138 1335 2180 bacca-

203 2211 393 2253 laureus
414 2210 641 2253 formatus
662 2211 708 2252 in
730 2210 963 2262 theologia
983 2213 1029 2252 et
1048 2209 1095 2250 in
1116 2210 1214 2250 arte
1235 2220 1335 2250 ora-

202 2281 320 2324 toria
352 2281 567 2324 celebris.

296 2363 423 2415 Item,
460 2362 497 2406 si
531 2362 714 2415 placeat
749 2361 853 2404 aliis
887 2361 1161 2403 nacionibus
1196 2371 1336 2413 expe-

205 2433 320 2487 dire,
347 2433 543 2486 videtur,
570 2432 693 2486 quod
720 2432 935 2475 dominus
961 2434 1192 2474 corrector
1220 2431 1337 2472 litte·

209 2516 365 2546 rarum
418 2507 501 2547 etc.
559 2506 792 2556 tamquam
837 2514 1038 2556 persona
1081 2500 1336 2543 communis

205 2573 469 2616 huiusmodi
500 2573 700 2616 minutas
731 2572 899 2625 videat,
933 2575 1181 2625 antequam
1212 2583 1338 2624 gros-

207 2647 380 2687 sentur.

300 2726 426 2779 Item,
457 2726 580 2779 quod
611 2725 696 2768 hec
726 2726 894 2777 omma,
925 2737 1014 2777 que
1047 2723 1104 2766 de
1135 2723 1265 2764 bulla
1295 2724 1339 2764 et

209 2797 364 2851 sigillo
405 2796 525 2838 dicta
560 2800 670 2839 sunt
710 2799 756 2837 et
797 2795 855 2837 de
896 2808 982 2837 usu
1023 2797 1068 2836 et
1108 2792 1339 2835 exercicio

209 2867 396 2909 illarum
423 2869 467 2909 et
494 2865 837 2919 pertinentibus
864 2865 922 2907 ad
949 2877 1044 2916 eas,
1072 2864 1155 2906 fiat
1182 2863 1339 2904 decre-

208 2940 303 2979 tum
336 2937 382 2978 in
411 2937 554 2990 plena
585 2935 763 2988 sinodo,
795 2934 980 2988 quanda
1011 2933 1160 2976 sessio
1188 2932 1339 2986 prima

209 3009 407 3049 tenetur.

1870 127 1953 169 757

1392 314 1586 357 concilii.

1595 721 1760 775 (fehlt)

1463 1169 1575 1210 Item
1604 1167 1727 1221 quod
1752 1179 1838 1220 per
1864 1178 1967 1219 pre-

1398 1240 1519 1282 dicta
1538 1251 1631 1281 non
1651 1236 1968 1291 pre‘iudicetur

1401 1309 1615 1363 capitulis
1664 1307 1870 1350 tractatis
1921 1307 1969 1348 in

1402 1380 1619 1422 Narbona
1659 1381 1704 1420 et
1741 1390 1828 1431 per
1867 1389 1970 1419 con-

1402 1451 1559 1493 cilium
1592 1447 1853 1502 accept-atis.

1466 1545 1578 1586 Item
1611 1580 1618 1587 .
1655 1576 1708 1585 ..

1405 1756 1553 1808 solita,
1585 1755 1669 1798 sed
1700 1787 1708 1795 .
1745 1787 1753 1795 .
1789 1787 1797 1795 .

1405 1839 1501 1869 suo.

1468 1921 1705 1962 Item...

1405 2062 1593 2116 eligitur

1406 2273 1621 2316 celebris.

1471 2356 1582 2398 Item
1616 2388 1624 2396 .
1660 2387 1668 2395 .
1704 2387 1712 2395 .

1408 2639 1693 2692 grossentur.

1472 2720 1583 2761 Item
1617 2751 1625 2759 .
1661 2751 1669 2758 .
1705 2750 1713 2758 .

1409 2927 1595 2981 quando
1636 2926 1784 2979 prima
1827 2922 1975 2966 sessio

1410 2997 1658 3041 tenebitur.
