2227 3434
538 164 576 199 E.
617 163 695 198 Der
720 164 819 199 liber
843 165 1036 208 gestorum
1064 163 1132 198 des
1158 161 1400 198 Cerretanus.
1767 162 1852 206 325

88 283 208 326 bene
239 281 451 336 dispositi
483 281 541 324 ad
570 281 802 325 unionem.
846 281 1025 323 Valete.
1069 280 1168 323 Dat.
1199 278 1489 322 Barchinone
1518 281 1567 321 ut
1598 291 1740 332 supra
1767 282 1852 321 etc.

87 354 255 395 Vester
281 353 479 396 servitor
505 351 744 394 Johannes
771 351 828 394 de
855 351 1009 404 Opizis
1035 354 1119 392 etc.

205 423 365 465 Revmo
395 423 444 464 in
475 422 580 465 Chr.
610 435 653 475 p.
684 425 729 463 et
759 422 800 464 d.
833 422 874 464 d.
907 421 1151 463 Francisco
1181 420 1338 463 divina
1369 420 1674 462 miseracione
1705 431 1855 462 sacro-

89 497 245 537 sancte
270 493 476 536 Romane
503 492 699 535 ecclesie
725 492 950 534 cardinali
977 491 1246 534 Florentino
1270 494 1369 543 etc.,
1396 491 1438 533 d.
1466 503 1548 534 suo
1575 489 1855 533 metuendis-

89 563 204 607 simo
235 577 337 606 curn
369 564 493 607 omni
525 564 798 604 reverencia
830 562 1184 615 presentetur¹).
1228 562 1388 603 Revme
1421 574 1472 604 ac
1505 573 1692 615 semper
1721 563 1856 614 pater

87 635 430 688 graciosissime
468 633 748 687 domineque
786 633 1187 676 metuendissime!
1238 633 1367 683 Quod
1402 632 1570 674 faciem
1607 644 1758 674 meam
1794 632 1856 673 le-

88 717 199 748 vare
226 705 388 748 distuli
417 717 570 747 coram
599 707 753 747 vestre
782 703 1077 757 paternitatis
1104 703 1364 756 presencia,
1392 706 1538 744 testor
1567 701 1856 753 altissimum,

26 780 30 782 ’
89 775 211 829 quod
237 788 332 818 non
362 788 465 818 mea
492 774 747 828 pertinacia
778 787 963 817 causam
992 774 1197 826 contulit,
1227 773 1310 816 sed
1339 777 1493 815 vestra
1523 771 1858 815 reverencialis

89 846 385 899 verecundia,
411 859 500 899 que
529 858 602 888 me
630 846 843 898 reputavi
871 845 1166 897 immeritum,
1193 848 1242 886 ut
1268 844 1457 897 dignum
1485 844 1704 886 ducerem
1730 845 1856 886 tante

89 917 382 971 paternitatis
414 929 486 958 me
519 916 664 959 oculis
695 916 798 958 fore
829 918 1139 968 conspectum.
1185 914 1392 956 Tandem
1425 915 1554 957 salva
1585 913 1780 956 veritate
1812 916 1858 955 et

89 987 264 1030 iustitia
289 987 484 1030 obsecro
508 988 693 1029 veniam
719 986 877 1029 fidens
900 987 959 1028 de
984 989 1111 1028 ’canta
1137 985 1436 1039 benignitatis
1462 985 1729 1037 clemencia,
1753 997 1857 1026 cum

90 1071 179 1112 qua
212 1059 270 1101 ab
302 1057 507 1101 infancia
542 1059 685 1100 crevit
719 1058 976 1100 miseracio.
1024 1057 1139 1098 Hinc
1174 1056 1445 1098 discredens
1481 1056 1718 1109 repulsam
1754 1055 1858 1098 sub-

91 1130 263 1183 scripta
286 1129 539 1182 predigiro,
565 1141 760 1182 quorum
787 1128 979 1170 lucerna
1003 1128 1197 1170 verbum
1222 1127 1280 1169 sit
1303 1130 1521 1169 vestrum.
1561 1126 1757 1168 Demum
1781 1125 1859 1168 ob-

92 1201 270 1243 laturus
291 1213 364 1242 me
388 1201 553 1253 ipsum,
576 1199 826 1242 accersitus
849 1198 886 1241 si
908 1199 1058 1251 fuero,
1080 1201 1206 1240 tante
1229 1198 1459 1240 mandatis
1480 1209 1698 1251 persone,
1721 1209 1856 1250 quam

91 1283 370 1315 conservare
413 1271 628 1324 dignetur
672 1270 925 1313 altissimus
968 1282 1052 1323 pro
1095 1269 1221 1311 felici
1264 1268 1490 1322 regimine
1532 1268 1730 1311 ecclesie
1773 1279 1857 1310 sue

92 1344 262 1385 sancte.
300 1341 462 1384 Amen.

209 1412 387 1456 Clamat
420 1412 626 1466 spiritus,
660 1411 790 1455 cuius
823 1411 1035 1453 interest:
1084 1411 1161 1464 qui
1196 1409 1427 1452 subtrahit
1459 1408 1636 1463 aliquid
1669 1421 1694 1452 a
1727 1411 1859 1462 patre

93 1497 178 1527 suo
196 1487 242 1526 et
262 1496 288 1526 a
309 1487 457 1526 matre
476 1486 523 1526 et
543 1483 651 1525 dicit
668 1483 754 1525 hoc
771 1495 867 1524 non
884 1494 992 1524 esse
1012 1484 1264 1535 peccatum,
1286 1480 1520 1534 particeps
1540 1479 1769 1522 homicide
1789 1482 1861 1521 est

95 1554 337 1608 (Proverb.
370 1554 568 1608 XVIII).
613 1554 867 1596 Romanam
900 1565 1012 1595 vero
1043 1552 1289 1594 ecclesiam
1323 1564 1428 1594 esse
1462 1554 1508 1593 et
1540 1562 1726 1605 semper
1756 1549 1860 1592 fore

94 1628 287 1668 matrem
315 1625 519 1668 omnium
549 1624 745 1666 aliarum
773 1625 1093 1685 ecclesiarum³
1120 1636 1210 1666 vox
1238 1625 1307 1664 est
1334 1634 1510 1674 earum,
1539 1621 1610 1663 cui
1637 1621 1740 1675 ipse
1765 1620 1861 1663 alie

93 1695 290 1738 ecclesie
316 1695 557 1738 deservire
585 1698 803 1738 tenentur
828 1695 956 1736 velut
981 1694 1167 1736 domine
1195 1694 1241 1734 in
1269 1692 1508 1746 obsequiis
1534 1691 1862 1734 reverenciali-

94 1766 180 1810 bus
220 1767 449 1820 scriptura
488 1767 688 1808 dicente:
741 1766 825 1817 Qui
862 1766 994 1807 timet
1032 1765 1283 1818 dominum,
1323 1764 1521 1806 honorat
1556 1765 1778 1816 parentes
1818 1764 1864 1803 et

94 1838 224 1890 quas-i
256 1837 455 1880 dominis
486 1837 657 1879 serviet
688 1836 791 1889 hiis,
823 1837 900 1889 qui
932 1849 981 1879 se
1011 1837 1275 1889 genuerunt
1305 1835 1351 1876 in
1381 1846 1539 1887 opere,
1571 1845 1786 1875 sermone
1817 1835 1863 1874 et

95 1908 218 1950 omni
238 1908 470 1962 patiencia
495 1908 782 1962 (Ecclesiast.
810 1907 917 1961 III).
952 1906 1094 1949 Secus
1117 1906 1314 1958 oculum,
1337 1905 1415 1958 qui
1439 1905 1661 1947 subsanat
1682 1906 1862 1963 patrem

95 1982 139 2022 et
169 1979 247 2033 qui
277 1979 474 2032 despicit
502 1982 686 2032 partum
719 1979 878 2020 matris
912 1990 1009 2030 sue,
1041 1976 1299 2019 suffodiant
1328 1976 1453 2018 corvi
1487 1975 1544 2017 de
1576 1974 1862 2017 torrentibus

94 2053 139 2093 et
169 2050 459 2093 commedant
490 2062 595 2091 eum
627 2049 717 2091 filii
749 2049 905 2102 aquile
941 2048 1171 2102 (Proverb
1202 2047 1367 2100 XXX).
1418 2046 1614 2099 Insuper
1645 2047 1863 2088 tenentur

94 2120 342 2174 providere
366 2121 423 2163 de
447 2121 767 2163 sustentativis
788 2119 1071 2161 necessariis
1093 2119 1221 2160 velut
1242 2117 1426 2171 parenti
1449 2117 1638 2158 domino
1658 2115 1859 2158 dicente:

97 2191 284 2234 Honora
302 2195 481 2245 patrem
500 2195 629 2234 tuum
651 2194 697 2233 et
716 2194 910 2233 matrem
931 2194 1055 2232 tuam
1081 2189 1247 2243 (Exod.
1270 2188 1391 2242 XX).
1425 2188 1565 2230 Juxta
1580 2187 1863 2230 ‘sententiam

97 2262 218 2305 beati
243 2263 470 2306 Jeronimi
494 2262 541 2304 in
567 2262 735 2304 omelia
764 2261 950 2303 Matthei
974 2261 1070 2312 XV,
1094 2260 1175 2302 ubi
1200 2260 1285 2302 hoc
1309 2261 1581 2312 preceptum
1604 2269 1691 2311 per
1716 2257 1864 2300 salva-

90 2336 241 2385 torem
265 2333 483 2387 tangitur,
509 2332 773 2375 scribentis:
814 2332 972 2374 Honor
998 2332 1044 2373 in
1072 2331 1314 2384 scripturis
1338 2342 1433 2372 non
1457 2332 1635 2371 tantum
1661 2327 1864 2372 salutati-

97 2404 263 2448 onibus
291 2407 337 2447 et
366 2403 538 2447 officiis
567 2403 855 2455 deferendiS,
885 2405 1106 2456 quantum
1137 2401 1183 2443 in
1213 2400 1483 2443 elemosinis
1513 2403 1590 2442 aut
1620 2410 1863 2441 munerum

97 2474 331 2518 oblatione
362 2475 572 2518 sentitur.
616 2474 897 2527 Preceperat
927 2486 1038 2526 ergo
1069 2472 1282 2515 dominus
1312 2472 1385 2513 vel
1418 2470 1759 2513 imbecillitates
1789 2469 1862 2511 vel

97 2548 245 2588 etates
263 2546 338 2588 vel
360 2545 584 2599 penurias
604 2548 866 2599 parentum,
886 2548 935 2586 ut
955 2544 1045 2586 fil-ii
1070 2544 1367 2595 honorarent,
1381 2541 1520 2584 etiam
1539 2542 1585 2583 in
1600 2541 1690 2582 vite
1705 2551 1864 2582 neces-

100 2616 236 2660 sariis
269 2616 588 2660 ministrandiS
624 2617 670 2658 in
707 2618 927 2669 parentes
964 2627 1084 2658 suos,
1133 2613 1227 2655 Hec
1263 2612 1542 2655 Jeronimus.
1591 2612 1659 2653 Ex
1695 2611 1863 2665 quibus

101 2686 257 2740 liquet,
281 2687 402 2740 quod
426 2688 511 2730 hoc
533 2689 804 2740 preceptum
830 2685 1164 2728 affirmativum
1188 2697 1281 2726 non
1305 2683 1479 2736 obligat
1500 2682 1681 2736 prolem
1705 2681 1764 2724 ad
1786 2693 1864 2734 pa-

102 2760 282 2800 rentum
305 2757 545 2800 decentem
566 2757 897 2811 provisionem,
920 2757 1010 2799 nisi
1035 2768 1135 2798 cum
1158 2754 1398 2797 deficiunt.
1432 2753 1561 2795 Alias
1585 2752 1624 2795 si
1646 2752 1864 2794 decenter

102 2827 273 2880 provisi
299 2832 405 2871 sunt
428 2832 663 2881 parentes,
687 2841 746 2870 ex
769 2832 878 2870 tunc
901 2827 1060 2880 proles
1084 2828 1276 2880 propter
1298 2826 1438 2867 talem
1462 2826 1707 2877 parentum
1732 2821 1863 2864 suffi-

220 2957 251 2998 1)
284 2957 362 2992 Wie
388 2967 457 2991 aus
483 2957 632 2991 diesem
661 2957 735 2991 und
762 2958 850 2991 clem
875 2956 1085 2999 folqenden
1113 2953 1242 2997 Briefe
1269 2951 1508 2995 hermryeht,
1535 2951 1695 2986 u-urden
1722 2951 1778 2985 sie
1805 2958 1865 2983 am

105 3014 158 3047 27.
185 3015 260 3049 und
284 3015 339 3050 28.
365 3014 440 3050 Iuli
467 3016 557 3050 1416
582 3015 761 3059 abgtefusa't
787 3014 843 3049 als
868 3015 1115 3056 Fortsetzunq
1141 3012 1248 3047 einer
1273 3011 1377 3045 Recte
1402 3011 1480 3045 und
1508 3008 1735 3052 Geqenrede
1759 3007 1865 3051 (letz-

106 3072 185 3106 lere
211 3072 340 3107 bisher
364 3073 454 3107 noch
483 3072 726 3117 unbekannt)
750 3073 818 3107 des
844 3071 943 3115 May.
968 3071 1102 3105 Morilz
1125 3081 1157 3105 v.
1183 3069 1279 3113 Pray
1303 3079 1338 3103 u.
1363 3067 1586 3104 Zabarellas
1609 3076 1671 3101 am
1695 3065 1750 3101 26.
1774 3065 1864 3100 Juli.
