2102 3444
252 138 338 181 298
789 137 812 171 Ι.
839 136 1050 172 Abschnitt.
1090 136 1490 181 Konzilstagebitcher.
1542 141 1546 145 ’

378 257 430 297 In
451 255 639 298 nomine
664 255 837 297 domini
861 255 1024 297 Amen.
1062 254 1274 297 Christus
1301 255 1425 298 Deus
1448 258 1492 298 et
1515 257 1719 298 salvator
1741 258 1900 298 noster
1923 255 2027 298 vitis

255 339 364 368 vera
391 361 398 367 .
435 361 442 368 .
479 361 486 368 .
513 327 802 379 pronunciat,
828 326 1034 368 declarat
1058 329 1103 367 et
1128 326 1370 379 damnat.¹)

376 397 457 439 Die
489 398 598 439 lune
628 398 778 450 prima
808 397 983 439 mensis
1013 397 1140 439 Junii
1172 400 1367 450 quatuor
1398 400 1607 440 oratores
1639 398 1873 440 solemnes
1904 409 2026 440 sere-

258 468 435 510 nissimi
461 468 583 521 regis
609 468 874 521 Portugalie
899 471 943 510 et
967 467 1175 520 Algarbii
1202 467 1292 510 duo
1315 468 1484 511 milites
1508 472 1554 510 et
1577 468 1667 510 duo
1691 468 1903 511 doctores
1926 481 2027 510 cum

257 552 450 581 numero
482 539 788 591 quadraginta
818 551 1044 591 equorum
1074 539 1147 580 vel
1181 539 1299 581 circa
1330 539 1645 582 Constantiam
1677 542 1784 581 sunt
1815 539 2027 593 ingressi.

253 610 427 661 Quibus
469 610 776 652 obviaverunt
817 610 946 651 multi
988 610 1157 662 prelati
1200 613 1244 652 et
1284 610 1462 652 familie
1504 609 1825 663 cardinalium,
1865 614 1915 652 ut
1954 614 2024 652 est

257 682 410 723 moris.
452 681 645 723 Nomina
677 683 828 722 autem
859 683 1093 723 oratorum
1124 680 1437 733 predictorum
1469 684 1574 723 sunt
1603 681 1702 732 hec,
1734 680 1966 723 videlicet:

374 752 424 794 D.
458 751 732 794 Fernandus
766 752 822 793 de
855 751 1070 806 Castro,²)
1107 752 1148 793 d.
1180 752 1382 794 Alvarus
1414 752 1635 794 Gonsalvi
1669 752 1726 793 de
1759 751 1917 805 Taide,
1948 753 2028 794 mi-

256 824 373 875 lites,
406 823 447 865 d.
482 822 672 876 Egidius
706 823 891 865 Martini
923 823 1092 876 legum,
1126 823 1167 865 d.
1201 823 1428 865 Valascus
1462 822 1586 864 Petri
1618 822 1862 876 utriusque
1895 823 2025 875 iuris,

253 894 478 936 doctores.

371 964 590 1018 Sequitur
621 965 781 1007 citacio
812 965 1098 1018 prelatorum
1129 978 1215 1018 per
1244 964 1464 1007 naciones
1494 964 1768 1017 deliberata,
1799 958 1906 1006 licet
1935 977 2027 1007 non

255 1037 299 1077 in
324 1036 535 1079 sessione
561 1036 693 1088 lecta,
720 1039 788 1078 set
812 1036 959 1079 valvis
983 1035 1181 1078 ecclesie
1206 1035 1371 1078 affixa:

368 1106 670 1149 Sacrosancta
695 1110 741 1150 et
762 1107 999 1160 generalis
1026 1106 1230 1159 synodus
1257 1106 1634 1149 Constanciensis
1662 1141 1669 1148 .
1706 1140 1713 1148 .
1750 1141 1757 1148 .
1796 1106 2024 1158 Quantum

255 1177 452 1221 ecclesia
478 1180 636 1221 sancta
663 1178 748 1220 Dei
776 1212 784 1220 .
820 1212 828 1220 .
864 1216 871 1222 .
914 1178 1000 1220 Dat
1027 1177 1301 1220 Constancie
1331 1212 1338 1220 .
1375 1212 1383 1220 .
1419 1178 1467 1231 .³)

370 1249 454 1291 Die
488 1249 706 1291 mercurii
738 1249 881 1292 tercia
914 1249 1089 1292 mensis
1122 1249 1249 1291 Junii
1283 1248 1370 1290 fuit
1400 1248 1522 1291 facta
1555 1248 1857 1302 congregacio
1888 1261 2026 1302 gene-

254 1321 365 1364 ralis
391 1355 399 1363 .
436 1355 444 1362 .
480 1355 487 1363 .
515 1320 653 1363 solito
676 1320 914 1363 sessionis.
954 1320 1007 1362 In
1033 1333 1123 1373 qua
1149 1320 1189 1362 d.
1216 1319 1483 1373 prepositus
1507 1320 2025 1373 Quinqueecclesiensis

253 1391 512 1434 ascendens
543 1391 788 1434 ambonem
817 1391 1145 1445 pronunciavit
1172 1390 1496 1444 infrascriptas
1527 1390 1882 1444 deputacionem
1911 1403 2028 1433 com-

254 1463 575 1505 missariorum
603 1466 648 1505 et
676 1463 954 1506 sentencias.

373 1535 485 1576 Item
513 1534 601 1576 fuit
628 1535 747 1577 lecta
774 1534 930 1576 littera
959 1533 1249 1576 serenissimi
1280 1533 1321 1575 d.
1351 1533 1475 1587 regis
1504 1533 1831 1586 Romanorum,
1861 1533 1907 1575 in
1936 1545 2025 1586 qua

253 1606 588 1649 exhortabatur
612 1618 794 1648 sacrum
819 1604 1077 1658 concilium,
1102 1604 1225 1658 quod
1248 1607 1491 1646 revocaret
1513 1604 1792 1647 sententiam
1815 1605 1955 1647 latam
1980 1605 2026 1646 in

255 1678 447 1719 materia
478 1690 645 1719 novem
677 1676 995 1718 assercionum
1027 1675 1233 1730 magistri
1265 1675 1493 1719 Johannis
1525 1675 1677 1718 Parvi.

375 1748 488 1790 Item
522 1747 611 1790 fuit
643 1748 761 1790 lecta
796 1748 951 1790 littera
988 1747 1029 1789 d.
1067 1747 1406 1800 archiepiscopi
1446 1746 1700 1800 Maguntini
1735 1747 2027 1789 excusatoria

255 1819 311 1861 de
340 1819 443 1872 hiis,
471 1832 560 1871 que
590 1819 677 1861 sibi
706 1819 894 1861 fuerant
920 1818 1135 1871 imposita
1164 1818 1220 1860 de
1248 1817 1638 1860 confederacione
1666 1830 1767 1859 cum
1795 1817 2028 1871 aliquibus

255 1889 545 1943 principibus
578 1893 735 1932 contra
770 1890 1001 1932 illustrem
1036 1889 1199 1931 ducem
1232 1889 1429 1932 Bavarie
1463 1892 1508 1931 et
1541 1889 1742 1931 maxime
1777 1888 1834 1931 de
1865 1901 2028 1942 procu-

255 1962 440 2003 racione
467 1961 703 2003 evasionis
729 1961 785 2002 de
812 1961 1078 2003 carceribus
1103 1960 1145 2002 d.
1172 1960 1282 2002 olim
1307 1959 1534 2002 <Iohannis
1559 1972 1693 2013 pape.

376 2032 487 2074 Item
530 2032 721 2074 fuerunt
762 2034 1031 2084 presentate
1074 2031 1327 2073 electiones
1370 2031 1673 2073 ecclesiarum
1716 2030 2026 2073 Ariminensis

256 2107 300 2145 et
325 2102 727 2157 Fulginatensisf)

376 2174 425 2215 In
458 2173 645 2216 nomine
678 2173 852 2216 domini
884 2186 1033 2216 amen.
1079 2173 1150 2215 Ad
1183 2173 1546 2227 compescendos
1577 2173 1854 2216 temerarios
1887 2185 2027 2215 ausus
2058 2201 2062 2205 -

258 2280 264 2286 .
302 2279 309 2286 .
346 2280 353 2287 .
382 2245 564 2287 litteras
594 2244 759 2287 confici
789 2247 1076 2297 opportunas
1106 2245 1230 2299 etc.⁵)

372 2316 672 2359 Sacrosancta
707 2315 1085 2358 Constanciensis
1118 2315 1322 2368 synodus
1355 2316 1400 2357 in
1435 2314 1601 2369 spiritu
1633 2317 1791 2357 sancto
1822 2315 2026 2369 legitime

222 2396 225 2399 ’
255 2390 530 2440 congregata
564 2387 878 2429 universalem
912 2387 1157 2429 ecclesiam
1191 2389 1539 2439 representans.
1585 2385 1791 2428 Salutem
1823 2386 2026 2428 omnium

259 2461 466 2501 materna
490 2458 679 2500 caritate
703 2457 983 2510 conquirens
1007 2457 1333 2499 desideranter
1358 2458 1403 2498 in
1427 2457 1523 2499 suis
1544 2458 1663 2500 votis
1683 2469 1854 2510 gerens
1876 2456 2029 2499 fideli-

259 2529 358 2582 bus,
384 2532 432 2571 ut
458 2528 581 2571 fides
607 2528 830 2571 catholica
859 2528 956 2570 istis
983 2528 1183 2570 maxime
1209 2528 1499 2581 temporibus
1525 2530 1831 2581 prosperetur
1856 2530 1903 2570 et
1925 2540 2027 2581 pra·

376 2648 407 2689 1)
435 2647 595 2681 sentem
617 2656 739 2689 (leyen
763 2645 1020 2688 Hieronymus
1043 2657 1075 2680 v.
1100 2644 1207 2686 Praq.
1245 2645 1364 2679 Hardl
1389 2645 1454 2686 IV,
1478 2646 1563 2687 766‚·
1591 2645 1716 2680 Mansi
1739 2643 1898 2686 XXVII,
1921 2643 1990 2680 894
2002 2642 2028 2686 Τ.

374 2707 405 2748 2)
435 2706 534 2740 Nacle
566 2706 654 2739 (lem
684 2704 935 2747 Gelec'lsbrz'ef
961 2703 1087 2746 Κὸηἱῃ
1113 2703 1251 2747 Alfons
1277 2714 1351 2738 ‘von
1380 2704 1470 2738 1416
1495 2703 1607 2747 April
1632 2704 1678 2739 23
1704 2702 1961 2748 (Kronarchiv
1989 2702 2026 2736 in

259 2764 464 2798 Itarcvlomc
490 2764 578 2805 Rea.
606 2763 710 2805 2391,
736 2762 762 2806 Ϊ.
793 2762 878 2807 121)
907 2762 992 2797 siml
1020 2761 1084 2796 die
1111 2762 1276 2796 Namen:
1319 2762 1587 2796 Ferclinandus
1614 2763 1663 2797 de
1692 2760 1835 2803 Castro,
1863 2760 2028 2795 Alvarus

259 2822 470 2861 (loncalvez
497 2822 685 2864 Imcayde,
713 2821 870 2864 Eqidius
899 2820 1094 2861 Martinez,
1131 2820 1301 2863 Vasquus
1327 2820 1454 2855 Perea.

373 2880 404 2922 3)
433 2880 553 2914 Harclt
582 2880 646 2921 IV,
672 2879 852 2921 775—79;
883 2879 1008 2913 Mansi
1035 2877 1193 2919 XXVII,
1219 2879 1391 2913 897—99.

377 2938 408 2980 ⁴)
440 2939 487 2972 Es
515 2938 669 2973 lmndelt
697 2937 777 2972 sich
806 2937 889 2971 hier
916 2937 1016 2971 nicht
1044 2947 1109 2970 um
1137 2936 1366 2977 eiqentlv'che
1393 2937 1717 2977 confirmationes,
1743 2938 1791 2971 da
1819 2936 1927 2971 diese
1955 2934 2029 2967 ersl

268 2997 352 3031 1118
377 2996 582 3040 ρνῗοῖ9έ9η;
608 2997 680 3037 ml.
706 2996 837 3030 Eubel.

376 3055 407 3096 ⁵)
440 3053 571 3096 Geqen
598 3053 825 3098 Strassbur9;
856 3053 975 3089 Hardt
1004 3053 1069 3095 IV,
1097 3054 1164 3088 784
1178 3052 1212 3096 Ϊ,·
1243 3053 1367 3087 Mansi
1396 3052 1554 3094 XXVII,
1581 3053 1661 3088 901.
