2227 3434
518 169 563 206 A.
602 169 802 206 Fillastres
829 169 947 206 Gesta
971 169 1123 206 concilii
1149 169 1464 206 Constantiensis.
1791 172 1876 217 149

23 290 27 292 ’
110 290 178 332 sic
203 289 402 332 electum
428 300 514 342 pro
541 300 677 342 papa.
716 287 930 330 Secundo
957 288 1066 341 quia
1093 278 1180 341 per
1206 288 1338 330 illum
1366 288 1552 331 modum
1579 292 1705 332 esset
1731 290 1877 344 possi-

110 359 206 402 bile
231 359 389 402 facere
414 371 584 412 papam
611 358 712 400 sine
739 371 972 401 consensu
999 358 1195 402 alicuius
1221 359 1486 412 cardinalis,
1514 360 1622 413 quia
1648 372 1743 402 non
1770 363 1878 403 sunt

109 429 199 473 nisi
225 429 387 483 viginti
415 429 674 483 quatuor⁸);
705 441 795 482 quo
821 442 931 471 casu
958 429 1105 472 eciam
1132 442 1226 471 non
1255 429 1543 483 reciperetur
1570 443 1658 484 pro
1682 443 1806 484 papa
1832 433 1879 473 et

108 503 234 544 esset
259 499 443 543 dubius.
483 499 646 542 Tercio
674 499 782 553 quia
809 499 891 542 illa
917 500 992 542 via
1020 503 1181 553 aperta
1210 503 1281 543 est
1308 500 1367 543 ad
1395 500 1654 544 discordias
1681 500 1729 543 in
1757 501 1878 544 elec-

108 570 254 624 cione,
282 582 398 624 quas
426 570 527 612 iure
556 571 808 624 plurimum
837 570 984 612 vitare
1014 571 1275 613 voluerunt.
1316 570 1490 613 Saltem
1519 574 1645 614 esset
1674 572 1876 615 maxima

109 641 379 694 difficultas,
400 641 510 694 quia
532 641 787 694 requiritur
810 642 858 683 in
878 641 961 683 illa
984 640 1059 684 via
1081 653 1338 684 consensus
1361 642 1696 695 quinquaginta
1717 655 1876 696 perso-

0 699 18 730 ·’
106 724 271 755 narum
296 711 347 754 in
373 724 514 754 unam
542 723 808 765 personam.
849 711 1000 765 Super
1029 712 1114 754 hoc
1145 711 1428 765 disputatum
1456 712 1545 754 fuit
1573 712 1655 755 illa
1684 712 1774 755 die.

222 783 310 825 Die
338 781 568 825 dominica
594 782 742 825 XVII.
771 781 981 825 Octobris
1008 784 1113 836 post
1141 781 1385 824 meridiem
1413 782 1594 836 Anglici
1622 781 1877 836 responde-

106 856 214 896 runt
239 852 462 907 dicentes,
490 853 616 907 quod
640 856 736 896 tres
763 852 984 896 naciones
1010 853 1248 896 habebant
1274 853 1538 897 cardinales
1567 853 1743 897 scilicet
1770 853 1877 897 Yta-

30 930 33 933 ’
107 925 195 968 lica
219 924 316 977 XV,
344 923 523 967 Gallica
550 927 744 977 septem,
770 924 1036 977 Hyspanica
1064 936 1221 966 unum.
1261 924 1308 967 Si
1337 924 1527 967 daretur
1555 924 1624 968 eis
1650 937 1743 968 una
1770 936 1876 979 per-

107 1007 220 1038 sona
249 994 307 1037 de
336 1007 422 1037 sua
450 995 646 1038 nacione
675 998 720 1037 et
749 994 1028 1037 Germanice
1056 994 1241 1037 nacion‘i
1270 1007 1363 1038 una
1393 994 1450 1037 de
1480 1008 1578 1048 sua,
1609 1007 1699 1050 que
1729 995 1875 1038 eciam

105 1072 199 1109 non
220 1065 362 1109 habet
385 1065 684 1120 cardinalem,
710 1066 833 1108 ultra
856 1078 1102 1108 numerum
1127 1065 1324 1108 aliarum
1347 1067 1595 1108 nacionum
1618 1066 1874 1109 secundum

105 1136 301 1180 formam
336 1135 501 1179 cedule
536 1136 857 1190 cardinalium,
895 1136 985 1190 ipsi
1020 1136 1149 1179 illam
1184 1136 1397 1179 cedulam
1433 1139 1740 1191 acceptarent.
1787 1137 1874 1190 Qui

105 1206 268 1251 modus
298 1206 515 1262 pluribus
545 1207 720 1261 placuit
751 1207 998 1261 deputatis.

222 1277 310 1320 Die
347 1278 458 1320 lune
499 1279 713 1331 sequenti
753 1277 1018 1321 cardinales
1057 1281 1103 1320 et
1141 1278 1274 1321 nacio
1315 1278 1492 1321 Ytalica
1533 1282 1581 1321 et
1615 1279 1873 1332 Anglicana

105 1348 449 1402 responderunt
473 1348 531 1391 de
557 1348 694 1391 modo
721 1349 828 1391 dato
854 1362 940 1403 per
968 1348 1242 1402 Germ-anos,
1269 1349 1394 1402 quod
1419 1349 1689 1392 nullomodo
1716 1361 1874 1403 accep-

103 1421 269 1462 tarent.
307 1419 446 1462 Nacio
472 1419 738 1473 Hyspanica
767 1419 892 1462 stetit
917 1423 964 1462 et
991 1419 1170 1462 distulit
1196 1422 1393 1473 quatuor
1420 1419 1600 1473 diebus,
1629 1419 1753 1474 quod
1778 1432 1873 1462 non

104 1489 357 1544 respondit,
383 1489 492 1532 licet
514 1491 661 1544 prius,
689 1490 769 1533 diu
793 1494 878 1543 est,
905 1490 1118 1533 cedulam
1145 1490 1452 1532 cardinalium
1479 1494 1778 1544 acceptasset.
1818 1491 1874 1533 Et

105 1561 169 1604 sic
197 1561 340 1604 multe
372 1560 679 1604 difficultates
710 1565 756 1604 et
786 1561 1080 1604 diversitates
1112 1565 1212 1604 orte
1244 1564 1363 1604 sunt.

219 1631 305 1675 Die
333 1633 553 1674 mercurii
582 1632 680 1675 XX.
710 1632 920 1676 Octobris
950 1633 1044 1674 dux
1074 1633 1272 1674 Bavarie
1301 1632 1531 1674 Henricus
1561 1645 1648 1686 per
1676 1631 1872 1675 insidias

102 1706 152 1746 et
178 1703 434 1758 proditorie
470 1703 649 1746 insiluit
683 1703 730 1746 in
765 1703 927 1746 ducem
962 1703 1158 1745 Bavarie
1193 1703 1476 1746 Ludovicum
1510 1703 1713 1757 legatum
1747 1702 1873 1757 regis

106 1773 298 1817 Frmcie
321 1777 368 1816 et
390 1774 587 1817 fratrem
611 1773 787 1828 regine.
829 1774 954 1817 Inter
979 1787 1094 1828 quos
1119 1777 1221 1817 erat
1245 1775 1304 1817 lis
1329 1774 1387 1816 de
1411 1773 1693 1828 patrimonio
1717 1786 1870 1816 coram

104 1856 213 1899 rege
242 1845 555 1888 Romanorum
584 1848 632 1888 et
662 1845 794 1888 illum
827 1846 1015 1888 omnino
1046 1845 1274 1887 inermem
1307 1844 1365 1887 de
1396 1845 1595 1898 prandio
1627 1857 1729 1887 cum
1760 1856 1870 1898 rege

104 1914 225 1958 facto
245 1919 559 1959 revertentem
583 1917 847 1958 vulneravit
870 1916 1020 1958 tribus
1044 1915 1320 1958 vulneribus
1346 1915 1477 1958 illum
1502 1915 1634 1959 nisus
1659 1915 1870 1958 occidere

104 1988 153 2028 et
169 1986 322 2030 statim
343 1987 463 2041 fugit
483 1989 618 2030 extra
639 1987 885 2039 civitatem,
910 1999 1047 2040 quem
1070 2000 1156 2029 rex
1178 1987 1491 2029 Romanorum
1514 1986 1870 2040 diligentissime

104 2058 324 2111 prosequi
354 2057 464 2100 fecit
495 2061 540 2101 et
572 2058 619 2100 in
650 2058 842 2112 propria
873 2070 1076 2111 persona
1108 2060 1390 2111 prosequtus
1421 2060 1493 2100 est
1524 2057 1690 2100 dolens
1721 2069 1870 2110 usque

105 2126 164 2170 ad
195 2127 422 2171 lacrimas.
470 2128 565 2171 Hoc
601 2130 727 2171 enim
761 2128 933 2171 factum
967 2131 1040 2171 est
1074 2131 1233 2171 contra
1269 2128 1564 2171 securitatem
1600 2128 1870 2182 generalem

105 2198 298 2253 cumilii,
334 2199 488 2242 datam
524 2213 609 2253 per
645 2212 804 2253 regem
840 2203 885 2241 et
921 2200 1046 2242 cives
1084 2199 1203 2242 dicto
1240 2199 1282 2241 d.
1320 2198 1554 2241 Ludovico
1592 2199 1639 2241 in
1677 2198 1870 2241 concilio

104 2270 326 2322 generali.
359 2271 595 2324 Erantque
617 2270 686 2313 illi
707 2270 798 2314 duo
819 2270 960 2313 duces
980 2271 1076 2313 nati
1097 2283 1157 2312 ex
1176 2270 1357 2313 duobus
1377 2269 1605 2312 fratribus
1623 2271 1670 2312 et
1688 2269 1870 2312 duabus

105 2339 354 2383 sororibus.
399 2341 501 2383 Rex
531 2344 686 2383 tamen
722 2345 828 2384 ante
863 2354 1019 2384 casum
1054 2342 1191 2383 istum
1225 2340 1479 2394 dispositus
1512 2343 1613 2383 erat
1646 2339 1870 2382 recedere

107 2407 164 2452 de
185 2410 459 2454 Constancia
482 2415 530 2455 et
548 2413 694 2455 multa
713 2413 1008 2466 premiserat.

220 2480 306 2524 Die
329 2482 447 2526 iovis
470 2482 593 2525 XXI.
618 2482 828 2526 Octobris
852 2483 900 2525 in
926 2482 1158 2536 deputatis
1182 2495 1268 2536 pro
1293 2482 1429 2525 modo
1454 2481 1702 2524 eleccionis
1727 2481 1870 2535 depu-

105 2551 187 2593 tati
208 2551 418 2597 nacionis
446 2553 724 2607 Hyspanice,
755 2566 846 2607 que
877 2557 1074 2607 quatuor
1104 2553 1270 2596 diebus
1300 2553 1593 2606 deliberavit,
1623 2552 1669 2594 in
1699 2552 1870 2605 quibus

105 2621 221 2665 nihil
249 2622 339 2666 fuit
369 2626 531 2678 actum,
564 2624 911 2678 responderunt
942 2637 1028 2678 pro
1059 2624 1141 2666 illa
1172 2624 1381 2677 nacione,
1415 2623 1538 2677 quod
1570 2623 1870 2676 acceptabant

107 2691 290 2736 modum
328 2694 533 2737 oblatum
569 2707 657 2749 per
695 2695 959 2738 cardinales
999 2696 1046 2738 in
1084 2695 1249 2738 cedula
1290 2694 1619 2748 suprascripta.

221 2763 396 2808 Eodem
431 2765 506 2808 die
544 2767 591 2808 in
628 2766 807 2809 eisdem
843 2766 1076 2820 deputatis
1113 2769 1346 2808 venerunt
1380 2765 1473 2808 duo
1508 2764 1773 2807 cardinales
1810 2763 1868 2805 de

106 2831 376 2879 obediencia
402 2835 615 2891 Gregorii
643 2837 768 2890 olim,
795 2836 1013 2879 videlicet
1037 2836 1348 2879 Bononiensis
1373 2839 1421 2878 et
1446 2834 1682 2887 Senensis,
1711 2834 1789 2888 qui
1817 2845 1867 2876 se

49 2933 54 2938 -
107 2901 189 2945 diu
206 2910 539 2958 separaverant
561 2907 608 2949 in
631 2908 828 2962 collegio
848 2907 1172 2961 cardinalium,
1195 2910 1241 2949 et
1263 2906 1450 2960 quidam
1473 2907 1553 2948 alii
1576 2906 1635 2948 de
1657 2905 1738 2947 illa
1761 2905 1869 2947 obe-

107 2971 285 3018 diencia
312 2988 414 3018 cum
441 2977 524 3030 eis,
552 2981 599 3020 et
624 2981 970 3031 proposuerunt
997 2990 1140 3020 unum
1168 2977 1355 3020 modum
1383 2976 1645 3029 eleccionis,
1674 2986 1869 3029 presup-

207 3077 239 3111 ι)
258 3084 293 3106 uo
310 3078 397 3114 irriq
415 3078 487 3107 alle.
