2227 3434
560 181 598 216 B.
635 181 712 217 Der
734 180 834 216 liber
855 183 1050 226 gestorum
1072 181 1142 216 des
1163 179 1406 215 Cerretanus.
1781 182 1866 224 235

219 300 303 343 Die
331 299 519 343 veneris
545 299 743 341 XVIIII.
773 298 947 342 mensis
975 298 1151 352 Aprilis
1178 297 1349 352 prefati
1379 297 1516 340 revmi
1545 299 1591 339 in
1619 297 1725 340 Chr.
1753 311 1795 351 p.
1825 298 1866 339 d.

101 385 136 414 s.
165 372 302 414 Marci
326 374 370 414 et
394 370 691 413 Florentinus
716 383 749 412 s.
775 370 824 412 R.
848 382 888 412 e.
914 369 1218 423 cardinalesa)
1245 381 1442 411 unacum
1467 368 1745 422 supradictis
1769 381 1867 410 ora-

100 443 280 486 toribus
300 441 544 484 nacionum
567 441 705 494 legati
729 441 787 483 ad
809 441 850 482 d.
873 443 1081 482 nostrum
1102 452 1270 493 papam
1294 440 1339 481 in
1365 439 1590 493 Friburgo
1612 443 1867 481 morantem

100 512 158 555 de
190 513 466 557 Constancia
496 514 806 554 recesserunt.

220 584 304 626 Die
343 583 523 627 sabbati
561 582 657 624 XX.
695 582 870 624 mensis
906 581 1082 634 Aprilis
1119 580 1257 623 revmi
1293 581 1339 622 in
1377 581 1483 623 Chr.
1520 593 1564 634 p.
1603 580 1645 623 d.
1684 581 1868 623 Branda

100 654 220 697 tituli
243 654 389 697 sancti
412 654 667 697 Clementis
691 653 990 695 Placentinus
1013 652 1260 705 presbyter
1284 655 1328 694 et
1353 651 1613 694 Landulfus
1638 665 1671 694 s.
1696 651 1869 694 Nicolai

100 725 148 767 in
176 737 362 767 carcere
391 724 607 766 Tulliano
634 723 894 777 Barensis¹)
927 722 1148 777 diaconus
1179 736 1212 765 s.
1242 722 1291 764 R.
1322 735 1361 764 e.
1391 721 1654 765 cardinales
1683 722 1739 764 de
1769 722 1870 765 Sca-

102 796 207 840 fusa
231 795 553 838 Constanciam
578 797 684 837 sunt
707 795 901 837 reversi.

219 864 435 922 Eademb)
465 866 555 919 die,
581 868 720 920 prout
742 868 905 919 postea
930 878 1099 907 novum
1126 865 1253 907 venit
1280 864 1616 917 Constanciam,
1644 863 1685 906 d.
1711 867 1870 906 noster

101 951 222 992 papa
257 938 496 981 Johannes
531 937 702 982 XXIII.
741 937 826 980 sub
864 936 1002 978 ductu
1037 936 1166 978 ducis
1200 935 1388 978 Austrie
1423 936 1539 977 hora
1574 935 1758 988 prandii
1795 935 1869 976 vel

101 1009 222 1052 circa
249 1009 306 1051 de
333 1008 574 1062 Fryburgo
601 1008 795 1050 recessit
821 1010 865 1050 et
892 1007 950 1050 ad
976 1007 1152 1060 Brysag
1176 1006 1400 1048 territorii
1427 1006 1637 1048 eiusdem
1665 1005 1793 1048 ducis
1820 1018 1870 1047 se

102 1080 351 1123 transtulit.
403 1079 699 1132 Dubiumque
740 1079 864 1132 apud
903 1091 1067 1121 omnes
1103 1077 1204 1130 fuit,
1244 1090 1303 1120 an
1342 1078 1400 1119 ad
1440 1077 1755 1130 Burgundiam
1796 1077 1869 1118 vel

101 1151 299 1194 ulterius
331 1153 564 1205 pergeret,
598 1149 706 1192 licet
739 1162 823 1192 rex
856 1149 1168 1192 Romanorum
1202 1152 1247 1190 et
1280 1149 1441 1202 plures
1476 1148 1555 1191 alii
1590 1151 1871 1199 assererent,

102 1222 225 1276 quod
255 1222 351 1264 dux
377 1221 645 1275 Burgundie
675 1220 876 1263 eundem
905 1233 998 1262 non
1028 1220 1272 1273 reciperet,
1303 1219 1410 1273 quia
1440 1232 1541 1261 cum
1571 1231 1680 1272 rege
1711 1218 1872 1261 Roma-

102 1305 267 1336 norum
295 1293 395 1347 ipse
424 1293 518 1335 dux
546 1291 876 1335 confederatus
904 1294 1016 1334 erat.

219 1363 392 1407 Revmis
422 1363 470 1406 in
503 1363 608 1406 Chr.
640 1376 682 1417 p.
716 1363 884 1405 rectori
914 1365 960 1405 et
990 1362 1283 1404 universitati
1317 1362 1600 1404 Parisiensis
1633 1360 1771 1403 studii
1803 1372 1873 1402 ca-

104 1435 302 1479 rissimis
324 1435 563 1478 fratribus.

221 1507 290 1549 Ex
320 1506 488 1549 litteris
517 1506 685 1549 vestris
716 1506 774 1548 ad
805 1518 889 1549 nos
920 1518 1071 1558 nuper
1102 1504 1282 1557 delatis,
1315 1517 1357 1557 p.
1390 1503 1526 1546 revmi
1557 1503 1739 1556 virique
1770 1514 1900 1556 pre--

104 1577 389 1630 stantissimi,
423 1580 610 1631 aperter
643 1578 954 1631 cognovimus,
987 1580 1079 1619 tam
1113 1576 1198 1618 etsi
1232 1588 1290 1617 ex
1322 1575 1426 1628 hiis,
1459 1587 1549 1628 que
1582 1574 1796 1626 vidimus,
1830 1576 1874 1615 et

103 1661 192 1703 que
225 1648 398 1692 dudum
430 1648 704 1702 audivimus,
739 1649 954 1702 ignorare
987 1650 1122 1690 antea
1154 1659 1246 1689 non
1278 1647 1524 1699 possimus,
1555 1648 1650 1688 tum
1682 1644 1873 1686 fervens

103 1720 390 1764 desiderium
419 1723 623 1762 vestrum
653 1720 709 1762 ad
737 1719 1154 1772 reintegracionem
1183 1718 1395 1770 ecclesie,
1423 1720 1518 1759 tum
1546 1729 1657 1770 erga
1685 1729 1770 1758 nos
1797 1728 1874 1758 ex-

104 1791 258 1834 imiam
286 1792 543 1844 caritatem3
574 1804 680 1833 nam
708 1794 756 1832 ut
786 1790 1080 1844 superiorum
1109 1794 1369 1842 temporum
1399 1790 1671 1841 argumenta
1700 1786 1875 1829 omitta-

105 1875 220 1916 mus,
251 1875 333 1906 vos
362 1865 408 1905 et
439 1862 496 1905 ad
527 1862 769 1904 nacionem
801 1864 1007 1904 nostram
1040 1860 1186 1903 solam
1219 1860 1275 1902 de
1308 1859 1489 1911 ceteris,
1521 1862 1568 1900 ut
1599 1857 1874 1911 accepimus,

105 1947 225 1976 nunc
250 1933 501 1987 scripsistis
525 1937 569 1975 et
595 1946 650 1976 eo
676 1937 838 1976 tenore
864 1932 1127 1984 verborum,
1152 1935 1201 1973 ut
1227 1930 1426 1973 affectus
1453 1933 1607 1972 vester
1631 1929 1874 1983 preclarus

105 2005 202 2048 sive
229 2018 341 2059 erga
366 2017 527 2059 pacem
556 2004 752 2046 ecclesie
781 2004 879 2047 sive
908 2003 966 2045 ad
993 2006 1199 2045 nostram
1226 2001 1578 2043 universitatem
1608 2001 1755 2042 latere
1781 2012 1873 2041 non

105 2077 263 2130 possit.
303 2076 635 2118 Verumtamen
666 2076 725 2117 ita
753 2074 1086 2126 existimamus,
1113 2074 1249 2116 nobis
1278 2073 1448 2114 idcirco
1474 2071 1765 2125 potissimum
1793 2083 1874 2112 vos

106 2147 365 2201 scripsisse,
398 2147 521 2200 quod
553 2150 787 2199 gestorum
822 2146 862 2188 d.
896 2145 1042 2187 nostri
1075 2157 1210 2198 pape,
1244 2145 1336 2197 qui,
1369 2156 1470 2185 cum
1503 2142 1784 2184 universalis
1818 2141 1874 2182 sit

105 2218 330 2272 pontifex,
357 2221 428 2261 est
454 2220 609 2260 tamen
642 2217 797 2259 Italice
826 2216 1047 2268 nacionis,
1078 2216 1175 2258 sive
1203 2214 1350 2268 gloria
1381 2215 1479 2257 sive
1509 2213 1701 2255 infamia
1729 2211 1875 2266 preci-

105 2301 195 2342 pue
227 2289 285 2332 ad
313 2302 397 2331 nos
428 2288 677 2342 pertineat;
710 2301 760 2330 ac
790 2290 1041 2341 propterea
1070 2289 1196 2329 tanto
1227 2286 1482 2328 debeamus
1512 2288 1556 2327 et
1587 2283 1768 2326 avidius
1798 2296 1875 2336 op-

107 2363 206 2403 tare
241 2364 286 2403 et
321 2359 555 2403 studiosus
591 2371 858 2412 procurare,
895 2361 944 2400 ut
978 2360 1101 2400 recte
1139 2360 1255 2410 agat,
1292 2359 1466 2410 quanto
1499 2356 1646 2408 magis
1681 2353 1874 2407 originis

107 2430 291 2474 racione
321 2443 482 2473 sumus
510 2430 633 2473 fame
663 2429 958 2482 nominisque
989 2428 1254 2482 participes.
1297 2427 1426 2479 Quod
1456 2428 1622 2480 ipsum,
1651 2428 1700 2467 ut
1729 2425 1874 2475 decet,

108 2502 230 2555 apud
268 2515 353 2545 nos
393 2504 678 2555 reputanteS,
718 2499 1106 2554 quemadmodum
1147 2498 1320 2541 fuimus
1362 2497 1667 2539 inenarrabili
1706 2495 1874 2550 gaudio

107 2573 301 2626 perfusi,
328 2585 429 2615 cum
458 2573 503 2614 in
532 2572 716 2625 publica
744 2571 954 2613 sessione
982 2570 1120 2612 huius
1147 2570 1263 2612 sacri
1293 2568 1473 2611 concilii
1501 2568 1621 2610 viam
1649 2567 1874 2609 cessionis

109 2644 166 2686 ab
200 2644 413 2686 omnibus
449 2642 751 2697 approbatam
786 2655 871 2695 pro
905 2641 1291 2684 dandae-eclesie
1328 2640 1412 2681 Dei
1447 2651 1561 2692 pace
1596 2651 1688 2680 non
1725 2638 1872 2679 solum

109 2714 286 2767 obtulit,
321 2726 482 2756 verum
517 2715 663 2756 eciam
701 2713 868 2755 iuravit
903 2725 953 2755 ac
990 2711 1125 2763 vovit,
1164 2712 1225 2753 ita
1260 2713 1470 2753 extremo
1506 2709 1679 2751 fuimus
1716 2707 1872 2750 affecti

110 2784 268 2827 dolore
296 2798 397 2827 cum
425 2784 625 2827 eundem
652 2784 767 2827 hora
795 2783 1061 2836 incongrua,
1090 2781 1323 2824 indecenti
1350 2781 1523 2832 habitu,
1552 2784 1596 2822 et
1625 2778 1748 2832 quod
1774 2790 1874 2831 gra-

212 2857 242 2910 a⁴)
263 2857 342 2910 sahi!
365 2858 402 2904 I*
418 2857 482 2904 ᾲ1))
506 2877 570 2902 lh‘st
592 2876 755 2903 Aberhm'tt
777 2875 856 2908 fehlt
879 2879 907 2901 Γ,

227 2925 259 2968 ¹)
292 2925 395 2960 Nach
428 2925 513 2961 Dic.
544 2925 628 2959 Joh.
662 2923 805 2958 XXIII.
840 2926 874 2959 et
909 2923 1065 2958 Martini
1107 2923 1141 2958 V.
1175 2923 1222 2957 ab
1256 2931 1288 2956 α.
1324 2919 1536 2963 1413—‘20†
1566 2919 1610 2953 41
1644 2918 1773 2962 musstc
1805 2917 1873 2951 der

109 2992 168 3026 ep.
201 2983 450 3018 Lexouiensis
479 2994 527 3017 an
556 2984 619 3017 (lie
652 2983 790 3017 beiden
820 2982 1031 3016 Kardinale
1061 2991 1128 3024 pro
1159 2990 1290 3015 eorum
1323 2978 1504 3022 expensis
1533 2976 1720 3011 faciendis
1749 2974 1874 3008 eundo

110 3041 169 3074 ad.
191 3042 225 3075 d.
247 3051 282 3075 n.
303 3051 441 3085 papam
465 3052 533 3085 pro
555 3044 641 3076 tunc
663 3041 891 3076 existentem
915 3040 952 3074 in
977 3039 1161 3084 Friburgo
1183 3039 1252 3073 200
1275 3037 1427 3072 Gidden
1449 3035 1602 3076 :aldem
1626 3035 1810 3068 steterunt
1837 3033 1870 3065 in

111 3097 172 3133 via
197 3109 267 3144 per
294 3099 367 3135 XII
395 3100 489 3136 dies.
