2102 3444
199 130 284 172 360
735 129 758 162 1.
787 127 996 163 Abschnitl.
1036 126 1435 171 Konzilstagebiicher.

320 248 453 290 Petiit
484 247 547 289 ibi
581 247 938 289 instrumentum
972 245 1013 287 d.
1048 245 1294 298 Philippus
1327 245 1472 288 abbas
1505 246 1562 288 de
1595 245 1725 288 Bello
1759 246 1872 298 loco,
1904 245 1968 286 vi-

200 318 351 361 carius
388 319 429 360 d.
468 317 805 371 archiepiscopi
843 315 1143 369 Senonensis,
1180 316 1480 369 presentibus
1515 317 1556 358 d.
1594 316 1813 369 episcopo
1847 315 1969 357 Vau-

201 389 327 432 rensi
368 392 413 430 et
453 388 620 430 abbate
661 387 806 429 sancti
846 386 1033 440 Georgii
1075 387 1460 441 Rothomagensis
1496 387 1696 429 diocesis
1734 389 1783 428 et
1819 386 1966 428 eciam

200 459 321 501 idem
354 460 397 501 d.
430 459 677 512 episcopus
711 457 897 500 nomine
931 470 1015 499 suo
1043 460 1090 499 et
1122 457 1357 510 provincie
1389 457 1689 510 presentibus
1722 456 1968 499 abbatibus

200 528 592 582 supranominatis
624 562 632 570 .

322 600 431 642 Item
461 613 485 642 a
514 600 588 641 die
619 599 885 652 supradicta
913 612 1060 652 usque
1089 599 1147 641 ad
1175 600 1297 641 diem
1327 599 1507 642 sabbati
1536 599 1749 652 sequenti
1778 597 1970 640 fuerunt

199 672 333 713 electi
357 683 442 724 per
466 670 738 714 scrutinium
762 673 1091 723 procuratores
1115 670 1173 712 ad
1196 670 1566 712 renunciandum
1590 669 1687 711 vice
1712 672 1758 711 et
1781 668 1968 712 nomine

200 742 305 784 dicti
331 742 371 784 d.
397 741 543 784 nostri
567 753 687 794 pape
710 754 797 794 pro
820 740 1016 783 nacione
1040 740 1281 783 Gallicana
1304 741 1575 783 nominandi
1601 740 1721 782 dicto
1744 740 1786 783 d.
1810 743 1968 782 nostro

200 825 318 866 pape
344 816 388 854 et
413 812 469 854 de
494 811 662 865 quibus
687 824 809 865 papa
833 811 973 854 debet
997 812 1174 865 eligere
1200 811 1329 865 duos,
1354 811 1570 853 videlicet
1595 811 1637 853 d.
1663 810 1969 864 archiepisco-

198 896 285 935 pus
313 882 596 935 Bisuntinus,
627 883 834 936 episcopi
865 882 1177 936 Ebroicensis,
1207 882 1534 924 Gebennensis
1564 885 1609 923 et
1638 882 1858 935 magister
1887 881 1970 923 Be-

197 953 408 996 nedictus
442 953 680 1007 Genciani,
713 953 1070 1006 ordinatumque
1102 953 1471 1007 procuratorium
1505 951 1851 995 concedendum
1884 964 1970 1006 per

199 1024 399 1066 eundem
429 1024 470 1066 d.
499 1027 709 1066 nostrum
740 1058 748 1066 .
784 1058 792 1066 .
829 1059 836 1066 .

315 1095 400 1137 Die
432 1094 614 1138 sabbati
647 1098 778 1138 sexta
809 1096 985 1138 mensis
1014 1096 1191 1149 Aprilis
1222 1096 1310 1137 fuit
1340 1096 1576 1138 celebrata
1609 1094 1771 1147 sessio,
1801 1095 1849 1137 in
1880 1106 1970 1148 qua

199 1166 239 1208 d.
269 1166 648 1219 archiepiscopus
675 1166 922 1209 Remensis
949 1166 1059 1209 fecit
1087 1166 1334 1208 servicium
1362 1169 1409 1208 et
1435 1166 1627 1208 fuerunt
1650 1167 1900 1219 presentes
1927 1165 1969 1207 d.

198 1238 449 1291 imperator
486 1249 590 1280 cum
624 1236 788 1280 habitu
822 1237 1069 1292 imperiali,
1109 1237 1171 1279 IX
1206 1237 1486 1290 cardinales,
1526 1236 1764 1278 LXXVIII
1798 1236 1968 1290 prelati

198 1307 382 1360 mitrati,
409 1308 615 1361 quinque
637 1308 993 1361 prothonotarii,
1020 1309 1225 1362 quinque
1253 1308 1503 1361 auditores,
1529 1307 1742 1350 doctores
1766 1307 1813 1349 in
1839 1319 1970 1350 sacra

198 1379 380 1432 pagina,
406 1379 522 1432 iure,
548 1378 793 1432 medicina,
820 1379 1062 1432 licenciati,
1088 1379 1311 1422 bacalarii
1335 1382 1380 1420 et
1406 1379 1484 1421 alii
1509 1377 1739 1422 notabiles
1765 1378 1853 1420 viri
1879 1390 1971 1420 am-

196 1449 494 1502 bassiatores,
522 1452 851 1503 procuratores
880 1451 927 1492 in
957 1451 1213 1503 quantitate
1242 1449 1563 1503 copiosissima
1591 1449 1874 1502 fueruntque
1905 1448 1968 1490 ibi

199 1520 393 1563 diffiniti
422 1524 466 1563 et
494 1521 792 1563 determinati
820 1521 1001 1564 articuli
1031 1524 1283 1575 sequentes
1314 1555 1322 1563 .
1359 1555 1366 1563 .

316 1591 451 1634 Petiit
478 1591 718 1645 predictus
744 1592 785 1634 d.
815 1592 960 1635 abbas
991 1593 1047 1634 de
1075 1593 1208 1635 Bello
1235 1593 1336 1634 loco
1363 1592 1549 1634 nomine
1579 1604 1669 1645 quo
1698 1604 1840 1645 supra
1866 1603 1971 1644 pre-

198 1662 410 1706 sentibus
439 1662 674 1716 magistris
706 1662 948 1706 Bernardo
979 1663 1037 1706 de
1069 1664 1214 1706 Acuto
1245 1667 1398 1706 monte
1429 1667 1477 1706 et
1506 1663 1727 1705 Nicholao
1759 1661 1971 1714 Gaudeti,

200 1734 343 1775 sancti
368 1733 534 1775 Hilarii
560 1734 847 1777 pictavensis
870 1738 916 1777 et
942 1734 1293 1777 Matisconensis
1317 1734 1564 1787 dyocesum
1590 1767 1598 1776 .
1635 1767 1642 1775 .
1678 1734 1728 1789 .¹)

318 1815 401 1857 Die
428 1828 539 1858 vero
564 1817 751 1859 veneris
775 1817 897 1858 XIX.
923 1817 1029 1859 dicti
1054 1817 1229 1859 mensis
1254 1817 1430 1870 Aprilis
1455 1816 1627 1870 prefati
1651 1816 1693 1858 d.
1720 1816 1972 1858 ambassia-

199 1889 322 1927 tores
358 1887 445 1928 iter
478 1888 779 1940 arripuerunt
810 1900 976 1930 versus
1009 1888 1238 1941 Fribourg
1271 1891 1316 1929 et
1349 1888 1407 1930 ad
1440 1891 1642 1930 castrum
1675 1887 1732 1929 de
1764 1886 1971 1939 Brisach,

202 1957 277 1999 ubi
302 1970 423 2011 papa
448 1962 560 2011 erat,
586 1962 631 2000 et
655 1959 719 2000 ibi
745 1960 1072 2012 applicuerunt
1095 1959 1172 2000 die
1196 1959 1414 2000 mercurii
1438 1962 1484 2000 et
1507 1961 1827 2012 exposuerunt
1848 1970 1970 2011 pape

199 2029 527 2070 ambassiatam
559 2029 627 2071 eis
658 2029 923 2083 iniunctam,
956 2043 1093 2082 quam
1122 2043 1259 2083 papa,
1290 2033 1340 2072 ut
1368 2029 1533 2082 fertur,
1565 2029 1769 2071 libenter
1799 2028 1972 2071 audivit

200 2102 243 2140 et
269 2112 317 2141 se
345 2099 712 2141 deliberaturum
738 2104 783 2142 et
806 2113 1143 2153 responsurum
1168 2101 1214 2142 in
1238 2101 1489 2143 crastinum
1515 2101 1728 2144 asseruit.

319 2182 404 2224 Die
428 2181 545 2225 iovis
569 2182 835 2224 immediate
859 2183 1074 2235 sequenti
1097 2195 1219 2236 papa
1244 2195 1422 2225 summo
1446 2195 1580 2224 mane
1605 2182 1766 2235 paucis
1790 2181 1972 2224 scienti-

200 2252 284 2294 bus
320 2255 364 2294 et
398 2252 529 2295 dictis
564 2252 979 2296 ambassiatoribus
1013 2253 1204 2295 minime
1239 2254 1450 2296 salutatis
1483 2266 1569 2295 nec
1603 2265 1832 2306 responso
1864 2252 1971 2295 dato

201 2323 394 2364 recessit
421 2322 479 2365 ad
507 2326 707 2365 castrum
737 2324 793 2365 de
821 2324 1113 2377 Nouoburgo.
1154 2324 1208 2366 Et
1235 2324 1315 2366 illa
1344 2324 1418 2366 die
1446 2324 1670 2377 applicuit
1696 2323 1738 2366 d.
1767 2323 1862 2365 dux
1888 2323 1972 2365 Ba-

201 2393 328 2435 var'ie
357 2393 415 2435 ad
444 2393 612 2435 dictum
643 2398 843 2436 castrum
871 2395 928 2435 de
958 2395 1159 2447 Brisaco,
1188 2396 1267 2436 ubi
1296 2395 1491 2448 reperiit
1519 2395 1682 2436 ducem
1711 2394 1900 2437 Austnie
1925 2396 1972 2436 et

200 2463 400 2506 ostendit
429 2465 517 2506 sibi
546 2464 966 2518 inconveniencias,
995 2478 1085 2518 que
1113 2469 1328 2518 poterant
1355 2466 1562 2518 evenire,
1590 2466 1629 2507 si
1655 2478 1779 2520 papa
1803 2465 1972 2508 evade—

201 2537 271 2576 ret
298 2547 461 2577 manus
488 2548 610 2577 suas.
650 2535 746 2586 Quo
774 2536 930 2578 audito
957 2536 1103 2579 dictus
1131 2537 1172 2579 d.
1200 2536 1294 2578 dux
1320 2536 1507 2579 Austrie
1535 2536 1714 2579 remisit
1741 2536 1971 2590 quesitum

201 2617 369 2657 papam
399 2618 486 2658 per
517 2619 650 2648 suum
683 2607 1028 2660 cancellarium,
1058 2607 1138 2660 qui
1167 2620 1336 2660 papam
1367 2608 1567 2650 traducit
1594 2607 1717 2650 dicta
1748 2607 1824 2649 die
1855 2606 1972 2648 iovis

203 2676 314 2718 hora
347 2676 498 2718 medie
533 2678 678 2719 noctis
713 2678 771 2719 ad
804 2677 971 2719 dictum
1006 2681 1205 2720 castrum
1239 2678 1295 2719 de
1330 2679 1532 2721 Brisaco.
1576 2678 1661 2730 Qui
1694 2690 1830 2732 papa,
1863 2678 1970 2719 dum

202 2747 396 2799 reperiit
424 2760 474 2788 se
504 2748 549 2788 in
579 2747 699 2790 dicto
726 2751 877 2790 castro
904 2748 960 2789 de
991 2748 1192 2801 Brisaco,
1221 2749 1392 2802 incepit
1416 2749 1681 2791 contristari
1708 2761 1800 2791 non
1830 2747 1972 2790 modi-

201 2830 301 2859 cum
335 2817 545 2870 dicendo,
579 2819 700 2871 quod
732 2819 943 2872 proditus
977 2822 1089 2869 erat,
1122 2820 1320 2872 gemitus
1349 2823 1397 2861 et
1431 2820 1794 2862 lamentaciones
1825 2819 1971 2861 horri-

202 2888 320 2930 biles
347 2888 614 2931 emittendo.

318 3031 347 3070 ¹)
374 3030 451 3062 Das
478 3028 640 3064 Weilere
667 3030 788 3074 brinul
812 3030 934 3064 mahts
956 3041 1029 3065 ‘von
1054 3030 1206 3073 Belunq.
