2102 3444
275 156 361 200 328
811 157 836 190 Ι.
863 156 1073 191 Abschnitt.
1113 156 1512 202 Konzilstagebiicher.

278 287 366 328 que
389 287 556 318 revera
577 274 801 317 deficiunt
823 275 869 316 in
888 275 1124 317 bullarum
1147 275 1461 318 arrestacione
1483 289 1624 330 super
1647 277 1882 319 solucione
1903 287 2044 318 anna-

277 349 425 387 tarum
461 349 505 388 et
538 346 859 388 vacanciarum
894 348 998 398 post
1031 345 1199 387 factam
1233 346 1547 398 provisionem
1583 346 1845 400 dupliciter:
1892 345 2044 399 primo

278 416 455 458 ratione
481 416 662 469 arresti,
686 415 809 470 quod
834 416 1054 458 iniustum
1080 419 1163 469 est,
1189 416 1295 469 quia
1318 417 1425 470 plus
1448 420 1672 470 tempore,
1697 417 1804 470 quia
1827 416 1963 459 modo
1985 417 2044 458 ci-

276 487 357 529 vili
391 487 646 530 violentum
682 490 727 528 et
761 487 1066 539 tyrannicum,
1103 487 1210 540 quia
1245 488 1557 530 ecclesiastica
1594 488 1790 530 abutens
1824 499 2041 539 censura;

277 557 480 600 secundo
513 557 692 599 ratione
726 557 977 600 solucionis
1010 570 1095 611 pro
1128 561 1230 600 actu
1263 552 1532 611 officiandi,‘
1553 559 1630 611 qui
1665 561 1793 601 actus
1824 560 1896 600 est
1926 570 2043 612 pure

277 627 547 681 spiritualis,
579 640 679 670 cum
712 628 769 670 sit
796 628 1070 670 exercitium
1100 641 1185 682 pro
1216 628 1412 671 utilitate
1444 629 1640 671 aliorum
1673 628 1731 671 ad
1758 640 2046 682 consequen-

276 699 380 741 dam
404 698 674 741 felicitatem
699 702 923 753 eternam,
947 700 1022 741 vel
1047 699 1105 742 ad
1128 700 1393 742 evitandam
1418 700 1795 753 dampnationem
1818 702 2043 742 eternam.

281 770 422 823 Igitur
440 769 527 811 hec
547 770 717 812 solutio
734 773 807 813 est
825 771 1048 823 symonia,
1068 770 1316 823 presertim
1337 783 1438 812 cum
1460 770 1745 812 beneficium
1758 769 1896 813 detur
1908 782 2046 824 prop-

275 844 345 882 ter
367 839 576 883 officium
598 840 781 883 dicente
804 842 1015 895 apostolo
1035 841 1093 883 de
1110 842 1234 883 omni
1247 844 1409 884 curato
1423 841 1678 884 secundum
1694 840 1983 883 Jeronimum
1997 841 2045 882 in

271 909 486 963 epistola:
505 910 583 963 qui
595 910 915 964 episcopatum
931 910 1182 965 desi-derat,
1198 911 1371 954 bonum
1386 923 1502 964 opus
1519 910 1813 965 desiderat¹)‚
1827 914 1923 954 tum
1939 911 2047 964 quia

275 981 572 1035 episcopatus
591 994 764 1024 nomen
785 986 857 1025 est
878 983 1048 1036 operis,
1070 996 1164 1025 non
1185 983 1390 1025 honoris.
1426 982 1561 1025 Unde
1584 983 1670 1025 hec
1690 983 1780 1025 tria
1803 985 1910 1025 sunt
1928 995 2045 1036 pure

277 1052 555 1105 spiritualia:
592 1054 811 1106 primum:
839 1054 910 1096 ius
933 1054 992 1096 ad
1015 1053 1334 1106 officiandum,
1358 1054 1481 1107 quod
1502 1054 1639 1096 datur
1661 1067 1687 1096 a
1710 1054 1954 1107 superiore
1978 1065 2047 1096 se-

275 1123 474 1166 cundum
500 1124 778 1177 apostolum:
818 1137 956 1167 nemo
980 1125 1070 1168 sibi
1096 1128 1293 1167 summat
1316 1125 1556 1178 honorem,
1582 1124 1680 1177 sed,
1706 1124 1785 1178 qui
1807 1127 1997 1167 vocatur
2021 1136 2046 1166 a

274 1196 385 1248 Deo,
411 1198 644 1248 tamquam
659 1195 817 1238 Aaron
831 1195 1085 1249 habetur,²)
1105 1195 1377 1238 secundum:
1395 1195 1616 1249 obligatio
1630 1194 1892 1238 voluntarie
1906 1194 2049 1238 susci-

274 1265 446 1318 pientis
470 1269 517 1308 et
543 1266 601 1308 ad
625 1265 860 1320 prefatum
884 1266 957 1309 ius
983 1266 1224 1309 officiandi
1252 1279 1302 1309 se
1328 1266 1591 1320 obligantis,
1617 1279 1718 1308 cum
1742 1266 1902 1320 passio
1926 1268 2048 1319 post-

275 1349 413 1390 quam
433 1337 666 1391 effectusa)
692 1337 841 1379 illatio
862 1337 922 1380 sit
940 1337 1152 1380 eiusdem
1173 1338 1362 1391 generis
1383 1349 1485 1379 cum
1502 1339 1667 1391 agente
1682 1336 1772 1379 vim
1787 1349 1929 1390 passo
1944 1349 2048 1379 con-

278 1408 458 1450 ferente
487 1408 568 1462 (ex
597 1408 678 1450 III.
703 1406 1041 1462 ethicorum),¹¹)
1071 1407 1297 1460 Tercium,
1322 1408 1497 1451 scilicet
1519 1421 1650 1461 onus,
1673 1407 1798 1461 quod
1818 1410 1892 1451 est
1913 1420 2048 1450 exer-

276 1478 430 1521 citium
465 1481 591 1522 actus
625 1478 912 1531 officiabilis,
945 1482 1137 1532 propter
1171 1491 1308 1532 quem
1342 1478 1652 1521 beneficiatus
1684 1478 1826 1521 habet
1860 1478 1932 1521 ius
1965 1479 2049 1521 tol-

277 1549 404 1592 lendi
429 1549 723 1602 temporalia;
752 1550 827 1592 hic
852 1549 1139 1592 beneficium
1167 1549 1333 1592 dicitur
1359 1562 1464 1592 esse
1494 1550 1564 1592 ius
1592 1549 1848 1603 recipiendi
1875 1552 2049 1604 tempo-

277 1620 393 1663 ralia
426 1623 618 1675 propter
651 1620 981 1674 obligationem
1018 1621 1076 1663 ad
1109 1620 1271 1663 officia
1305 1621 1567 1674 spiritualia
1602 1620 1782 1663 dicente
1818 1620 2046 1674 apostolo:
2095 1669 2098 1673 ,

277 1691 387 1742 Quis
421 1692 587 1735 militat
619 1692 716 1735 suis
750 1692 995 1745 stipendiis
1029 1705 1233 1745 unquam
1266 1695 1314 1734 et
1346 1692 1450 1745 quis
1481 1692 1662 1745 plantat
1693 1692 1878 1734 vineam
1910 1694 1959 1734 et
1989 1691 2048 1733 de

279 1762 432 1805 fructu
448 1762 550 1805 eius
569 1775 664 1805 non
682 1762 810 1805 edit?
844 1763 957 1815 Quis
974 1763 1122 1816 pascit
1140 1775 1329 1816 gregem
1350 1765 1396 1805 et
1417 1763 1474 1804 de
1496 1763 1614 1805 lacte
1633 1763 1789 1816 gregis
1809 1775 1904 1804 non
1922 1774 2049 1805 m-an-

277 1833 441 1875 ducat‘?
479 1834 534 1876 Et
555 1833 695 1875 infra:
718 1834 924 1887 nescitis,
945 1833 1164 1887 quoniam
1186 1833 1264 1887 qui
1285 1834 1421 1876 altari
1445 1833 1731 1887 deserviunt,
1754 1833 1889 1876 altari
1909 1833 2050 1887 parti-

278 1904 502 1957 cipantur.
544 1905 608 1947 Ita
632 1905 756 1946 enim
781 1905 995 1947 dominus
1019 1904 1251 1947 ordinavit
1275 1905 1332 1958 (I.
1358 1904 1459 1946 Cor.
1488 1904 1586 1958 IX).
1621 1904 1739 1946 Hinc
1760 1904 1902 1958 venit,
1926 1903 2048 1958 quod

277 1974 436 2017 officia
469 1975 729 2028 spiritualia
760 1989 862 2017 cum
895 1976 1190 2029 susceptione
1223 1975 1401 2018 ordinis
1432 1978 1556 2018 recte
1586 1988 1681 2018 non
1712 1975 1813 2017 dari
1846 1978 2050 2018 statuun-

277 2049 364 2098 tur,
397 2046 488 2088 nisi
523 2046 724 2099 provisis
756 2046 815 2088 de
852 2046 1087 2089 beneficio
1121 2047 1480 2089 sustentacionis
1513 2045 1681 2099 vitalis,
1714 2058 1911 2099 cumque
1943 2057 2049 2099 pre-

279 2117 419 2159 missa
456 2116 544 2159 tria
582 2116 671 2159 sint
708 2118 977 2160 necessaria
1014 2118 1255 2160 coniuncta
1295 2118 1412 2160 sicut
1448 2117 1726 2171 principium
1764 2116 1968 2159 medium
2005 2119 2050 2159 et

278 2188 402 2240 finis,
426 2187 584 2241 liquet,
609 2188 745 2241 quod,
769 2189 846 2241 qui
871 2189 1068 2231 alterum
1093 2189 1279 2231 illorum
1302 2188 1474 2241 vendit,
1499 2188 1599 2231 sine
1621 2201 1715 2241 quo
1735 2188 1933 2230 alterum
1953 2199 2047 2230 non

278 2259 493 2310 provenit
520 2259 636 2302 sicut
663 2271 766 2302 mea
793 2261 889 2301 vult
916 2260 969 2302 V.
1002 2259 1075 2301 IX.
1117 2259 1331 2302 Profecto
1357 2263 1575 2301 neutrum
1602 2258 1890 2301 invenditum
1917 2258 2050 2301 dere-

279 2329 423 2382 liquit,
455 2329 673 2382 quoniam
702 2330 833 2373 nullo
863 2330 998 2373 modo
1030 2344 1054 2373 a
1085 2331 1281 2383 gyesitia
1313 2333 1575 2383 excusatur,
1608 2331 1655 2372 in
1686 2343 1777 2384 qua
1807 2329 2047 2373 occasione

278 2400 507 2453 premisse
528 2400 812 2454 provisionis
833 2401 1000 2444 solutio
1021 2405 1345 2455 exaggeratur.
1380 2402 1475 2444 Hec
1495 2414 1581 2455 pro
1602 2401 1812 2455 presenti
1832 2399 2047 2455 supplevi

279 2471 448 2524 dicere,
486 2472 703 2524 quoniam
739 2472 945 2514 brevitas
979 2474 1204 2526 temporis
1240 2475 1432 2526 propter
1467 2473 1783 2525 prolixitatem
1818 2470 2048 2521 sermonis

277 2542 388 2585 fecit
410 2543 655 2585 transitum
682 2543 740 2585 ad
768 2543 1004 2585 ulteriora.
1043 2544 1211 2585 Vestre
1238 2556 1332 2585 rev.
1359 2543 1653 2596 paternitatis
1679 2545 1835 2586 orator
1858 2541 2047 2585 humilis

277 2616 322 2655 et
350 2613 547 2656 servitor
574 2613 721 2656 frater
751 2613 1007 2667 Mauritius,
1036 2614 1127 2656 vita
1153 2617 1382 2667 peccator,
1409 2614 1570 2657 habitu
1596 2614 1863 2667 monachus,
1889 2612 2047 2656 nescio

279 2685 317 2726 si
342 2685 440 2726 Deo
463 2685 648 2727 volente
672 2688 751 2727 aut
772 2686 1070 2738 permittente
1097 2698 1226 2727 sacre
1250 2685 1484 2739 theologie
1507 2684 1752 2738 professor
1773 2684 2045 2736 immeritus,

278 2756 395 2797 sacri
426 2755 606 2798 concilii
637 2768 728 2797 non
759 2759 851 2798 tam
881 2755 1010 2799 filius
1041 2768 1178 2809 quam
1210 2759 1255 2798 et
1284 2757 1458 2798 utinam
1491 2766 1667 2799 servus.

394 2826 503 2868 Rev.
531 2826 750 2880 magistro
782 2826 1006 2880 Mauritio,
1034 2839 1270 2869 sacrarum
1297 2827 1633 2880 scripturarum
1657 2826 1918 2880 professori
1940 2837 2046 2868 con-

278 2897 429 2950 digno.
464 2897 590 2939 Nosti
614 2900 762 2950 pater,
786 2898 908 2950 quod
930 2897 1053 2939 inter
1070 2897 1154 2939 Dei
1175 2898 1396 2940 iudicium
1410 2900 1458 2940 et
1470 2898 1723 2940 humanum
1737 2897 1825 2940 hoc
1837 2897 2045 2948 inte-rest,

277 2968 398 3020 quod
418 2968 543 3021 apud
560 2967 707 3010 Deum
727 2969 929 3010 humane
946 2968 1228 3011 intentiones
1244 2968 1518 3022 iudicantur,
1533 2981 1623 3022 que
1640 2968 1729 3011 sibi
1744 2980 1838 3011 non
1853 2968 2046 3022 possunt

382 3061 412 3091 a)
435 3061 471 3086 s‘:
492 3040 628 3091 efectus,
686 3062 716 3094 Ιι)
740 3070 774 3089 ,ρο
797 3063 834 3092 Β,
859 3062 886 3087 (¹.

397 3108 428 3151 1)
456 3111 473 3143 1
498 3109 588 3145 Tim.
610 3112 643 3151 3.
668 3112 696 3144 1.
862 3110 894 3152 2)
918 3109 1034 3144 Hebr.
1058 3111 1090 3151 5,
1112 3110 1144 3143 4.
