2102 3444
120 176 204 218 444
474 176 519 209 11.
552 176 761 210 Abschnill.
805 178 1009 210 Sermones
1039 176 1189 210 concilii
1219 176 1538 211 Constanciensis.

122 294 397 335 reformacio
423 298 466 335 et
494 295 602 335 unio
629 294 802 335 intenta
830 306 914 346 per
940 294 1023 335 hoc
1051 307 1230 335 sacrum
1257 295 1515 348 concilium,
1542 296 1672 338 cuius
1699 297 1889 339 tristicia

125 368 328 406 vertetur
365 364 406 405 in
443 365 659 416 gaudium
697 398 704 405 .
741 398 748 405 .
785 398 792 405 .
830 364 1041 406 Tristicia
1076 368 1282 407 vertetur
1316 366 1532 408 versione
1568 370 1722 409 vestra
1759 367 1815 409 1.‘'
1851 368 1888 409 si

121 435 394 486 superfluus
422 438 611 476 ornatus
638 435 749 475 cleri
776 448 860 487 per
886 437 1249 487 temperanciam
1277 436 1608 489 moderabitur,
1634 437 1692 479 2.·'
1720 438 1757 480 si
1787 450 1892 490 apo-

122 505 262 547 stasia
298 494 570 546 clericorum
608 518 657 546 se
694 505 983 548 secularibus
1018 506 1222 559 negociis
1256 507 1395 549 nimis
1431 507 1775 560 implicantibus
1808 520 1892 561 per

123 576 467 627 providenciam
502 576 808 628 revocabitur,
841 576 899 618 3.''
934 577 971 618 si
1006 577 1358 630 privilegiorum
1393 590 1614 620 excessus
1647 590 1732 631 per
1766 578 1893 620 forti-

123 646 328 687 tudinem
365 646 680 698 frustrabitur,
712 647 771 688 4.''
806 647 843 688 si
878 647 1142 690 inordinata
1175 648 1380 690 extorsio
1414 649 1459 689 in
1494 649 1620 690 clero
1651 661 1737 701 per
1770 649 1895 691 iusti-

124 718 238 758 ciam
269 717 606 769 prohibebitur,
633 718 692 759 5.“’
722 718 758 758 si
790 718 865 758 lex
895 717 1065 760 Christi
1094 719 1252 770 sidem,
1283 731 1411 771 spem
1441 722 1485 761 et
1513 720 1750 761 caritatem
1778 719 1895 762 fina-

126 789 230 829 liter
261 800 542 840 premonens
574 800 715 841 super
745 789 972 830 humanas
1004 789 1132 842 leges
1163 789 1523 842 appreciabitur.
1566 790 1744 843 Liquet,
1774 790 1895 844 quod

128 858 224 899 istis
267 858 414 901 tribus
456 859 727 911 theologicis
769 859 1016 901 virtutibus
1059 873 1159 901 cum
1204 860 1446 913 premissis
1501 864 1698 914 quatuor
1752 861 1897 903 cardi-

97 955 100 958 <
127 930 311 971 nalibus
335 930 531 971 ecclesia
556 929 764 981 perfecte
789 930 1122 972 reformabitur
1145 931 1268 973 intus
1293 934 1337 972 et
1360 934 1493 973 extra
1518 944 1674 974 muros
1700 965 1708 974 .
1744 966 1752 973 .
1789 965 1796 973 .

242 1000 377 1042 Nulla
407 1004 477 1042 est
506 1013 627 1053 pene
659 1000 747 1042 iam
780 1001 924 1042 seculi
955 1002 1086 1054 actio,
1117 1014 1253 1054 quam
1286 1001 1552 1044 sacerdotes
1583 1015 1675 1044 non
1706 1002 1898 1045 admini-

128 1075 290 1123 strent3
318 1072 466 1113 solum
492 1071 678 1124 quidem
703 1072 850 1113 adhuc
874 1085 964 1113 non
991 1075 1096 1114 sunt
1119 1085 1348 1125 precones
1372 1077 1416 1115 et
1440 1076 1652 1115 tortores.
1691 1073 1898 1126 Cumque

127 1155 149 1183 a
197 1142 340 1184 sacris
386 1142 642 1185 canonibus
687 1147 932 1185 arceantur
981 1143 1319 1185 studiosissime
1366 1144 1486 1195 hinc,
1533 1144 1590 1186 ab
1634 1144 1896 1186 huiusmodi

130 1214 527 1266 implicacionibus
562 1227 645 1266 per
678 1214 761 1255 hoc
796 1227 976 1255 sacrum
1012 1215 1255 1255 concilium
1291 1214 1588 1256 severissime
1624 1218 1900 1257 revocentur

128 1297 212 1337 pro
243 1285 311 1326 sui
343 1288 388 1326 et
417 1285 629 1338 ecclesie,
660 1298 797 1337 quam
830 1285 1157 1337 scandalizant,
1189 1285 1586 1339 reformacione.¹)

129 1427 216 1468 Mai
255 1428 318 1469 11.
358 1454 405 1458 -—
442 1427 692 1469 Kourad
736 1440 817 1480 ep.
861 1426 1180 1469 Metensis.

248 1509 274 1542 Ε
289 1519 306 1542 ι·
325 1520 353 1541 n·
370 1511 390 1543 ἄ
407 1510 426 1542 le
448 1520 466 1543 η
485 1511 495 1542 Ι
516 1519 525 1543 .“
567 1508 769 1551 Ceri-elan,-
796 1509 916 1543 Hard!
945 1509 962 1542 I
977 1509 1010 1547 Γ,
1039 1510 1115 1543 738.

250 1581 491 1622 Inhalt:
552 1581 734 1623 Protest
779 1593 927 1634 yeyen
972 1580 1046 1622 die
1100 1580 1480 1632 Verschleppuny
1526 1580 1608 1622 des
1654 1579 1903 1621 Prozesses

131 1665 276 1703 {seyen
314 1652 523 1694 Wilhelm
556 1665 643 1694 von
672 1652 814 1694 Diest.

134 1794 221 1836 Mai
259 1795 323 1838 15.
362 1821 409 1825 -
447 1794 756 1836 Antonius
804 1793 1007 1836 Caoeal.

254 1876 312 1908 Et·
330 1878 395 1909 trc'i
413 1876 431 1908 lo
455 1887 472 1909 η
491 1878 501 1908 Ι
521 1886 531 1909 .·
575 1877 777 1913 ccv-retain
809 1876 1005 1913 fiilos-We:
1036 1876 1155 1909 Hardt
1185 1875 1250 1911 Il',
1284 1875 1366 1913 7755.-
1398 1875 1524 1908 Mmzsi
1554 1873 1699 1907 XXl'II
1727 1874 1752 1916 7'.
1781 1874 1860 1907 «5³85.

255 1948 317 1989 In
336 1949 359 1989 Ie
381 1949 496 1990 alt:
537 1947 693 1990 Ueber
722 1947 887 2000 Alfons
924 1948 968 1989 V.
1000 1960 1085 1988 von
1113 1947 1296 1999 Arayon
1328 1946 1422 1988 und
1451 1946 1524 1988 die
1552 1945 1796 1987 Annahme
1825 1943 1906 1986 cles

137 2019 410 2060 Narbonner
445 2019 701 2071 Vertra963.

259 2101 639 2142 Benedictus
683 2101 843 2143 Deus
885 2103 1125 2153 patrum
1167 2103 1551 2151 nostrorum,
1593 2097 1693 2150 qui
1736 2096 1909 2138 dedit

139 2172 287 2213 filio
330 2173 500 2224 regis
540 2171 920 2213 clarificare
964 2171 1184 2212 domum
1229 2182 1396 2212 suam
1443 2169 1598 2222 (Esdr.
1629 2169 1669 2221 7,
1699 2168 1793 2222 27).

140 2314 227 2355 Mai
266 2315 329 2357 15.
369 2341 416 2344 —
454 2315 834 2355 Alamannus
888 2313 1043 2355 card.
1095 2312 1376 2354 Pisanus.

262 2397 287 2429 Ι’,“
304 2406 320 2428 ι·
339 2407 366 2427 ιι·
384 2398 404 2429 ii
422 2396 440 2427 li
464 2398 509 2428 nl
531 2406 540 2429 .·
583 2396 806 2437 Villaslre.2)

260 2468 281 2508 I
300 2481 322 2509 12
343 2469 366 2508 le
388 2481 410 2509 a
429 2468 441 2508 I
460 2473 472 2508 t
491 2482 502 2509 .·
544 2467 847 2520 Erwiderunq
877 2467 956 2520 anf
982 2467 1055 2509 (lie
1090 2467 1210 2508 Bede
1242 2466 1422 2507 Caoeals.

262 2551 353 2591 Hec
380 2554 449 2592 est
474 2550 637 2592 domus
662 2549 832 2591 domini
861 2549 1060 2590 firmiter
1085 2548 1317 2599 edificata,
1343 2547 1537 2589 fundata
1562 2558 1703 2598 supra
1728 2545 1912 2586 firmam

144 2625 336 2673 petram.

144 2750 231 2792 Mai
266 2750 333 2792 26.
373 2777 419 2780 -—-
460 2750 495 2790 H
515 2751 566 2791 le
585 2763 646 2790 ro
664 2764 689 2791 n
708 2763 733 2802 ῃ
751 2762 793 2789 m
812 2763 836 2790 ιι
855 2763 874 2789 s
920 2762 940 2789 a>
958 2762 981 2790 0
999 2762 1023 2790 η
1067 2749 1101 2789 P
1118 2761 1139 2788 r
1156 2761 1179 2789 a
1196 2761 1235 2799 9.

265 2833 324 2865 151·
343 2842 371 2863 ιι·
389 2834 409 2865 (ἲ
426 2832 445 2864 li
467 2842 486 2864 η
504 2834 514 2864 Ι
535 2841 544 2865 .’
583 2831 778 2872 Mlius-tre,-
804 2831 922 2864 llarrll
947 2830 1010 2865 11',
1037 2831 1120 2867 752),-
1148 2829 1271 2862 Mansa·
1297 2828 1362 2862 XX
1378 2828 1453 2869 ΙἸΙ,
1477 2829 1554 2862 ‹5¹8st

266 2903 286 2943 I
302 2916 326 2944 »η
348 2903 370 2943 h
391 2915 415 2944 α
433 2902 446 2944 l
464 2907 476 2944 t
496 2917 507 2944 .·
561 2901 899 2954 Vei-teidiqunq.

267 3022 296 3061 ¹)
327 3021 380 3053 Ob
410 3019 661 3060 walls-Nimliss?

266 3081 296 3120 ²)
322 3079 416 3111 Zum
447 3080 494 3112 10¹.
519 3078 606 3112 Mai.
