2227 3434
540 176 577 210 B.
615 177 691 211 Der
714 177 813 211 liber
835 179 1027 221 gestorum
1052 178 1121 212 des
1142 177 1385 212 Cerretanus.
1760 180 1841 222 241

197 294 346 348 Anno,
368 294 618 336 indictione
641 298 686 337 et
705 294 1020 349 pontificatus,
1042 295 1210 349 quibus
1233 308 1388 349 supra,
1410 296 1483 337 die
1507 296 1623 338 iovis
1645 297 1845 339 secunda

80 366 256 409 mensis
281 365 388 408 Maii
413 365 500 407 fuit
524 377 656 408 sesso
679 366 917 419 generalis
943 400 951 408 .
987 399 995 408 .
1031 366 1080 420 .¹)

201 436 283 478 Die
312 436 492 478 sabbati
520 439 684 489 quarta
710 437 886 479 mensis
919 437 1023 479 Maii
1053 471 1061 479 .
1097 470 1105 478 .
1142 438 1191 490 .²)

198 507 405 550 Tenores
439 519 550 549 vero
584 507 808 549 dictarum
842 508 1077 550 citacionis
1112 511 1157 550 et
1192 508 1428 550 sentencie
1465 508 1712 550 diffinitive
1747 521 1847 550 cum

82 577 344 621 insercione
367 578 680 631 articulorum,
703 578 761 620 de
784 579 952 631 quibus
976 591 1117 632 supra
1139 578 1194 621 fit
1215 579 1408 631 mencio,
1432 582 1690 632 sequuntur
1710 580 1845 621 tales:

198 649 499 691 Sacrosancta
525 683 533 691 .
570 683 577 691 .
614 683 621 691 .
648 649 774 691 Licet
797 649 1037 702 plerisque
1062 649 1239 691 vicibus
1264 684 1272 692 .
1309 684 1316 691 .
1353 684 1360 691 .
1386 651 1638 692 nationum.

198 719 498 762 Sacrosancta
530 754 538 761 .
575 754 582 761 .
618 754 627 762 .
658 720 846 762 mandat
875 721 922 762 in
953 720 1196 763 audiencia
1229 755 1236 762 .
1273 754 1280 762 .
1317 755 1325 762 .
1356 733 1478 764 anno
1508 720 1721 776 quinto.³)

199 791 499 834 Sacrosancta
544 790 921 834 Constanciensis
964 791 1169 845 synodus
1214 826 1221 833 .
1258 826 1266 833 .
1302 826 1309 834 .
1354 792 1583 835 Godfrido
1626 792 1849 844 Woltzen,

83 861 283 904 Henrico
312 861 591 915 Opderbode
623 896 631 904 .
667 896 675 904 .
711 896 719 904 .
750 862 1001 917 testibus.⁴)

200 932 285 975 Die
317 932 498 975 sabbati
528 933 693 976 eadem
726 967 734 975 .
770 967 778 975 .
814 967 823 975 .
854 933 1263 988 Ratisponensisf)

203 1004 286 1046 Die
310 1004 539 1046 dominica
560 1004 719 1057 quinta
742 1005 918 1047 mensis
945 1004 1048 1046 Maii
1073 1038 1081 1046 .
1117 1039 1125 1046 .
1162 1039 1169 1046 .
1193 1005 1434 1058 copioso.''’)

200 1074 367 1117 Forma
393 1074 635 1117 concordie
665 1076 785 1118 inter
812 1075 854 1117 d.
883 1087 1041 1129 regem
1069 1076 1380 1118 Romanorum
1408 1079 1453 1117 et
1481 1076 1521 1117 d.
1552 1076 1851 1118 Fredericum

83 1145 247 1188 ducem
266 1146 452 1188 Austrie
473 1146 530 1188 de
551 1146 695 1189 verbo
716 1146 774 1189 ad
794 1147 988 1188 verbum
1010 1146 1134 1189 infra
1156 1147 1382 1200 sequitur:
1406 1147 1495 1189 Nos
1519 1147 1848 1200 Fredericusf)

202 1216 287 1260 Die
320 1217 442 1260 iovis
480 1230 602 1259 nona
642 1218 817 1260 mensis
860 1217 964 1260 Maii
1002 1220 1140 1271 prout
1176 1218 1224 1259 in
1263 1218 1336 1259 die
1376 1218 1645 1271 precedenti
1686 1230 1772 1271 per
1810 1217 1851 1259 d.

83 1299 240 1341 regem
273 1287 585 1330 Romanorum
619 1292 663 1330 et
697 1289 941 1341 deputatos
974 1288 1219 1331 nacionum
1252 1289 1408 1331 fuerat
1439 1289 1716 1341 ordinatum,
1751 1288 1854 1330 illu-

85 1359 192 1402 stris
227 1359 268 1401 d.
307 1359 583 1401 Fredericus
618 1359 896 1412 burgravius
932 1360 1338 1413 Nurenbergensis
1372 1363 1417 1401 et
1454 1372 1547 1401 rev.
1584 1372 1626 1413 p.
1665 1359 1711 1400 in
1747 1359 1852 1402 Chr.

85 1429 126 1472 d.
165 1429 502 1484 archiepiscopi
540 1430 811 1473 Bisuntinus
846 1430 1040 1473 nacione
1080 1430 1288 1473 Gallicus
1325 1433 1370 1472 et
1406 1430 1621 1484 Rigensis
1658 1429 1852 1472 nacione

85 1499 390 1544 Germanicus
424 1513 590 1544 versus
627 1501 825 1555 Friburg
860 1501 1057 1555 profecti
1092 1504 1211 1555 sunt,
1248 1505 1294 1543 ut
1329 1514 1494 1544 versus
1530 1501 1853 1543 Constanciam

86 1584 255 1625 papam
277 1572 568 1615 reducerent.
604 1572 718 1615 Cum
738 1572 907 1626 quibus
928 1573 1075 1615 eciam
1096 1572 1282 1626 quidam
1303 1585 1362 1614 ex
1383 1572 1599 1626 gentibus
1619 1572 1663 1614 d.
1686 1571 1856 1614 Frede-

86 1643 169 1685 rici
203 1643 334 1686 ducis
366 1643 552 1686 Austrie
585 1646 913 1697 perrexerunt.

204 1714 289 1757 Die
320 1713 502 1757 sabbati
532 1714 610 1756 XI.
643 1714 818 1757 mensis
853 1714 957 1756 Maii
988 1713 1352 1768 gloriosissimus
1384 1714 1425 1756 d.
1459 1714 1500 1756 d.
1532 1712 1856 1767 Sigismundus

86 1785 397 1827 Romanorum
423 1789 470 1828 et
494 1785 698 1839 Ungarie
725 1797 809 1827 rex
834 1786 976 1838 elegit
1002 1794 1189 1827 revmum
1217 1785 1264 1826 in
1289 1785 1395 1827 Chr.
1421 1798 1465 1838 p.
1492 1785 1533 1827 d.
1560 1784 1855 1826 Franciscum

88 1855 391 1898 miseracione
432 1856 588 1898 divina
628 1856 913 1898 cardinalem
955 1856 1274 1899 Florentinum
1312 1858 1358 1898 et
1396 1855 1513 1898 duos
1553 1855 1609 1897 de
1649 1855 1857 1908 qualibet

86 1925 280 1969 nacione
308 1939 394 1981 per
421 1927 548 1980 ipsas
575 1928 796 1970 naciones
825 1927 1084 1980 deputatos,
1114 1939 1310 1980 quorum
1338 1927 1526 1969 nomina
1555 1925 1754 1968 inferius
1781 1925 1858 1967 de-

88 1997 366 2051 scribuntur,
400 1998 458 2040 ad
488 1998 778 2040 tractandum
810 1998 1100 2040 concordiam
1133 1998 1256 2040 inter
1287 2007 1475 2039 revmum
1509 1997 1551 2039 d.
1585 1997 1626 2039 d.
1659 1996 1858 2039 Wladis-

89 2069 213 2110 laum
243 2068 435 2111 Polonie
467 2081 624 2122 regem
657 2072 700 2111 et
732 2082 826 2111 rev.
858 2082 900 2122 p.
933 2069 1015 2123 d.⁰)
1053 2103 1061 2111 .
1098 2103 1105 2111 .
1142 2103 1149 2111 .
1180 2069 1450 2122 generalem
1482 2071 1528 2110 et
1559 2068 1769 2110 dominos
1800 2067 1857 2109 de

91 2140 281 2183 Prussia
318 2152 460 2193 super
496 2141 634 2182 certis
672 2153 832 2182 eorum
870 2140 1201 2182 controversiis
1238 2140 1317 2181 diu
1353 2139 1474 2181 inter
1509 2152 1591 2181 eos
1627 2139 1860 2181 versis-et

90 2210 392 2253 vertentibus.
428 2211 483 2253 Et
504 2211 669 2253 eadem
693 2211 767 2253 die
792 2211 834 2253 d.
859 2223 943 2253 rex
965 2223 1066 2252 cum
1090 2210 1288 2264 prefatis
1311 2210 1352 2252 d.
1377 2209 1623 2264 deputatis,
1648 2209 1858 2263 partibus

89 2285 135 2324 et
163 2280 397 2324 advocatis
428 2294 588 2324 earum
619 2281 738 2324 dicta
768 2282 824 2323 de
856 2294 994 2324 causa
1024 2284 1342 2324 convenerunt
1372 2281 1419 2322 in
1449 2281 1584 2323 domo
1614 2280 1785 2334 prefati
1814 2280 1857 2321 d.

93 2352 364 2395 Florentini.

197 2498 227 2520 :u
250 2492 334 2526 solat
358 2492 470 2518 Laeli-1».

210 2553 241 2594 1)
290 2552 511 2586 Wo'rllicher
556 2552 645 2586 Tea-t
687 2553 757 2586 cler
798 2552 1008 2595 offiziellen
1051 2552 1177 2586 Aklen
1219 2552 1338 2586 Hardt
1381 2551 1446 2592 IV,
1489 2551 1690 2592 141—148‚·
1734 2550 1859 2584 Mansi

94 2609 251 2651 XXVII,
289 2611 358 2645 6:23
394 2611 437 2654 ῙῙ.
489 2611 568 2644 Nur
609 2611 653 2644 ist
694 2610 757 2645 die
797 2610 960 2645 Citale'on
1002 2611 1070 2644 des
1097 2610 1367 2652 'Hieronymus
1407 2620 1479 2644 ‘eon
1520 2609 1616 2650 Pras]
1657 2609 1740 2642 hier
1781 2609 1858 2641 ein-

94 2668 253 2711 9ereihl,
283 2669 434 2703 obwolzl
464 2669 521 2703 sie
550 2668 768 2703 lalsiichlich
802 2678 863 2702 am
896 2670 948 2703 17.
979 2669 1091 2711 April
1121 2668 1314 2712 stattfand.

211 2727 243 2769 ²)
291 2726 515 2761 Wo'rllicher
557 2726 647 2760 Tere
689 2727 758 2761 cler
800 2726 1011 2770 offiziellen
1052 2726 1179 2761 Aklen
1220 2726 1339 2760 Hardt
1382 2726 1447 2767 IV,
1492 2726 1690 2766 151—153‚·
1735 2724 1859 2757 Mans-1·

97 2782 164 2817 XX
177 2783 254 2825 VII,
281 2784 350 2819 629
376 2784 419 2827 ff.

213 2841 245 2885 3)
272 2841 393 2876 Hardt
420 2842 485 2883 IV,
516 2842 627 2885 14912·
657 2843 781 2877 Mansi
809 2841 876 2876 XX
891 2841 966 2883 VII,
992 2844 1059 2878 631
1073 2843 1100 2886 Τ.

213 2899 246 2942 ⁴)
270 2900 340 2935 Mic
359 2901 435 2935 deu
453 2901 500 2936 45
519 2900 699 2936 Artikeln
718 2900 889 2935 wortlich
909 2901 1029 2935 Hardl
1051 2901 1068 2934 Ι
1082 2900 1115 2941 V,
1139 2901 1338 2941 153—157‚·
1364 2900 1488 2934 Man-si
1510 2897 1667 2938 XXVII,
1689 2896 1858 2932 632-35.

213 2958 246 3000 5)
275 2958 395 2992 Hardt
422 2958 487 2999 IV,
517 2958 629 3002 157r,·
658 2958 782 2993 Mansi
812 2957 969 3000 XXVII,
996 2960 1074 2994 636⁴.

214 3016 246 3057 ‘'·)
273 3015 393 3050 Hardl
420 3015 484 3057 IV,
514 3016 713 3059 159—161;
743 3017 868 3050 Mmzse'
895 3016 963 3049 XX
977 3016 1052 3057 VII,
1079 3017 1155 3052 636.
1195 3016 1275 3050 Nur
1299 3015 1430 3059 fehlen
1460 3015 1543 3048 hier
1568 3015 1632 3047 (lie
1656 3014 1814 3047 Numen.

217 3073 247 3115 7)
278 3073 399 3108 Hardt
430 3073 495 3114 IV,
530 3073 612 3116 162‚·
645 3074 770 3108 Mansz'
800 3072 959 3115 XXVII,
990 3074 1096 3117 638Ϊ.

168 3140 310 3175 Finke,
331 3141 413 3169 Acta
433 3141 566 3169 concilii
589 3140 867 3169 Constanciensis.
889 3141 926 3169 11.
1604 3130 1651 3168 ῙΓ)
