2102 3444
296 160 380 203 632
731 155 797 190 111.
829 152 1038 188 Abschnitt.
1081 150 1235 185 Reform
1267 149 1345 183 und
1376 147 1624 192 Verfassung.

297 277 386 318 rint
418 288 501 329 per
533 287 614 317 sex
648 285 832 314 menses
865 272 1083 313 absentes
1116 268 1173 310 ab
1207 266 1417 309 ecclesiis
1450 267 1588 321 suisa)
1625 265 1801 319 absque
1834 276 2058 319 expressa

298 347 487 388 licencia
511 345 637 387 sedis
660 343 909 396 apostolice
935 341 1025 382 sint
1049 340 1151 392 ipso
1174 338 1273 380 iure
1297 337 1464 390 privati
1485 336 1833 390 episcopatibus
1855 339 1900 379 et
1922 335 2057 379 abba-

295 417 376 460 ciis
405 416 514 459 suis.
555 415 643 456 Nec
672 414 747 455 dat
775 424 895 465 papa
924 409 1162 452 licenciam
1191 408 1281 450 nisi
1311 421 1370 450 ex
1398 407 1673 450 racionabili
1701 410 1747 449 et
1772 407 1893 449 iusta
1921 417 2058 448 causa

296 500 345 529 ac
384 487 428 527 in
467 484 631 527 litteris
670 484 877 534 limitata,
915 485 963 523 ut
999 483 1110 533 puta
1150 479 1327 532 indiget
1359 479 1610 532 ¹presencia
1648 490 1731 520 sua
1768 477 1815 519 in
1853 477 2058 520 Romana

294 556 419 598 curia
441 556 512 596 vel
537 554 646 596 alibi
669 555 740 595 xtel
763 557 833 595 est
855 553 900 593 in
923 550 1117 593 consilio
1139 549 1333 592 alicuius
1356 549 1480 602 regis
1501 549 1576 590 vel
1598 548 1823 602 principis
1846 549 1930 592 3111.
1961 547 2057 590 Hoc

294 630 445 668 tamen
486 625 678 676 adiecto,
716 623 840 676 quod
880 635 964 675 pro
1003 621 1212 663 consiliis
1250 619 1511 673 principum
1552 619 1788 661 limitetur.

415 695 735 748 Intelligantur
777 697 931 735 tamen
974 704 1080 734 esse
1123 694 1384 744 presentes,
1426 703 1480 743 sy
1523 693 1762 733 morantur
1805 690 1852 732 in
1895 689 2058 732 castris

292 766 487 808 ecclesie
517 777 613 817 sue,
645 777 727 807 seu
757 763 861 806 aliis
891 762 1003 806 locis
1032 761 1194 804 vicinis
1223 761 1347 804 infra
1377 761 1612 803 diocesim.
1657 760 1725 803 Ita
1751 763 1907 803 tamen
1936 758 2059 813 quod

290 837 336 878 in
392 836 628 890 precipuis
683 834 1012 877 festivitatibus
1069 836 1113 876 et
1168 832 1333 874 diebus
1389 831 1725 885 solempnibus,
1782 831 1958 874 scilicet
2010 829 2058 872 in

291 907 525 950 nativitate
551 906 748 958 Domini,
770 905 818 947 in
845 904 1220 956 Circumcisione,
1246 903 1523 956 Epiphania,
1548 901 1925 956 Quadragesima,
1951 901 2058 944 Pas-

292 982 403 1031 cate,
445 976 758 1029 Ascensionis,
801 976 1154 1028 Penthecosten,
1196 974 1243 1016 in
1285 974 1524 1016 nativitate
1567 973 1796 1016 Johannis
1838 972 2059 1026 Baptiste,

289 1048 639 1101 Assumpcionis
669 1050 826 1089 nostre
858 1046 1043 1088 domine
1075 1049 1120 1087 et
1150 1045 1318 1087 ceteris
1349 1044 1483 1087 festis
1514 1043 1869 1098 principalibus,
1898 1042 2059 1085 videli-

290 1123 359 1162 cet
387 1120 433 1160 in
462 1117 814 1160 consecracione
843 1130 927 1159 seu
955 1116 1252 1158 dedicacione
1282 1115 1478 1158 ecclesie
1508 1128 1589 1158 sue
1620 1116 1712 1158 sint
1736 1117 1984 1169 presentes
2008 1113 2059 1156 in

291 1189 486 1232 ecclesia
515 1194 560 1233 et
586 1188 774 1231 missam
802 1188 1055 1240 celebrent,
1085 1188 1123 1230 si
1152 1187 1345 1240 possint.

406 1260 626 1302 Similiter
661 1260 867 1313 episcopi
901 1261 1149 1302 teneantur
1184 1258 1270 1300 sub
1304 1270 1426 1311 pena
1460 1270 1637 1311 ponere
1673 1256 1824 1299 simile
1858 1256 2058 1299 edi-ctum

289 1332 411 1374 omni
444 1344 565 1374 anno
590 1331 640 1372 in
671 1331 868 1372 ecclesia
898 1343 984 1383 pro
1014 1328 1260 1372 abbatibus
1290 1341 1383 1370 non
1415 1329 1646 1382 exemptis
1675 1331 1722 1370 et
1752 1327 1856 1370 aliis
1886 1327 2058 1370 curatis

288 1402 566 1445 habentibus
591 1401 823 1443 beneficia
848 1400 1142 1454 requirencIa
1163 1399 1474 1442 residenciam
1500 1399 1557 1442 de
1582 1400 1698 1452 iure,
1721 1398 2057 1442 consuetudine

289 1474 361 1515 vel
387 1475 567 1515 statuto.
604 1473 694 1514 Nec
719 1472 795 1514 det
819 1471 1060 1514 licenciam
1087 1472 1144 1513 de
1168 1484 1260 1514 non
1285 1471 1538 1513 residendo
1561 1471 1666 1524 nisy
1689 1483 1749 1512 ex
1772 1482 1914 1512 causa
1935 1469 2057 1512 iusta

290 1547 333 1586 et
356 1556 595 1597 expressa,
617 1546 665 1585 ut
690 1556 844 1596 supra,
867 1555 952 1584 nec
974 1542 1153 1595 aliquid
1176 1541 1360 1595 capiant
1379 1555 1467 1595 «pro
1489 1542 1571 1584 tali
1594 1541 1788 1583 licencia
1811 1541 1897 1583 sub
1919 1552 2055 1595 pena.

292 1615 403 1656 Item
443 1614 566 1667 quod
606 1614 798 1656 abbates
837 1626 931 1656 non
969 1614 1152 1667 possint
1193 1613 1360 1656 abesse
1401 1626 1427 1656 a
1468 1613 1752 1655 monasterio
1792 1625 1878 1655 suo
1917 1623 2056 1654 causa

288 1684 557 1739 studiorum,
580 1685 659 1738 qui
684 1684 855 1727 debent
878 1697 984 1727 esse
1009 1684 1223 1737 scientes,
1247 1685 1322 1726 vel
1346 1684 1455 1737 quia
1479 1685 1637 1737 legent
1660 1684 1707 1725 in
1733 1683 1890 1737 aliqua
1912 1682 2056 1725 facul-

286 1759 391 1798 tate.
424 1756 538 1807 Quia
558 1756 731 1809 utilius,
755 1755 876 1809 quod
897 1756 1162 1809 gubernant
1183 1755 1466 1798 monasteria
1490 1768 1573 1798 sua
1596 1767 1734 1808 quam
1755 1754 1878 1807 quod
1898 1754 2056 1807 legant

285 1826 554 1870 scolaribus.
598 1826 710 1869 Item
738 1827 860 1880 quod
884 1839 978 1868 non
1004 1826 1184 1879 possint
1209 1839 1314 1869 esse
1342 1827 1389 1868 in
1416 1823 1630 1880 osficiisb)
1657 1824 1952 1868 secularibus
1977 1825 2053 1867 vel

285 1896 456 1940 officiis
487 1897 762 1950 principum.
809 1899 899 1939 Nec
932 1900 1183 1951 propterea
1218 1897 1393 1940 habere
1430 1897 1710 1950 absenciam,
1745 1896 1852 1950 quia
1885 1896 2053 1939 mortui

284 1971 389 2010 sunt
415 1968 598 2011 mundo.
639 1969 693 2011 Et
720 1969 766 2010 in
795 1968 1000 2012 consiliis
1028 1969 1395 2021 provincialibus
1421 1968 1649 2011 habeatur
1677 1967 1876 2021 diligens
1904 1967 2052 2020 inqui-

281 2039 393 2081 sicio
418 2039 480 2081 de
509 2039 706 2082 subditis
735 2040 1075 2092 episcoporum,
1090 2044 1140 2082 ut
1153 2040 1408 2092 puniantur
1422 2042 1469 2081 et
1482 2039 1540 2080 de
1557 2038 1790 2092 episcopis
1804 2041 1851 2081 et
1865 2050 2052 2092 exemp-

282 2109 353 2162 tis,
375 2110 451 2163 qui
473 2122 558 2163 per
579 2114 804 2153 semestre
827 2123 920 2152 non
940 2111 1220 2163 residerunt,
1241 2112 1317 2153 vel
1337 2111 1630 2164 negligentes
1652 2110 1844 2152 fuerunt
1863 2110 1913 2152 in
1934 2122 2050 2152 com-

283 2180 504 2234 pellendo
525 2181 733 2223 subditos
756 2182 815 2224 ad
837 2181 1146 2224 residenciam
1170 2194 1220 2224 ac
1241 2194 1327 2235 per
1348 2181 1593 2224 concilium
1615 2181 1852 2224 referatur
1869 2181 2048 2237 papae)

391 2297 428 2340 7.
458 2298 525 2341 De
553 2298 815 2341 residencia
843 2299 1168 2352 episcoporum
1195 2302 1241 2343 et
1268 2299 1563 2353 superiorum
1590 2298 1933 2353 prelatorum.1)

395 2379 597 2431 Quilibet
625 2393 831 2425 summus
859 2381 1074 2435 pontifex
1105 2416 1113 2424 .
1149 2416 1157 2424 .
1193 2416 1201 2425 .

711 2499 749 2543 8.
780 2500 849 2544 De
880 2500 1240 2554 dispensacione
1270 2502 1327 2545 ad
1360 2501 1605 2555 orilines.²)

393 2580 521 2631 Quod
551 2582 719 2634 prelati
751 2588 939 2627 servent
970 2584 1239 2637 capitulum:
1271 2597 1373 2626 cum
1405 2597 1464 2626 ex
1495 2584 1607 2637 eo³).
1654 2581 1809 2638 Item¹¹)
1843 2582 1967 2637 quod
1997 2583 2045 2624 in

278 2649 442 2692 litteris
479 2653 781 2707 exprimatur,
817 2654 939 2707 quod
975 2655 1065 2696 nisi
1101 2655 1304 2697 studium
1340 2655 1558 2698 continuo
1590 2657 1866 2708 *prosecutus
1902 2653 2044 2696 fuerit

277 2724 488 2763 cessante
534 2722 684 2766 studio
729 2723 1022 2777 dispensacio
1066 2725 1167 2779 ipsa
1213 2729 1376 2769 cesset.
1435 2726 1489 2768 Et
1535 2726 1591 2768 de
1637 2725 1759 2768 facto
1803 2728 2046 2768 revocetur

381 2814 410 2845 a)
439 2814 532 2840 Vam
555 2815 684 2841 Raude:
717 2816 757 2843 ab
785 2816 939 2844 ccelesiis
977 2817 1044 2844 suis
1072 2817 1224 2846 addatur:
1259 2818 1309 2845 vcl
1333 2817 1554 2846 monasteriis.
1610 2818 1644 2847 bl
1669 2818 1698 2845 V
1714 2817 1833 2845 officio.
1893 2817 1921 2851 0)
1950 2817 2043 2844 Vam

278 2859 387 2885 Raude
408 2860 517 2894 placet
539 2862 698 2890 omnibus.
756 2863 787 2890 ‹ll
811 2864 895 2890 Femt
925 2865 959 2891 Γ.

395 2922 425 2962 1)
453 2921 541 2956 Cod.
566 2922 610 2958 D.
636 2924 663 2957 Ε
686 2925 789 2967 (fodr.
813 2925 933 2960 Hardt
958 2926 987 2961 Ι.
1010 2928 1182 2961 616—19.

393 2979 425 3020 2)
453 2979 539 3014 Cod.
566 2981 610 3021 l),
635 2981 674 3023 E,
700 2982 733 3023 S,
766 2982 800 3017 V.

394 3037 425 3078 8)
454 3036 543 3081 Cap.
570 3038 670 3081 Xll',
697 3040 760 3075 lib.
798 3040 853 3083 ΓΙ,
879 3041 907 3083 Ι,
934 3044 965 3078 6.
