2227 3434
7 679 18 687 ¹
8 638 28 663 *3
7 570 23 612 ῳ
0 542 18 558 5
0 414 31 533 ‘'qhtrs
20 374 35 385 ἰ
0 329 4 335 -

627 177 667 212 Β.
690 175 938 211 Avisamente
959 175 1029 209 der
1049 173 1366 208 Ref0rmatorien.
1796 173 1881 215 663

114 298 351 339 sumentes
379 285 458 338 aut
483 307 617 337 secus
644 294 718 335 vel
748 294 885 336 aliter
911 305 1050 346 agere
1076 291 1342 334 huiusmodi
1370 292 1472 344 ipso
1499 290 1620 332 facto
1647 290 1883 331 incurrant

111 369 204 409 tam
232 366 402 419 prelati
431 369 477 407 et
506 364 663 407 clerici
694 377 831 417 quam
863 363 994 416 layci.

745 504 784 547 3.
818 504 888 547 De
902 526 911 533 ·
922 503 1247 557 indulgent-iis.

233 588 426 631 Cavebit
465 587 678 630 dominus
715 590 877 629 noster
917 599 1039 639 papa
1079 586 1125 627 in
1165 586 1372 627 futurum
1413 584 1602 627 nimiam
1643 582 1884 635 indulgen-

113 659 290 701 ciarum
316 657 601 701 effusionem
630 691 639 699 .
675 691 684 700 .
719 657 769 711 .¹)

754 740 775 763 ηε

1223 738 1245 761 >it

990 784 1011 808 *

289 865 437 910 XXII.
474 867 510 910 1.
551 867 620 909 De
660 865 853 908 decimis
891 876 977 918 per
1015 875 1182 917 papam
1224 876 1315 907 non
1354 828 1705 916 imponendis.²)

231 948 362 1001 Quod
389 961 512 1002 papa
542 960 635 990 non
664 947 873 1001 imponat
901 946 1127 989 decimam
1156 946 1284 988 clero
1313 946 1388 987 vel
1417 945 1498 988 toti
1527 945 1602 986 vel
1634 945 1736 986 eius
1766 941 1885 996 parti

114 1020 205 1065 nisi
239 1019 286 1061 in
318 1019 515 1061 concilio
543 1018 755 1072 generali
786 1020 874 1073 eta)
909 1030 1010 1059 cum
1043 1028 1274 1062 consensu
1308 1016 1504 1058 concilii.
1550 1015 1701 1057 Possit
1732 1018 1886 1056 tamen

116 1090 354 1144 postulare
393 1089 682 1132 caritativum
722 1088 981 1131 subsidium
1019 1100 1122 1130 cum
1162 1087 1352 1130 caritate
1389 1084 1475 1140 et¹')
1517 1098 1618 1128 cum
1657 1097 1887 1127 consensu

117 1160 313 1214 concilii,
345 1160 532 1214 quando
561 1172 638 1203 res
669 1159 865 1213 exigite)

232 1312 274 1355 2.
323 1311 561 1366 Videtur³)
603 1315 760 1354 sancte
800 1311 978 1364 synodo
1016 1310 1277 1364 expediens
1316 1310 1433 1362 fore,
1473 1309 1596 1362 quod
1632 1321 1756 1362 papa
1794 1319 1888 1349 non

116 1383 324 1437 imponat
347 1383 573 1425 decimam
597 1383 672 1424 vel
699 1382 839 1425 aliam
861 1384 1065 1435 quottam
1092 1394 1175 1424 seu
1196 1380 1504 1433 exactionem,
1529 1383 1575 1422 et
1598 1379 1721 1432 quod
1747 1379 1888 1431 impo-

117 1454 204 1496 site
230 1457 522 1506 revocentur,
547 1455 675 1496 clero
698 1454 781 1497 toti
807 1453 882 1494 vel
909 1452 1011 1496 eius
1035 1452 1171 1505 parti,
1195 1452 1287 1494 nisi
1310 1451 1360 1493 in
1387 1450 1582 1493 concilio
1608 1450 1819 1503 generali
1846 1451 1890 1490 et

117 1537 220 1567 cum
252 1536 485 1567 consensu
519 1523 761 1578 conciliid).
811 1523 962 1566 Possit
994 1526 1150 1565 tamen
1182 1522 1424 1575 postulare
1460 1521 1749 1563 caritativum
1784 1519 1891 1561 sub-

118 1594 288 1637 sidium
319 1607 421 1637 cum
453 1594 658 1648 caritate,
692 1594 878 1648 quando
911 1606 989 1637 res
1020 1593 1228 1647 exiget.‘³)
1265 1592 1416 1646 Super
1447 1590 1748 1634 concedendo
1779 1602 1891 1632 vero

119 1665 311 1709 decimis
345 1665 420 1708 vel
455 1665 562 1708 aliis
599 1664 821 1709 subsidiis
855 1669 901 1708 et
935 1664 1139 1707 collectis
1175 1664 1307 1706 laicis
1343 1662 1712 1716 quibuscumque
1750 1673 1892 1714 super

118 1736 329 1779 ecclesiis
356 1735 777 1789 ecclesiasticisque
803 1736 1023 1788 personis
1050 1739 1097 1778 et
1123 1747 1284 1776 eorum
1312 1734 1450 1776 bonis
1478 1733 1537 1775 ad
1563 1732 1711 1774 instar
1738 1731 1891 1773 felicis

118 1806 464 1850 recordacionis
486 1807 531 1849 d.
559 1806 815 1849 Clementis
840 1819 961 1859 pape
989 1805 1151 1859 quinti,
1179 1804 1257 1858 qui
1283 1804 1330 1846 in
1357 1817 1440 1846 sua
1466 1803 1798 1845 constitucione
1827 1801 1891 1842 in-

118 1876 320 1931 cipiente
348 1876 600 1930 ‚Quoniam‘
628 1877 817 1929 penitus
846 1875 1077 1918 revocavit
1104 1874 1484 1917 constitucionem
1512 1873 1741 1916 Bonifacii
1769 1885 1890 1926 pape

118 1948 281 2002 octavi,
303 1960 395 2001 que
419 1947 579 2001 incipit
602 1947 813 1999 ,Clericis
834 1946 991 1989 laicos‘
1016 1950 1063 1989 et
1083 1945 1433 1988 declaraciones
1458 1944 1670 1987 eiusdem
1692 1946 1739 1985 et
1763 1942 1890 1996 quid-

120 2018 231 2072 quid
254 2031 314 2061 ex
336 2019 407 2062 eis
427 2022 474 2061 et
498 2019 556 2061 ob
580 2031 660 2061 eas
684 2021 891 2060 secutum
916 2020 1017 2059 erat
1039 2021 1086 2060 et
1109 2029 1189 2059 eas
1212 2016 1391 2058 habere
1414 2015 1559 2057 voluit
1580 2028 1668 2068 pro
1689 2014 1890 2065 infectis,

119 2090 204 2132 hec
238 2093 395 2132 sancta
430 2089 635 2143 synodus
670 2089 762 2130 duo
796 2089 990 2130 concilia
1025 2087 1149 2129 infra
1185 2087 1429 2140 designata
1463 2086 1725 2139 superhoc
1759 2096 1891 2125 reno-

119 2159 272 2203 vando
303 2160 401 2203 vult
434 2162 480 2202 et
513 2159 716 2201 firmiter
750 2159 908 2202 statuit
940 2158 1057 2200 illud
1090 2160 1250 2199 contra
1284 2169 1584 2209 quoscunque
1620 2155 1763 2198 laicos
1796 2153 1891 2196 exi-

118 2233 282 2284 gentes
329 2243 413 2272 seu
458 2233 794 2283 extorquentes
842 2230 899 2271 ab
946 2228 1158 2271 ecclesi-is
1204 2226 1626 2279 ecclesiasticisque
1674 2225 1892 2278 personis

118 2301 276 2344 tallias
296 2314 379 2343 seu
401 2301 618 2343 collectas
639 2304 717 2343 aut
738 2299 1007 2342 exactiones
1027 2310 1326 2351 quascunque
1348 2300 1395 2339 et
1416 2300 1575 2339 contra
1596 2297 1642 2338 id
1665 2296 1890 2339 facientes

118 2371 378 2424 consilium,
413 2371 639 2413 auxilium
672 2371 746 2412 vel
780 2370 990 2412 favorem
1024 2381 1206 2411 necnon
1241 2372 1286 2410 et
1319 2369 1439 2410 circa
1473 2367 1752 2421 prestandas
1788 2366 1891 2409 sub-

119 2442 370 2484 venciones
400 2441 530 2484 laicis
561 2441 619 2484 ab
650 2440 953 2483 ecclesiarum
983 2439 1179 2492 prelatis
1209 2442 1255 2481 et
1284 2438 1389 2481 aliis
1420 2438 1533 2480 viris
1564 2436 1890 2479 ecclesiasticis

121 2512 455 2555 inviolabiliter
493 2512 751 2563 observari,
792 2510 915 2564 quod
955 2523 1099 2563 super
1138 2509 1229 2552 hiis
1271 2522 1296 2551 a
1336 2508 1752 2562 predecessoribus
1794 2508 1890 2550 suis

119 2583 339 2626 Romanis
361 2582 664 2636 pontificibus
690 2581 737 2623 in
762 2581 1069 2623 Lateranensi
1095 2583 1139 2622 et
1165 2579 1375 2633 generali
1401 2576 1661 2632 conciliisf),
1688 2591 1776 2631 que
1805 2578 1889 2620 sub

224 2699 255 2731 a)
287 2699 321 2725 et
339 2718 346 2731 ‚
369 2717 376 2724 .
396 2697 529 2725 concilii
562 2697 642 2730 fehlt
671 2697 714 2730 V,·
747 2697 855 2728 ‹lasit'r
876 2704 926 2723 am
957 2697 1088 2722 Rnwlo:
1121 2697 1197 2730 post
1226 2695 1362 2721 verbum
1384 2693 1551 2729 ,generali‘
1574 2693 1734 2720 addatur:
1770 2694 1802 2719 ct
1825 2700 1895 2719 cun·

118 2752 281 2772 consensu
302 2744 446 2771 concilii.
503 2744 535 2776 h)
557 2744 590 2771 et
610 2765 616 2773 ,
637 2763 642 2769 .
666 2764 672 2776 ,
696 2742 829 2770 concilii
852 2743 931 2774 fehlt
953 2744 982 2774 S,
1012 2743 1041 2770 Γ,
1098 2744 1126 2775 ‹·)
1157 2743 1181 2768 V
1195 2742 1279 2775 solat
1304 2742 1341 2769 tit
1356 2748 1456 2775 super
1476 2741 1538 2767 hoc
1559 2741 1621 2767 fuit
1644 2740 1845 2767 constitut-io
1861 2739 1892 2766 in

67 2825 69 2827 ι
117 2791 225 2819 forma
243 2792 433 2826 opportuna
452 2798 510 2825 per
524 2790 675 2817 dominos
696 2791 726 2818 Ρ.
743 2792 775 2818 ct
795 2791 840 2818 F.:
869 2791 895 2817 V
910 2799 960 2816 nm
984 2791 1097 2816 Raude
1118 2789 1321 2824 propositum
1337 2788 1388 2815 «lio
1404 2787 1535 2815 vem-ris
1552 2788 1710 2821 XX.Se1›t.
1726 2787 1765 2813 d«¹
1780 2793 1874 2813 manc·
1890 2798 1895 2818 -,

120 2853 149 2858 —
178 2838 371 2866 Deli}›‹›rata
397 2837 692 2865 Xv111.‹)ctot›ris.
792 2838 824 2867 d)
854 2838 912 2864 Αιιι
935 2838 1067 2864 Ranae.-
1101 2836 1364 2871 supersedeatur
1390 2835 1422 2862 in
1450 2835 1566 2870 primis
1598 2835 1728 2861 duobus
1756 2833 1889 2868 punctis

118 2886 148 2920 ο)
168 2885 228 2913 Λπι
251 2886 377 2912 Raude:
400 2885 625 2920 Speciticetur.
695 2884 720 2913 f}
743 2885 784 2913 So
807 2885 892 2918 Oria.

235 2945 267 2988 ¹)
294 2944 375 2979 Ans
399 2944 469 2980 der
491 2944 738 2987 Reformalfle
764 2945 926 2979 Martius
959 2944 1007 2985 V„
1033 2944 1182 2979 Hitblcr
1208 2946 1273 2979 151
1297 2942 1340 2987 ff.

248 3003 280 3045 2)
307 3003 398 3039 Cod.
423 3003 467 3044 D,
492 3003 530 3044 Ε,
555 3003 590 3044 S,
622 3002 658 3037 V.

237 3061 269 3103 ³)
301 3061 340 3095 W
363 3061 390 3105 Τ.
417 3062 460 3097 10
484 3061 583 3096 ohne
607 3059 781 3095 Rubrica.
