2227 3434
646 194 735 229 1414
762 195 846 229 Dez.
871 198 914 230 25
938 217 978 220 —
1007 192 1092 229 Dez.
1117 196 1210 229 nach
1236 196 1289 230 25.
1776 198 1860 241 387

94 313 299 355 rusalem
319 325 487 355 novam
509 313 872 356 descendentem
893 314 950 356 de
972 315 1086 368 celo,
1106 318 1316 368 paratam
1338 328 1365 357 a
1387 315 1485 358 Deo
1507 315 1621 358 sicut
1642 329 1859 370 sponsam

93 386 303 426 ornatam
330 382 430 427 viro
456 397 553 437 suo,
581 383 765 426 Christo
793 385 968 427 scilicet
995 385 1107 439 regi,
1135 386 1207 428 cui
1235 386 1476 428 coniuncta
1503 389 1573 428 est
1600 399 1694 428 non
1721 387 1862 429 socie-

93 457 185 496 tate
220 455 398 498 carnali
433 458 503 498 set
538 454 796 497 inviolabili
834 455 998 498 federe
1034 456 1251 499 caritatis.
1300 457 1429 499 Hanc
1463 457 1693 499 civitatem
1732 470 1860 500 suam

93 525 308 568 dominus
332 525 504 568 Jhesus
528 525 699 579 optimo
723 526 885 568 ordine
912 526 1057 568 divini
1083 527 1323 580 regiminis
1348 528 1405 570 ab
1431 528 1566 570 inicio
1592 527 1860 581 disponens,

92 596 246 648 posuit
278 596 327 638 in
357 609 416 639 ea
451 596 704 639 secundum
740 597 1000 650 apostolum
1035 598 1093 640 ad
1128 598 1242 651 Eph.
1276 599 1316 640 4.
1353 598 1576 652 quosdam
1613 598 1860 652 apostOIOS,

93 666 318 720 quosdam
346 680 458 710 vero
483 671 697 721 pastores
723 672 769 711 et
795 668 1006 710 doctores
1036 669 1093 710 ad
1121 670 1571 711 consummacionem
1600 672 1861 712 sanctorum

94 738 140 780 in
168 750 285 792 opus
313 738 574 793 ministerii,
603 739 663 781 ad
690 738 1040 781 edificacionem
1070 740 1279 793 corporis
1309 739 1479 782 Christi
1508 741 1689 794 mistici‚
1717 740 1765 782 id
1793 743 1863 782 est

90 808 236 852 tocius
265 810 427 863 populi
457 809 712 852 christiani.
760 810 884 852 Inter
915 823 1030 863 quos
1060 814 1274 864 pastores
1305 811 1428 853 idem
1459 811 1673 853 dominus
1704 814 1862 854 noster

91 881 212 922 nunc
240 893 335 934 vos,
360 883 495 934 pater
521 880 806 934 beatissime,
831 881 1067 923 constituit
1095 894 1323 924 summum
1348 882 1634 936 pontificem,
1661 885 1707 924 et
1733 882 1861 924 illam

92 963 223 993 suam
255 951 567 1005 gratissimam
601 952 845 1005 civitatem,
878 952 925 994 id
957 955 1027 995 est
1062 953 1379 995 univensalem
1413 953 1672 1006 ecclesiam,
1707 956 1860 996 vestre

89 1021 488 1076 circumspectioni
520 1023 746 1066 commisit
776 1023 1028 1065 salubriter
1055 1023 1422 1077 gubernandam.
1465 1024 1609 1076 Quam
1641 1024 1727 1065 Dei
1756 1024 1862 1066 civi-

90 1096 230 1136 tatem
268 1106 372 1136 cum
411 1107 445 1136 s.
487 1107 525 1135 v.
566 1094 762 1147 provida
801 1094 1088 1137 discrecione
1129 1096 1347 1148 omnique
1389 1095 1633 1137 sollicitate
1674 1095 1861 1137 circum-

91 1165 293 1218 spiceret
319 1167 366 1207 et
394 1165 496 1208 eius
527 1168 693 1208 statum
723 1169 769 1207 et
796 1165 1117 1208 habitudinem
1149 1169 1321 1208 attente
1352 1166 1686 1219 consideraret,
1715 1166 1861 1220 potuit

90 1247 282 1288 gemens
306 1248 411 1278 cum
435 1236 664 1290 propheta
691 1236 863 1278 dicere:
906 1237 1012 1278 Vidi
1039 1236 1330 1290 iniquitatem
1356 1240 1438 1279 etc.
1478 1236 1569 1279 Sed
1596 1249 1733 1290 quam
1758 1249 1862 1278 con-

91 1306 413 1350 tradictionem
436 1307 484 1349 in
506 1307 689 1350 civitate
717 1308 830 1349 vidit
856 1307 1073 1350 sanctitas
1099 1308 1284 1350 vestra‘?
1325 1307 1460 1350 Certe
1486 1311 1611 1361 puto,
1637 1308 1760 1361 quod
1784 1321 1862 1361 po-

90 1377 266 1427 tissime
290 1377 419 1421 illam
440 1378 757 1421 execrabilem
779 1382 824 1421 et
847 1379 1152 1421 inveteratam
1173 1379 1294 1422 circa
1317 1391 1545 1421 summum
1567 1378 1861 1433 pontificium

90 1448 193 1492 fere
216 1461 404 1491 omnem
429 1449 567 1492 aliam
593 1450 854 1492 molestiam
878 1450 1076 1492 ecclesie
1104 1453 1419 1504 superantem,
1444 1462 1503 1492 eo
1528 1450 1651 1503 quod
1673 1462 1735 1492 ex
1758 1449 1861 1503 ipsa

90 1520 339 1563 multorum
387 1521 674 1564 consciencie
723 1521 984 1574 turbantur,
1032 1520 1137 1563 laici
1187 1520 1560 1563 scandalizantur
1610 1524 1654 1563 et
1703 1520 1858 1563 clerici

90 1590 350 1633 redduntur
374 1591 548 1645 infesti,
575 1591 890 1634 sacerdotales
917 1595 1061 1635 status
1087 1592 1206 1635 viles
1231 1596 1369 1634 erunt
1392 1595 1438 1635 et
1463 1591 1644 1645 abiecti,
1668 1591 1862 1633 vdevocio

90 1662 305 1705 fidelium
342 1662 511 1705 arescit
545 1666 591 1705 et
625 1664 847 1717 torpescit
880 1663 1040 1705 fervor
1076 1662 1192 1705 fidei
1229 1667 1275 1705 et
1311 1663 1508 1705 ecclesia
1546 1663 1603 1705 ab
1640 1662 1745 1717 hiis,
1781 1663 1859 1715 qui

90 1732 207 1776 foris
246 1736 365 1787 sunt,
406 1733 452 1775 id
490 1737 561 1776 est
594 1734 656 1776 ab
696 1733 985 1788 infidelibus,
1025 1734 1259 1778 irridetur.
1315 1734 1478 1776 Ymmo
1515 1736 1739 1787 quantum
1775 1733 1860 1775 hec

90 1803 391 1847 contradictio
429 1805 603 1858 populo
643 1804 728 1846 Dei
768 1805 827 1847 sit
865 1804 1136 1858 dampnosa,
1175 1808 1491 1858 quantumque
1533 1804 1860 1847 detrimentum

91 1874 334 1917 animabus
358 1878 403 1917 et
426 1875 701 1928 corporibus
726 1875 933 1918 intulerit
957 1879 1002 1918 et
1025 1875 1164 1918 hodie
1189 1875 1363 1918 inferat
1386 1879 1523 1929 atque
1547 1887 1860 1929 perseverans

90 1945 278 1988 illatura
304 1945 375 1999 sit,
401 1946 504 1999 quis
529 1945 774 1989 sufficeret
798 1947 1054 1989 enarrare‘.>
1093 1946 1171 1989 Set
1197 1950 1243 1988 et
1267 1959 1405 2000 quam
1431 1945 1721 2000 iniquitatem
1747 1945 1861 1988 vidit

91 2029 126 2058 s,
155 2029 195 2059 v.
224 2016 272 2058 in
297 2016 481 2059 civitate
510 2017 628 2059 Dei‘?
671 2016 807 2059 Certe
835 2020 960 2071 puto,
989 2017 1113 2071 quod
1141 2017 1457 2071 multiplicem.
1498 2017 1554 2060 Et
1579 2017 1731 2071 primo
1757 2028 1861 2070 pra-

90 2086 277 2129 vitatem
304 2088 615 2140 symoniacam
644 2091 689 2130 et
715 2088 843 2130 illam
868 2088 1187 2131 execrabilem
1213 2089 1512 2131 venalitatem
1540 2091 1632 2130 tam
1661 2088 1708 2130 in
1737 2087 1861 2129 iusti-

90 2157 158 2201 cia
187 2157 493 2201 ministranda
524 2171 660 2212 quam
691 2160 737 2200 in
767 2158 1010 2202 ordinibus
1039 2158 1340 2202 conferendis
1369 2171 1507 2212 quam
1537 2160 1583 2200 in
1612 2158 1860 2200 beneficiis

90 2228 418 2272 ecclesiasticis
451 2232 496 2271 et
531 2230 578 2271 in
615 2229 901 2283 quibuslibet
936 2230 1094 2272 sacris.
1142 2230 1237 2282 Que
1274 2231 1502 2272 venalitas
1539 2230 1584 2271 in
1620 2228 1860 2271 nonnullis

89 2299 287 2342 ecclesie
320 2301 532 2354 partibus
567 2301 629 2343 ita
661 2300 853 2343 inolevit
883 2304 931 2343 et
964 2302 1091 2343 velut
1124 2300 1248 2343 licita
1278 2300 1514 2354 intrepide
1548 2302 1858 2354 perpetratur.

90 2370 144 2412 Et
171 2373 341 2424 tamen,
367 2383 506 2424 quam
534 2383 750 2425 magnum
776 2374 1015 2425 peccatum
1045 2372 1102 2414 sit
1130 2374 1444 2425 quantumque
1473 2372 1645 2413 malum
1674 2370 1860 2412 inducat

91 2444 136 2483 et
158 2441 217 2484 ad
239 2453 376 2495 quam
399 2442 567 2485 multos
591 2454 640 2485 se
663 2441 912 2495 diffundat,
935 2445 1119 2495 norunt,
1143 2443 1221 2495 qui
1246 2441 1543 2484 attenderunt
1565 2441 1709 2483 verba
1731 2453 1859 2483 sanc-

91 2515 241 2554 torum
262 2516 307 2554 et
326 2525 472 2566 penas
494 2516 652 2555 contra
673 2514 757 2555 hoc
778 2526 802 2556 a
825 2513 971 2556 sacris
990 2513 1247 2555 canonibus
1265 2513 1549 2555 constitutas.
1586 2512 1641 2556 II.
1660 2513 1779 2554 circa
1796 2511 1860 2552 in-

91 2582 294 2626 debitam
318 2583 662 2637 promocionem
686 2584 745 2626 ad
770 2584 1083 2626 ecclesiastica
1108 2583 1342 2626 beneficia
1367 2586 1524 2637 utpote
1550 2582 1858 2636 indignorum,

93 2652 382 2707 inhabilium,
421 2655 542 2697 male
581 2654 902 2708 indagatorum
940 2667 1208 2708 puerorum,
1246 2654 1482 2696 hominum
1520 2653 1775 2696 carnalium
1815 2655 1858 2693 et

91 2722 353 2777 spiritualia
382 2725 569 2778 penitus
600 2724 1026 2778 ignominiosorum,
1057 2738 1142 2778 per
1173 2724 1296 2778 quod
1325 2724 1522 2766 ecclesia
1554 2724 1763 2777 repletur
1795 2723 1859 2764 in-

92 2793 283 2838 utilibus
310 2796 542 2849 personis‚
572 2795 826 2849 preripitur
857 2796 1057 2849 dignitas
1088 2796 1244 2838 debita
1275 2796 1423 2837 bonis.
1467 2795 1521 2837 Et
1547 2794 1682 2848 pauci
1715 2794 1860 2835 inten-

94 2863 206 2906 dunt
229 2865 442 2909 scienciis
463 2870 507 2908 et
531 2866 791 2918 virtutibus,
814 2867 983 2919 quibus
1006 2867 1221 2920 placeant
1248 2866 1342 2907 Deo
1365 2869 1409 2908 et
1432 2866 1612 2918 prosint
1634 2864 1858 2917 proximo,

93 2934 177 2976 sed
209 2934 454 2978 intendunt
483 2938 668 2989 questui
700 2939 746 2979 et
778 2937 1068 2979 secularibus
1100 2938 1304 2990 negociis
1337 2939 1382 2978 et
1415 2935 1658 2986 similibus,
1692 2934 1859 2987 quibus

93 3016 363 3058 comparare
396 3010 591 3059 possunt
621 3006 829 3049 favorem
861 3007 1097 3049 carnalem
1130 3007 1381 3058 hominum,
1415 3019 1440 3048 a
1472 3005 1639 3058 quibus
1669 3004 1860 3056 cupiunt

92 3075 368 3126 promoveri.
411 3076 451 3118 3.
483 3077 603 3119 circa
634 3077 837 3130 plurium
867 3077 1155 3130 prelatorum
1184 3077 1489 3129 dampnosam
1520 3073 1855 3128 negligenciam

1568 3154 1648 3195 25*
