2227 3434
543 207 581 242 B.
630 207 707 243 Der
738 208 838 243 liber
869 210 1063 252 gestorum
1098 209 1166 242 des
1199 207 1441 242 Cerretanus.
1773 209 1858 252 305

91 339 187 379 vos,
209 329 345 380 prout
367 325 539 368 iustitia
562 327 774 379 exegerit
796 329 841 368 et
864 327 977 368 tanti
1001 326 1110 368 facti
1133 326 1333 379 qualitas
1356 326 1558 379 postulat
1581 329 1627 368 et
1649 326 1857 380 requirit.

90 396 181 439 Nos
213 396 402 449 quidem
434 399 617 438 nostros
651 396 1011 439 ambassiatores
1045 397 1279 439 solemnes
1312 397 1404 439 iam
1434 400 1594 450 presto
1627 409 1738 450 erga
1771 397 1860 438 dic-

90 470 180 508 tam
208 467 612 520 congregationem
640 468 955 510 acceleramus
983 468 1041 510 ad
1069 469 1156 510 iter
1184 467 1351 510 dictam
1378 468 1609 509 civitatem
1638 467 1859 510 Constan-

89 538 150 579 tie
182 538 303 580 intra
332 538 500 580 dictum
531 538 780 579 terminum
813 538 1125 580 infallibiliter
1155 538 1447 591 attingentes.
1488 538 1640 591 Super
1668 551 1860 591 presen-

89 609 270 651 tacione
294 621 406 650 vero
429 608 694 651 huiusmodi
719 609 943 651 relacioni
968 609 1192 651 stabimus
1217 610 1481 662 portatoris,
1507 610 1584 662 qui
1611 621 1714 651 eam
1739 610 1859 650 iura-

90 680 154 722 vit
186 679 437 722 veridicam
469 679 626 721 facere
657 683 762 733 post
794 692 1075 733 regressum.
1123 680 1223 722 Dat.
1257 679 1547 722 Barchinone
1582 679 1668 723 sub
1702 683 1860 722 nostro

90 749 245 810 sigillo
266 754 447 793 secreto
468 750 611 793 tercia
633 750 708 792 die
731 750 858 793 Junii
882 763 1003 792 anno
1027 764 1052 793 a
1074 750 1313 793 nativitate
1338 751 1512 793 domini
1539 750 1858 794 MCCCCXVI.

91 820 191 863 Rex
215 820 455 864 Alfonsus.

206 891 506 935 Sacrosancte
531 892 743 947 generali
770 892 1114 935 Constantiensi
1141 892 1331 946 synodo,
1358 892 1515 935 revmis
1541 894 1588 935 in
1613 892 1719 935 Chr.
1746 906 1788 946 p.
1816 892 1858 934 d.

89 965 262 1007 nostris
286 963 695 1006 metuendissimis.
731 963 884 1005 Revmi
907 976 950 1017 p.
976 967 1021 1005 et
1045 963 1087 1006 d.
1113 964 1260 1006 nostri
1285 964 1670 1017 metuendissimi,
1693 964 1859 1005 humil-

90 1034 199 1077 lima
238 1047 339 1076 cum
380 1035 517 1077 totius
557 1034 809 1077 famulatus
848 1034 1214 1088 promptitudine
1255 1035 1715 1077 recommendacione
1754 1047 1859 1088 pre-

89 1105 248 1148 missa!
281 1105 377 1158 Que
399 1105 573 1147 dudum
593 1119 694 1147 cum
714 1106 840 1147 clare
859 1107 1082 1148 memorie
1104 1105 1146 1148 d.
1167 1118 1277 1159 rege
1298 1107 1565 1159 Aragonum
1585 1109 1633 1148 et
1651 1119 1737 1149 suo
1752 1109 1859 1147 tunc

88 1176 396 1231 primogenito
429 1189 551 1218 nunc
584 1189 694 1230 rege
728 1180 772 1218 et
807 1176 988 1219 civitate
1022 1176 1313 1218 Barchinone
1347 1181 1392 1219 et
1426 1177 1532 1220 aliis
1564 1177 1777 1230 partibus
1811 1177 1858 1218 in

88 1247 183 1290 illis
213 1247 406 1301 egimus,
436 1248 610 1290 nostris
640 1248 731 1290 iam
763 1247 963 1289 diversis
996 1247 1144 1290 literis
1175 1249 1343 1290 vestris
1375 1260 1469 1289 rev.
1501 1247 1860 1301 paternitatibus

90 1318 395 1361 indicavimus
424 1322 470 1361 et
497 1331 590 1361 non
620 1318 909 1371 ambigimus,
939 1319 1050 1372 quin
1079 1331 1173 1360 rev.
1203 1331 1246 1372 p.
1278 1318 1319 1360 d.
1349 1319 1588 1361 Johannes
1618 1318 1675 1360 de
1705 1318 1858 1371 Opizis

89 1390 207 1432 sacri
232 1390 395 1444 palatii
423 1390 664 1443 apostolici
690 1390 873 1432 auditor
899 1402 970 1442 ea,
998 1393 1043 1432 et
1069 1402 1158 1443 que
1185 1390 1286 1443 ipse
1314 1390 1459 1432 eciam
1486 1389 1610 1442 fecit,
1638 1390 1730 1432 iam
1756 1389 1860 1430 viva

88 1473 198 1503 voce
226 1460 358 1503 vobis
386 1461 682 1503 reseraverit.
724 1461 778 1502 Et
806 1461 916 1514 quia
943 1473 1002 1502 ex
1029 1464 1133 1514 post
1158 1473 1253 1502 non
1283 1460 1566 1514 scripsimus,
1594 1463 1787 1502 noscant
1814 1472 1856 1513 p.

89 1544 129 1574 v.
151 1541 311 1586 revme‚
332 1532 455 1586 quod
475 1532 551 1574 die
574 1532 683 1573 lune
703 1531 843 1574 XXX.
869 1532 1019 1573 Martii
1041 1544 1067 1574 a
1087 1532 1187 1574 loco
1209 1531 1266 1573 de
1287 1531 1563 1585 Angoulada
1582 1530 1858 1573 recedentes

89 1602 163 1645 die
201 1603 389 1646 veneris
423 1603 568 1645 tercia
602 1603 780 1656 Aprilis
818 1602 1207 1656 Cesaraugustam
1244 1603 1532 1644 intravimus.
1584 1602 1636 1644 In
1673 1614 1763 1655 qua
1801 1602 1857 1644 ab

88 1673 373 1717 officialibus
395 1673 538 1727 regiis
560 1677 605 1715 et
628 1673 824 1716 civitatis
848 1673 1128 1716 consiliariis
1151 1677 1196 1715 et
1218 1673 1413 1715 consilio
1437 1673 1656 1715 decenter
1678 1672 1857 1715 tractati

87 1743 275 1799 fuimus,
307 1745 386 1798 qui
417 1747 522 1798 post
553 1743 854 1797 credentiam,
887 1756 1023 1797 quam
1056 1745 1105 1786 in
1137 1744 1257 1786 facto
1290 1743 1475 1786 unionis
1508 1746 1665 1786 sancte
1698 1744 1858 1785 matris

88 1815 285 1858 ecclesie
310 1815 489 1858 eisdem
515 1827 574 1857 ex
598 1818 730 1869 parte
756 1815 1015 1869 imperialis
1041 1815 1256 1857 culminis
1282 1818 1329 1857 et
1354 1814 1458 1867 alia,
1486 1827 1576 1868 que
1601 1814 1734 1857 vobis
1759 1813 1858 1856 visa

88 1885 238 1940 fuere,
272 1885 473 1928 diximus
508 1886 624 1940 ipsis
659 1889 703 1928 et
738 1886 1073 1928 exhibitionem
1108 1886 1236 1928 bulle
1273 1889 1426 1928 vestre
1462 1885 1635 1928 civitati
1670 1884 1862 1937 directe,

89 1968 227 2010 quam
247 1956 496 1999 honorifici
517 1960 811 2011 receperunt,
832 1957 968 1999 nobis
989 1956 1337 2010 responderunt
1358 1969 1407 1999 se
1430 1956 1478 1998 in
1500 1955 1715 1998 omnibus
1736 1956 1858 1997 viam

89 2026 131 2070 d.
151 2027 276 2082 regis
295 2031 586 2082 sequuturos.
611 2028 666 2070 Et
687 2029 734 2070 in
752 2029 1006 2070 crastinum
1027 2041 1054 2070 a
1073 2027 1415 2082 Cesaraugusta
1435 2027 1701 2069 recedendo
1722 2026 1859 2068 dietis

88 2099 366 2142 continuatis
402 2099 461 2142 ad
495 2100 645 2141 locum
680 2098 830 2142 Olieto
866 2098 1241 2152 Pampilonensis
1271 2097 1488 2151 diocesis,
1524 2097 1571 2139 in
1608 2110 1698 2150 quo
1734 2109 1857 2138 sere-

88 2169 310 2212 nissimus
348 2170 390 2212 d.
429 2182 514 2212 rex
553 2170 758 2212 Navarre
797 2173 845 2212 ut
882 2169 1133 2223 plurimum
1174 2182 1350 2212 moram
1389 2168 1542 2221 trahit,
1582 2168 1657 2210 die
1696 2169 1858 2210 martis

89 2240 193 2283 V11.
225 2240 404 2294 Aprilis
438 2241 752 2294 pervenimus.
801 2241 856 2283 Et
889 2253 991 2282 cum
1026 2240 1149 2282 idem
1185 2240 1226 2282 d.
1262 2253 1348 2281 rex
1383 2239 1557 2282 ibidem
1591 2251 1684 2281 non
1718 2242 1857 2290 esset,

88 2310 210 2366 quia,
231 2315 280 2354 ut
300 2311 372 2354 sui
392 2311 529 2354 nobis
549 2311 782 2364 dixerunt,
799 2311 966 2353 melius
982 2314 1083 2353 erat
1098 2312 1250 2364 ipsum
1266 2310 1438 2352 ibidem
1454 2313 1704 2363 expectare
1721 2321 1856 2362 quam

89 2381 278 2424 aliunde
308 2394 429 2435 eum,
459 2382 536 2436 qui
566 2382 671 2424 hinc
702 2382 811 2424 inde
843 2381 1144 2435 spatiabatur,
1175 2393 1390 2434 querere,
1421 2393 1521 2423 cum
1551 2393 1637 2434 per
1666 2379 1857 2422 eosdem

60 2455 65 2459 ‘
89 2463 197 2494 suos
223 2455 383 2495 noster
410 2452 501 2495 iam
530 2453 756 2495 adventus
786 2453 1022 2495 intimatus
1051 2452 1204 2494 eidem
1234 2451 1414 2505 fuisset,
1443 2452 1594 2505 ipsum
1624 2463 1770 2504 usque
1800 2450 1857 2492 ad

90 2521 213 2565 diem
253 2524 369 2566 iovis
407 2526 681 2577 sequentem
719 2524 1082 2576 expectavimus,
1122 2535 1212 2576 qua
1252 2526 1357 2564 ante
1395 2522 1643 2575 prandium
1684 2521 1856 2563 ibidem

91 2592 228 2636 venit.
265 2593 349 2636 Cui
374 2593 420 2635 in
446 2594 548 2637 eius
573 2594 789 2647 ingressu
813 2594 859 2635 in
884 2594 1059 2646 campis
1085 2593 1267 2635 obviam
1293 2595 1520 2635 exeuntes
1545 2591 1856 2634 reverentiam

90 2663 375 2707 intendimus
401 2664 605 2706 debitam
634 2668 679 2706 et
706 2663 1009 2718 ipse.ibidem
1036 2667 1083 2706 et
1110 2667 1271 2717 postea
1301 2663 1347 2704 in
1377 2664 1478 2705 eius
1506 2663 1680 2716 palatio
1710 2662 1855 2715 regali

90 2733 282 2776 multum
311 2734 570 2777 honorifice
601 2747 686 2777 nos
717 2734 972 2777 recollexit.
1017 2735 1070 2777 Et
1100 2734 1265 2776 eadem
1295 2734 1370 2776 die
1401 2736 1505 2787 post
1533 2732 1856 2775 dormitionem

90 2815 175 2847 nos
203 2803 405 2858 benigne
437 2804 610 2847 audivit
640 2808 686 2847 et
716 2805 762 2846 in
792 2806 1044 2847 crastinum
1078 2817 1220 2858 super
1250 2803 1553 2857 petitionibus
1583 2803 1755 2845 nostris
1787 2814 1857 2843 re-

92 2874 289 2927 spondit.
329 2875 384 2918 Et
409 2875 574 2928 primo,
601 2875 724 2928 quod
753 2876 932 2918 litteras
961 2875 1320 2927 convocatorias,
1349 2886 1464 2927 quas
1494 2874 1583 2916 iam
1612 2885 1704 2915 non
1733 2884 1857 2914 rece-

92 2948 238 2998 perat,
272 2957 361 2999 per
394 2946 497 2988 eius
536 2958 729 2999 regnum
764 2949 811 2988 et
848 2945 1052 2988 dominia
1088 2945 1350 2988 executioni
1389 2944 1545 2986 debite
1583 2942 1856 2985 demandari

93 3013 269 3058 faceret
291 3019 337 3058 et
360 3016 722 3060 ambassiatores
748 3029 856 3059 suos
882 3016 1118 3059 solemnes
1142 3019 1188 3057 et
1212 3016 1282 3058 sui
1309 3015 1439 3068 regni
1466 3017 1674 3067 tempore
1701 3012 1857 3054 debito

94 3084 153 3127 ad
173 3085 416 3129 concilium
439 3086 787 3139 transmitteret,
811 3086 1307 3138 confirmationemque
1332 3083 1638 3138 capitulorum
1662 3095 1748 3136 per
1771 3095 1857 3124 nos

160 3175 301 3211 Finke‚
320 3177 402 3205 Aeta
423 3177 554 3205 concilii
579 3176 855 3205 Constaneiensis.
875 3176 913 3203 11.
1590 3165 1646 3206 ΞΟ
