2102 3444
275 150 361 192 304
812 149 836 182 1.
864 148 1073 183 Abschnitt.
1113 147 1513 193 Konzilstagebticher.

278 279 354 309 ras
383 267 439 308 de
470 267 689 320 Castella,
719 267 855 320 quod,
884 280 985 309 curn
1016 267 1379 310 ambassiatores
1407 268 1471 309 ibi
1499 272 1649 320 erunt,
1680 268 1939 311 subtraccio
1966 267 2051 310 fiet

278 343 322 380 et
366 339 728 381 ambassiatores
773 338 1088 380 Constantiam
1135 339 1336 380 venient.
1392 339 1570 381 Valete.
1630 340 1716 381 Dat
1757 339 2049 382 Barchinone

276 409 350 451 die
380 409 457 451 VI.
488 409 630 452 Junii‚

393 480 617 522 Alt'onsus
639 480 723 521 Dei
742 480 898 533 gracia
918 492 1001 521 rex
1024 480 1305 534 Aragonum,
1325 480 1495 534 Sicilie,
1516 481 1739 523 Valencie
1762 514 1770 522 .
1806 514 1814 522 .
1850 514 1859 523 .
1881 493 1976 523 rev.
1997 493 2048 523 ac

275 545 702 593 honorabilibus'in
729 550 834 593 Chr.
861 564 904 604 p.
930 551 1164 604 religiosis
1191 555 1235 593 et
1261 551 1442 593 dilectis
1469 553 1642 594 nostris
1668 551 2047 605 archiepiscopis,

276 622 470 675 prelatis
509 621 789 664 Castellanis
825 622 1141 675 generalibus,
1179 622 1545 675 provincialibus
1582 626 1626 664 et
1665 623 1892 665 ministris
1928 622 2049 665 ordi-

274 705 382 734 num
418 696 462 734 et
495 692 774 745 religionum
809 705 1190 746 quarumcunque
1226 706 1277 736 ac
1309 695 1448 736 etiam
1482 693 1720 746 prioribus
1752 696 1798 735 et
1832 693 2047 748 capitulis

276 764 579 805 ecclesiarum
623 766 716 805 tam
759 764 1109 817 collegiatarum
1155 777 1291 817 quam
1336 765 1673 806 cathedralium
1717 764 2046 818 universisque

274 838 318 875 et
340 834 535 887 singulis
558 835 912 888 preceptoribus
936 835 1169 889 religiosis
1192 839 1236 877 et
1258 836 1586 878 ecclesiasticis
1609 834 1826 888 personis
1847 847 1932 876 nec
1955 847 2047 877 non

275 906 512 948 nobilibus
533 909 579 948 et
599 906 802 959 egregiis
825 906 1033 958 ducibus,
1057 907 1418 959 marchionibus,
1442 906 1685 948 comitibus
1707 909 1754 948 et
1774 905 2048 948 vicecomiti-

275 977 373 1029 bus,
403 976 461 1018 ad
491 989 606 1030 quos
638 981 815 1030 spectat
844 981 902 1030 et,
933 978 1010 1030 qui
1041 978 1158 1020 alias
1188 981 1531 1020 consueverunt
1562 977 1618 1020 ad
1649 978 1872 1031 generale
1902 977 2047 1019 conci-

275 1048 385 1089 lium
409 1048 606 1101 evocari,
632 1049 829 1090 salutem
854 1053 899 1091 et
921 1049 979 1090 ad
1002 1049 1221 1090 unionem
1247 1053 1403 1091 sancte
1429 1048 1588 1091 matris
1613 1049 1810 1091 ecclesie
1835 1048 2047 1091 devotius

272 1119 501 1172 aspirare!
553 1119 648 1161 Iam
681 1120 828 1162 nostis
863 1133 921 1161 ex
954 1120 1105 1162 literis
1138 1121 1384 1162 vocatoriis
1418 1120 1790 1173 congregationis
1825 1119 2047 1162 Constan-

271 1190 435 1233 tiensis
469 1194 515 1232 et
547 1190 686 1232 etiam
719 1191 905 1244 nostris,
941 1204 1056 1243 quas
1088 1191 1220 1233 vobis
1254 1192 1468 1234 novimus
1502 1194 1811 1244 presentatas,
1846 1190 2046 1244 qualiter

272 1261 402 1304 vobis
429 1261 657 1304 terminus
684 1261 842 1304 brevis
871 1263 1011 1304 instat
1039 1263 1097 1304 ad
1125 1262 1502 1304 interessendum
1532 1263 1577 1304 in
1607 1262 1727 1305 dicta
1755 1262 2046 1316 congregaci—

271 1346 358 1374 one
387 1345 472 1386 pro
500 1334 653 1376 causis
680 1333 727 1374 in
752 1332 933 1375 eisdem
962 1333 1129 1375 litteris
1158 1334 1448 1386 expressatis
1475 1333 1603 1376 iuxta
1631 1333 1832 1387 capitula
1858 1333 2045 1375 firmata

273 1405 392 1446 inter
418 1416 554 1457 reges
579 1406 625 1446 et
648 1405 888 1457 principes
914 1405 1060 1458 partis
1087 1404 1128 1446 d.
1155 1404 1394 1447 Benedicti
1420 1417 1480 1446 ex
1505 1417 1598 1447 una
1621 1407 1667 1446 et
1693 1403 2045 1446 serenissimum

271 1487 428 1529 regem
455 1475 767 1518 Romanorum
796 1479 842 1517 et
869 1474 1013 1518 dictos
1041 1478 1344 1529 congregatos
1371 1488 1431 1517 ex
1458 1476 1606 1518 altera
1633 1475 1844 1529 partibus
1871 1475 1974 1529 ipso
2001 1475 2043 1517 d.

270 1546 520 1589 Benedicto
545 1547 706 1600 sepius
730 1546 956 1599 requisito
980 1547 1170 1588 nolente
1196 1549 1241 1588 et
1267 1546 1522 1588 differente
1548 1547 1828 1588 renunciare
1853 1547 2044 1600 papatui

271 1630 355 1670 pro
387 1617 559 1659 unione
594 1617 641 1659 in
676 1618 874 1660 ecclesia
910 1617 996 1659 Dei
1030 1617 1261 1671 habenda,
1294 1621 1343 1659 ut
1376 1617 1433 1659 de
1470 1618 1571 1659 iure
1604 1617 1853 1660 tenebatur
1886 1617 2045 1659 divino

270 1689 447 1741 pariter
478 1692 524 1731 et
555 1688 770 1731 humano.
816 1688 1024 1742 Cumque
1057 1689 1431 1731 intellexerimus
1462 1688 1658 1742 noviter,
1690 1687 1815 1742 quod
1845 1687 1969 1731 idem
2001 1688 2042 1730 d.

270 1759 549 1801 Benedictus
584 1759 715 1802 vobis
752 1759 848 1802 suis
885 1760 1035 1802 literis
1071 1759 1269 1814 scripsit,
1306 1760 1429 1813 quod
1465 1760 1613 1802 mittet
1647 1772 1756 1802 suos
1791 1759 2044 1802 ambassia-

269 1833 395 1873 tores
421 1830 744 1873 Constanciam
770 1843 862 1873 una
887 1843 988 1872 cum
1012 1831 1200 1884 nostris,
1226 1830 1264 1873 si
1290 1830 1589 1873 restituamus
1615 1830 1704 1873 sibi
1730 1829 2042 1873 obedientiam

269 1901 669 1955 mandaveritque,
695 1914 754 1943 ne
782 1901 840 1944 ad
868 1902 1035 1944 dictam
1063 1903 1490 1955 congregacionem,
1517 1905 1566 1944 ut
1591 1902 1704 1944 estis
1730 1901 1891 1955 vocati,
1919 1913 2043 1944 acce—

270 1971 383 2014 dere
409 1973 762 2026 temptaveritis,
788 1973 953 2015 harum
981 1973 1104 2016 serie
1130 1972 1410 2027 intimamus,
1438 1973 1561 2026 quod
1586 1984 1824 2026 nunquam
1851 1972 1911 2015 ad
1935 1971 2042 2014 dicti

269 2042 542 2085 obediencie
586 2043 925 2086 restitutionem
968 2044 1176 2086 fiendam
1220 2043 1396 2097 aliquid
1438 2044 1756 2097 cogitabimus,
1799 2043 1908 2085 dum
1947 2055 2042 2085 non

269 2126 514 2167 possemus
550 2126 636 2155 nec
674 2114 900 2157 debemus
939 2116 1040 2156 sine
1080 2115 1164 2157 Dei
1202 2114 1389 2157 offensa
1427 2118 1473 2156 et
1510 2114 1629 2157 dicte
1665 2114 1853 2157 unionis
1888 2114 2043 2156 turba-

269 2185 400 2226 cione
424 2197 516 2227 non
539 2185 718 2227 modica
741 2185 898 2227 facere
922 2186 995 2227 vel
1019 2186 1212 2228 offerre.
1248 2186 1394 2228 Vobis
1416 2186 1523 2228 ideo
1546 2185 1741 2227 dicimus
1763 2197 1939 2238 vosque
1961 2184 2042 2227 ite-

269 2259 368 2298 rato
389 2268 475 2309 per
498 2256 679 2298 viscera
701 2256 1021 2298 misericordie
1045 2257 1193 2298 Jhefsu
1217 2256 1388 2299 Christi
1412 2256 1697 2309 requirimus
1720 2259 1766 2298 et
1788 2256 2040 2308 hortamur,

269 2326 486 2379 quatinus
509 2339 603 2368 non
625 2327 918 2370 obstantibus
941 2327 1072 2370 dictis
1097 2327 1265 2370 litteris
1289 2328 1330 2370 d.
1355 2327 1607 2380 Benedicti,
1632 2327 1802 2381 quibus
1824 2326 1977 2380 etiam,
2001 2327 2040 2368 si

268 2397 357 2439 sibi
384 2397 669 2450 obediretur,
696 2397 803 2450 quia
830 2398 1099 2439 turbaretur
1125 2399 1396 2451 prosecucio
1421 2398 1609 2440 unionis
1633 2397 1847 2451 ecclesie,
1874 2409 2040 2451 paren-

269 2468 377 2509 dum
409 2481 501 2510 non
535 2471 660 2511 esset
693 2471 738 2510 et
771 2469 923 2511 minus
957 2472 1081 2511 esset
1116 2472 1264 2511 stante
1299 2469 1417 2511 dicta
1451 2468 1744 2511 ordinatione
1778 2468 1836 2510 de
1869 2469 1915 2510 ei
1947 2479 2039 2510 non

267 2538 531 2581 obe-diendo
556 2539 674 2582 iuste
698 2542 747 2581 et
771 2552 857 2592 pro
882 2539 1004 2582 bono
1030 2540 1148 2581 dicte
1174 2540 1361 2582 unionis
1386 2540 1508 2582 facta
1534 2539 1610 2581 die
1636 2539 1682 2581 in
1709 2539 1842 2582 dictis
1865 2539 2039 2581 nostris

268 2610 417 2652 literis
442 2611 532 2652 iam
555 2609 757 2663 prefixa,
783 2610 1001 2652 videlicet
1025 2614 1189 2663 quarta
1214 2610 1288 2652 die
1313 2610 1426 2652 Julii
1450 2610 1662 2663 proxime
1687 2608 1969 2652 instantibus
1991 2609 2038 2651 in

268 2680 386 2723 dicta
407 2681 590 2723 civitate
614 2680 889 2724 Constancie
911 2680 1149 2734 provincie
1176 2680 1441 2734 Maguntine
1463 2680 1688 2724 intersitis
1709 2680 1968 2723 rationibus
1991 2679 2038 2721 in

267 2762 380 2804 sepe
411 2751 543 2794 dictis
572 2751 721 2793 literis
751 2752 1003 2794 ennaratis.
1047 2752 1178 2793 Alias
1208 2755 1333 2794 certo
1362 2751 1494 2794 vobis
1522 2751 1700 2795 cercius
1730 2752 1802 2804 sit,
1832 2750 1969 2804 quod,
1999 2750 2037 2792 si

266 2822 352 2864 hec
370 2822 463 2876 *ipsi
487 2822 715 2865 duxeritis
737 2822 783 2864 in
807 2826 1132 2876 contemptum,
1158 2823 1205 2864 in
1227 2826 1389 2876 aperto
1411 2823 1638 2865 constabit
1660 2825 1819 2864 contra
1839 2821 2037 2864 formam

268 2891 386 2935 dicte
419 2893 732 2936 ordinacionis
766 2893 822 2935 de
856 2905 948 2935 non
982 2892 1247 2935 obediendo
1279 2893 1399 2935 dicto
1431 2893 1471 2937 d.
1506 2893 1759 2935 Benedicto
1790 2905 1873 2936 vos
1904 2891 2038 2934 dictis

265 2962 365 3004 eius
389 2963 539 3007 literis
563 2964 756 3007 obedire
779 2977 865 3017 pro
887 2964 1023 3017 penis
1044 2963 1091 3005 in
1107 2963 1271 3005 eadem
1288 2964 1515 3017 oppositis
1531 2963 1632 3006 sine
1648 2962 1863 3005 mercede
1879 2962 2036 3016 aliqua

265 3034 573 3086 procedemus
598 3035 645 3076 in
672 3034 791 3077 dicta
816 3035 1173 3088 congregatione
1200 3037 1244 3076 et
1269 3033 1386 3077 alias
1411 3033 1549 3076 etiam
1573 3033 1852 3088 procedetur
1876 3035 2034 3076 contra
