2227 3434
0 523 26 772 *suff-vnvm:-

2 888 22 906 ¹.)
14 872 33 877 Δ,

614 192 652 227 B.
698 191 945 226 Avisamente
978 192 1048 225 der
1079 189 1396 224 Reformatorien.
1804 189 1889 231 643

120 315 364 366 postquam
397 311 647 364 dignitates
680 314 756 353 aut
789 309 1030 363 prebende
1060 308 1293 362 ⁴premisse
1327 307 1594 350 vacaverint
1627 307 1701 348 vel
1735 306 1890 359 aliqua

120 395 297 435 earum,
334 381 491 424 taliter
527 384 575 423 ut
613 381 896 433 premittitur
933 379 1146 433 graduati
1186 379 1260 420 vel
1299 378 1552 432 graduatus
1592 377 1767 430 reperti
1805 389 1891 419 seu

121 456 337 506 repertus
363 452 507 495 fuerit
534 464 617 494 seu
643 451 833 503 fuerint,
848 450 926 503 qui
942 451 1176 492 voluerint
1189 453 1234 492 et
1249 448 1469 491 canonice
1484 449 1721 501 potuerint
1735 459 1891 500 accep-

121 527 221 567 tare
244 523 386 566 salvis
409 535 595 575 semper
618 521 798 564 statutis
816 521 1186 563 'racionabilibus
1208 519 1567 562 fundacionibus
1588 518 1891 560 ecclesiarum

122 597 168 636 et
193 593 375 636 iuribus
400 593 728 646 patronatus.³)

322 735 362 778 8.
394 735 463 778 De
494 733 747 777 collacione
777 733 1115 775 beneficiorum
1147 737 1192 775 et
1222 732 1685 786 reservacionibus.¹)

240 830 307 872 De
342 829 589 876 beneficiis
624 828 894 870 vacantibus
929 828 1195 869 conclusum
1231 830 1301 869 est
1334 839 1420 880 per
1455 827 1678 868 maiorem
1713 828 1892 879 partem

129 899 344 956 [quod]'')
376 913 499 954 papa
526 903 571 942 et
600 899 824 941 ordinarii
856 897 1099 940 conferant
1129 898 1291 940 alteris
1320 898 1497 939 vicibus
1527 897 1743 938 videlicet
1771 908 1892 949 papa

122 971 418 1014 medietatem
455 974 501 1013 et
537 969 762 1012 ordinarii
803 968 1097 1011 medietatem
1135 972 1182 1010 et
1219 968 1343 1021 quod
1381 971 1502 1010 stent
1540 968 1893 1009 reservaciones

123 1043 238 1084 iuris
265 1041 437 1095 scripti.
476 1041 531 1083 Et
555 1041 640 1082 hec
666 1040 820 1083 omnia
846 1052 947 1081 cum
976 1039 1407 1081 modificacionibus
1433 1039 1542 1080 olIm
1570 1051 1655 1091 per
1683 1038 1893 1080 dominos

122 1112 387 1157 cardinales
413 1113 461 1154 in
487 1112 639 1165 primo
665 1110 991 1153 reformatorio
1017 1110 1186 1152 oblatis
1213 1122 1355 1163 super
1381 1109 1549 1162 graciis
1575 1108 1893 1162 expectativis,

123 1196 214 1237 que
237 1186 474 1237 ponuntur
499 1182 624 1225 infra
649 1182 729 1224 fol.
757 1181 852 1235 232)
883 1181 945 1223 ibi
974 1181 1030 1223 de
1056 1180 1224 1234 graciis
1251 1179 1554 1233 expectatIvis
1581 1192 1729 1233 usque
1756 1179 1818 1221 ibi
1847 1180 1893 1220 in

123 1253 368 1297 beneficiis
394 1253 649 1296 exclusive.

239 1444 280 1487 9.
316 1444 385 1487 De
420 1443 625 1496 pessima
661 1441 1000 1485 consuetudine
1037 1438 1373 1483 cathedralium
1410 1443 1455 1482 et
1490 1438 1775 1492 regularium

180 1514 500 1568 ecclesiarum,
528 1514 649 1566 quod
678 1513 725 1556 in
752 1513 822 1555 eis
852 1525 941 1555 non
968 1511 1271 1554 admittantur
1299 1510 1389 1552 nisi
1417 1510 1475 1552 de
1505 1508 1728 1552 nobilium
1757 1512 1835 1551 aut

611 1583 881 1626 militarium
910 1593 1085 1635 genere
1115 1581 1402 1634 procreati.³)

239 1679 355 1731 Quia
383 1679 431 1720 in
459 1678 644 1721 ecclesii
672 1677 949 1730 quibusdam
979 1710 988 1718 .
1024 1710 1032 1718 .
1068 1709 1076 1718 .
1107 1678 1396 1728 reputentur.

242 1821 309 1864 10.
350 1820 678 1864 Sanctissimus
706 1822 866 1861 noster
895 1818 1110 1860 dominus
1141 1829 1263 1870 papa
1298 1816 1520 1858 Martinus
1550 1816 1589 1858 V
1620 1828 1763 1869 super
1791 1828 1894 1869 pro-

122 1892 382 1936 visionibus
410 1925 419 1934 .
454 1925 463 1934 .
498 1891 549 1946 f)

241 2046 310 2089 11.
355 2046 447 2089 Pro
489 2043 832 2087 sustentacione
879 2043 1046 2085 summi
1090 2041 1327 2095 pontificis
1372 2044 1417 2083 et
1462 2040 1659 2082 fratrum
1706 2051 1894 2082 suorum

124 2117 431 2160 cardinalium
458 2149 468 2158 .
502 2149 511 2158 .
546 2116 597 2170 .⁵)

763 2209 786 2233 *
1232 2205 1256 2230 *

1000 2254 1023 2278 *

230 2366 261 2394 a)
289 2362 364 2389 c'ml.
380 2361 402 2388 S
416 2369 467 2387 um
484 2361 599 2387 Ranae
620 2367 684 2386 non
704 2359 816 2394 placet
835 2358 966 2385 nacioni
988 2358 1044 2385 sed
1061 2358 1128 2385 stat
1143 2364 1215 2383 cum
1231 2364 1256 2383 c.
1272 2363 1344 2382 cum
1368 2355 1400 2382 in
1422 2355 1550 2382 cunctis
1570 2357 1603 2382 et
1624 2354 1711 2388 quod
1735 2354 1793 2382 ssat
1815 2354 1895 2381 dicti

125 2409 263 2445 capituli
296 2408 470 2440 exeeuci03
509 2409 670 2434 (minanter
688 2406 856 2433 nochmuls
890 2413 952 2433 non
984 2405 1092 2439 placet
1124 2405 1239 2431 textus
1269 2404 1326 2431 sed
1348 2404 1438 2430 stant
1464 2403 1496 2429 in
1517 2410 1543 2435 c,
1564 2409 1637 2428 cum
1662 2401 1693 2428 in
1715 2401 1843 2428 cunctis
1863 2403 1896 2428 et

125 2457 201 2485 aliia
220 2456 369 2491 antiquis
389 2455 518 2482 iuribus
546 2457 579 2481 et
608 2453 729 2481 ceteris
750 2453 888 2488 paribus
909 2453 1027 2480 doctor
1048 2452 1246 2486 preferatur.
1286 2450 1366 2477 ltein
1388 2450 1474 2484 quod
1496 2450 1527 2476 in
1549 2449 1703 2476 ecclesiis
1724 2448 1894 2476 cathedra-

125 2504 215 2532 libus
245 2505 341 2530 sexta
369 2510 448 2538 pars
479 2502 720 2537 prebendarum
756 2503 823 2528 ste-t
850 2508 909 2535 pro
937 2499 1132 2526 «lectoribus
1153 2506 1191 2526 ac
1212 2498 1397 2525 licenciatis
1419 2499 1451 2523 et
1473 2496 1670 2524 baccalariis
1692 2495 1843 2522 formatis
1864 2497 1897 2522 et

125 2551 186 2578 hoc
207 2551 234 2578 si
256 2550 341 2578 infra
362 2557 514 2577 mensem.
555 2550 594 2581 Ι),
620 2549 661 2575 W
677 2548 760 2582 solut
784 2548 876 2579 Nota,
899 2547 986 2581 qnod
1008 2546 1110 2581 aliqui
1136 2546 1196 2579 (W
1215 2545 1351 2577 domini)
1375 2544 1533 2571 volebant
1560 2544 1659 2570 inseri
1682 2543 1743 2575 (W
1761 2543 1894 2570 addere)

125 2598 282 2634 postillae
302 2597 543 2632 infra-scriptas.
576 2596 636 2623 Sed
658 2596 763 2623 iunior
783 2603 859 2630 pars
881 2594 1050 2621 residebat
1071 2594 1102 2620 in
1124 2594 1228 2619 textu.
1267 2591 1417 2619 l’ostille:
1438 2591 1530 2624 Quod
1553 2591 1579 2616 si
1601 2590 1712 2617 forsan
1734 2589 1897 2616 eccclesia

125 2645 256 2674 notoria
275 2645 405 2672 utilitas
424 2646 457 2671 et
477 2644 647 2678 sanguinis
668 2643 821 2678 preclara
840 2641 1049 2675 generositas
1070 2640 1247 2672 suaserint,
1271 2639 1401 2674 possint
1422 2646 1545 2672 regunt,
1560 2638 1690 2670 ducum,
1703 2644 1896 2669 magnorum

125 2693 351 2721 marchionum
372 2694 429 2719 aut
449 2693 681 2726 prepotentuin
703 2690 859 2717 connitum
881 2689 921 2716 aa]
943 2687 1154 2723 episcopales
1176 2687 1226 2714 vel
1252 2694 1353 2721 supra
1373 2688 1429 2712 :tut
1456 2685 1550 2718 infra,
1582 2685 1705 2718 aliique
1737 2684 1894 2711 baronum

127 2739 185 2767 mii
205 2747 264 2766 seu
285 2738 447 2766 militares
467 2746 506 2765 ex
528 2739 669 2772 utroque
699 2738 836 2772 parente
866 2736 905 2763 aul
936 2736 1020 2762 alius
1049 2735 1217 2770 predictas
1244 2734 1426 2765 dignitates
1448 2733 1551 2760 eciam
1573 2732 1642 2758 sine
1663 2730 1822 2765 gradibus
1843 2738 1896 2757 su·

126 2786 295 2821 praeiens,
314 2786 391 2814 dum
412 2788 521 2813 tamen
541 2785 625 2812 alias
647 2784 866 2819 competentis
887 2783 1061 2810 literature
1084 2782 1216 2813 suerint,
1237 2780 1433 2816 promoveri.
1527 2780 1558 2806 ln
1582 2779 1676 2806 Lech.

244 2847 278 2890 ¹)
304 2847 385 2881 Nur
410 2845 500 2881 Cod.
530 2846 569 2879 W
592 2845 619 2889 Ῐ.
643 2846 694 2880 2²².

243 2906 276 2948 2)
306 2904 503 2939 Fol.-Zilat
530 2903 685 2946 richeim
713 2903 785 2945 vyl.
815 2902 923 2937 oben.

252 2963 284 3006 3)
311 2963 402 2998 Cod.
426 2962 450 2997 S
472 2962 499 3006 Ῑ.
523 2964 598 3003 810,
622 2961 674 3003 D‚·
702 2962 805 3003 qedr.
830 2960 950 2994 Hardt
976 2959 1005 3001 Ι,
1030 2958 1202 2993 637—40.

245 3021 278 3064 ⁴)
305 3021 386 3055 Aus
411 3021 481 3054 der
503 3018 750 3063 Reformakte
775 3018 937 3052 Martius
972 3017 1026 3060 l'.;
1052 3016 1201 3050 Hit'bler
1227 3015 1387 3051 130—36

247 3079 280 3122 ⁵)
304 3078 387 3113 Aus
410 3079 481 3114 der
502 3076 750 3121 Reformakte
775 3075 937 3110 Martius
971 3075 1026 3118 ls'.,·
1051 3074 1201 3108 Hiibler
1227 3074 1294 3109 137
1317 3073 1343 3116 Ῐ.

1603 3129 1683 3170 41*
