2227 3434
524 186 568 220 A.
609 185 807 221 Fillastres
835 186 951 220 Gesta
978 186 1128 221 concilii
1155 185 1470 221 Constantiensis.
1826 188 1879 230 21

233 305 359 347 Licet
386 307 540 347 autem
567 305 718 357 prima
747 304 919 346 domini
949 305 1096 346 nostri
1123 304 1288 346 cedula
1316 305 1590 348 nacionibus
1617 318 1710 347 non
1738 305 1882 348 suffe-

115 375 267 428 cisset,
305 388 457 428 ymmo
496 375 809 428 suspicionem
848 379 1136 428 generasset,
1174 375 1262 417 ista
1301 372 1462 417 ultima
1502 377 1654 418 minus
1695 376 1883 419 suffecit

114 447 315 500 plusque
343 447 586 499 generavit
615 446 892 499 suspicionis
921 458 1058 499 quam
1087 446 1251 499 prima.

233 529 447 583 Prim0³)‚
470 529 579 582 quia
600 541 694 570 non
715 528 860 570 offert
880 528 970 570 nisi
994 529 1100 570 aliis
1123 528 1410 570 cedentibus.
1445 528 1671 581 Secundo,
1692 532 1884 582 propter

115 600 260 642 verba
287 599 528 652 irritativa,
558 599 666 652 quia
696 600 776 641 alii
805 602 1026 641 vocantur
1054 599 1380 652 condempnati
1412 599 1469 641 de
1499 599 1670 641 heresi.
1714 600 1884 651 Tertio,

114 674 307 724 propter
331 670 518 713 termini
544 670 896 723 appositionem.
935 671 1121 723 Quarto,
1147 673 1339 723 propter
1366 683 1669 723 processuum
1697 671 1885 712 innova-

115 743 289 785 tionem
328 745 374 784 et
412 742 802 795 aggravationem.
853 741 1034 794 Quinto,
1073 744 1266 794 propter
1306 741 1578 784 assistencie
1619 744 1664 783 et
1702 741 1884 783 concilii

117 813 478 867 stipulationem.

233 885 342 926 Post
360 885 445 926 hec
462 884 683 926 naciones
703 883 816 925 visis
835 883 1079 936 premissis
1098 883 1276 925 cedulis
1296 886 1655 936 composuerunt
1674 883 1887 925 cedulam

119 958 406 1009 sequentem,
443 967 533 1008 que
570 954 657 997 fuit
694 955 951 1008 approbata
985 967 1071 1008 per
1106 958 1202 996 tres
1238 955 1460 996 naciones
1497 957 1542 996 et
1579 954 1765 996 demum
1801 967 1886 1007 per

117 1039 276 1081 regem
306 1026 618 1068 Romanorum
650 1026 830 1079 private
863 1026 1018 1068 oblata
1050 1038 1186 1079 pape.
1232 1025 1382 1078 Super
1415 1038 1505 1078 qua
1538 1025 1682 1067 multa
1713 1025 1887 1067 habent

117 1097 324 1141 consilia.
366 1098 421 1140 Et
449 1097 637 1139 tandem
668 1097 831 1139 ductus
860 1100 930 1139 est
958 1096 1237 1150 quibusdam
1267 1096 1434 1138 mediis
1465 1096 1524 1138 ad
1551 1097 1650 1149 hoc,
1680 1099 1728 1138 ut
1757 1096 1886 1138 illam

117 1170 269 1224 prima
292 1169 449 1211 Marc-ii
469 1169 656 1222 publice
677 1181 832 1210 coram
852 1180 962 1221 rege
985 1171 1031 1210 et
1050 1167 1245 1209 concilio
1263 1167 1545 1209 concesserit
1565 1170 1610 1209 et
1629 1167 1677 1208 in
1695 1167 1887 1220 propria

117 1253 321 1294 persona
345 1239 513 1293 legerit
537 1243 582 1282 et
607 1239 868 1281 decreverit
894 1239 1072 1281 litteras
1098 1238 1207 1280 fieri
1233 1242 1279 1280 et
1304 1238 1379 1280 die
1407 1238 1621 1291 sequenti
1646 1238 1768 1280 facta
1793 1250 1888 1281 ses-

119 1313 251 1355 sione
291 1311 475 1354 solenni
514 1323 617 1352 cum
656 1311 798 1353 missa
839 1307 1138 1363 solenniterb)
1180 1309 1446 1363 publicavit.
1498 1310 1563 1351 Te
1604 1309 1752 1351 Deum
1792 1310 1888 1351 lau-

119 1382 300 1426 damus!
339 1382 493 1425 Tenor
516 1382 681 1424 cedule
704 1382 812 1424 talis
835 1384 922 1423 est:

235 1465 332 1519 Ego
357 1465 598 1508 Johannes
623 1477 746 1518 papa
771 1464 944 1505 XXIII.
971 1466 1163 1517 propter
1191 1464 1394 1516 quietem
1420 1462 1559 1505 totius
1585 1462 1747 1515 populi
1773 1461 1890 1504 chri-

121 1536 259 1580 stiani
280 1536 523 1590 profiteor,
546 1535 755 1589 spondeo
778 1538 823 1577 et
843 1534 1074 1588 promitto,
1099 1535 1201 1576 iuro
1224 1537 1270 1576 et
1290 1546 1436 1576 voveo
1453 1533 1551 1575 Deo
1566 1536 1611 1574 et
1626 1533 1824 1575 ecclesie
1840 1544 1891 1574 ac

119 1607 226 1650 huic
258 1619 390 1650 sacro
423 1606 616 1648 concilio
650 1609 814 1659 sponte
848 1609 894 1647 et
927 1605 1078 1647 libere
1112 1605 1224 1647 dare
1258 1617 1419 1658 pacem
1453 1604 1542 1657 ipsi
1575 1603 1771 1645 ecclesie
1804 1615 1891 1656 per

121 1678 243 1721 viam
262 1690 365 1720 mee
385 1677 611 1731 simplicis
631 1678 858 1719 cessionis
879 1680 923 1718 et
943 1689 1046 1718 eam
1068 1676 1225 1718 facere
1247 1678 1292 1718 et
1313 1675 1573 1728 adimplere
1593 1687 1694 1716 cum
1715 1674 1890 1716 effectu

123 1749 252 1793 iuxta
268 1749 657 1792 deliberationem
677 1749 913 1802 presentis
933 1747 1129 1800 concilii,
1151 1747 1190 1788 si
1211 1750 1255 1789 et
1273 1745 1460 1799 quando
1481 1746 1647 1788 Petrus
1668 1745 1726 1787 de
1747 1745 1891 1797 Luna,

122 1820 402 1863 Benedictus
425 1820 571 1873 XIII.,
594 1820 803 1872 Angelus
827 1818 1033 1871 Corario,
1057 1817 1312 1871 Gregorius
1335 1817 1454 1869 XII„
1478 1817 1525 1858 in
1550 1817 1647 1859 suis
1672 1815 1892 1858 obedien-

124 1893 202 1934 tiis
231 1891 498 1944 nuncupati,
529 1891 734 1944 papatui,
765 1902 902 1943 quem
933 1889 1231 1943 pretendunt,
1262 1901 1348 1942 per
1379 1900 1429 1931 se
1461 1889 1536 1929 vel
1567 1890 1894 1941 procuratores

126 1976 235 2006 suos
255 1963 486 2016 legitimos
507 1962 721 2004 similiter
742 1961 925 2012 cedant3
947 1963 992 2002 et
1013 1961 1152 2002 etiam
1174 1960 1221 2001 in
1243 1971 1518 2012 quocunque
1540 1971 1650 2000 casu
1667 1957 1893 2000 cessionis

125 2035 201 2077 vel
225 2033 447 2076 decessus
473 2036 550 2076 aut
575 2033 681 2085 ali0,
708 2033 755 2074 in
780 2045 870 2085 quo
895 2044 981 2085 per
1006 2043 1157 2073 meam
1181 2030 1440 2072 cessionem
1465 2029 1635 2083 poterit
1658 2029 1759 2072 dari
1782 2029 1894 2070 unio

124 2105 323 2148 ecclesie
349 2104 435 2146 Dei
461 2117 547 2158 per
572 2104 933 2156 extirpationem
958 2101 1194 2156 presentis
1221 2100 1462 2144 scismatis.

249 2188 359 2230 Post
391 2188 510 2229 hanc
544 2186 756 2228 cedulam
791 2186 1091 2238 compositam
1127 2186 1358 2226 venerunt
1391 2183 1550 2225 nuncii
1584 2180 1901 2224 universitatis

128 2259 408 2302 Parisiensis
433 2262 479 2300 et
507 2258 635 2300 illam
663 2257 1055 2310 approbaverunt,
1085 2258 1333 2308 antequam
1361 2254 1403 2296 d.
1430 2257 1590 2296 noster
1616 2265 1739 2307 papa
1766 2252 1893 2294 illam

130 2330 342 2372 offerret.
399 2330 453 2372 Et
497 2328 727 2382 quomodo
772 2327 896 2381 apud
942 2339 1023 2370 eos
1068 2325 1283 2369 dominus
1328 2328 1487 2368 noster
1533 2323 1766 2376 institerit,
1810 2321 1899 2376 ipsi

137 2401 341 2455 sciuntc).

246 2472 332 2514 Die
356 2472 467 2514 lune
491 2470 720 2524 sequenti,
743 2483 832 2523 que
856 2469 943 2511 fuit
965 2472 1129 2522 quarta
1157 2467 1327 2519 Marcii,
1350 2480 1435 2510 rex
1457 2466 1770 2508 Romanorum
1793 2477 1896 2506 con-

132 2543 309 2586 vocavit
331 2555 493 2585 omnes
517 2542 723 2595 prelatos
745 2544 790 2583 et
813 2541 1040 2593 doctores,
1064 2543 1109 2581 et
1132 2539 1324 2580 fuerunt
1348 2541 1446 2580 octo
1469 2537 1734 2579 cardinales
1758 2535 1900 2588 depu-

130 2615 210 2657 tati
229 2627 315 2668 per
334 2626 503 2668 papam
524 2613 647 2666 apud
669 2612 887 2664 Minores,
908 2612 986 2653 ubi
1008 2610 1118 2652 fecit
1137 2610 1387 2652 convenire
1409 2608 1753 2651 ambaxiatores
1773 2607 1898 2659 regis

135 2685 400 2740 Aragonum
439 2688 484 2727 et
522 2684 647 2726 Petri
687 2684 744 2725 de
786 2683 930 2735 Luna,
970 2682 1047 2735 qui
1085 2681 1401 2723 exhibuerunt
1441 2679 1655 2721 mandata
1697 2690 1794 2720 sua.
1846 2677 1901 2718 Et

134 2756 317 2810 publice
340 2756 459 2799 lecta
483 2758 588 2799 sunt
613 2767 755 2808 super
778 2753 987 2807 predicta
1012 2753 1059 2794 P.
1085 2752 1142 2794 de
1168 2752 1311 2803 Luna,
1336 2763 1497 2804 regum
1520 2750 1830 2792 Romanorum
1855 2750 1899 2788 et

134 2825 440 2881 Aragonumd)
470 2826 783 2868 convencione
811 2825 858 2866 in
885 2823 1010 2866 Nicia
1036 2822 1277 2875 firmanda,
1305 2825 1350 2864 et
1376 2824 1480 2875 post
1506 2821 1642 2874 plura
1670 2819 1900 2872 colloquia

240 2943 271 2971 a)
290 2942 371 2976 fehlt
397 2943 426 2970 C.
471 2942 503 2975 b)
525 2942 692 2970 Abschnitl
721 2940 801 2974 fehlt
822 2941 860 2967 D.
899 2940 978 2967 Hier
1002 2941 1079 2966 δεῖτε
1100 2939 1130 2965 D
1158 2938 1275 2965 wieder
1296 2938 1354 2964 ein.
1402 2938 1432 2965 c)
1453 2935 1621 2963 Abschnitt
1648 2934 1727 2961 Post
1759 2932 1842 2959 hanc
1861 2951 1867 2957 .
1888 2952 1894 2957 .

135 2988 215 3023 fehlt
246 2990 297 3024 B,-
329 2990 388 3016 Die
417 2989 601 3017 Abschm'tce
626 2988 695 3023 Ego
726 2987 893 3015 Johannes
914 3009 920 3014 .
944 3006 950 3012 .
970 3007 977 3013 .
1003 2986 1069 3013 und
1098 2985 1179 3012 Post
1207 2984 1291 3012 hanc
1321 2984 1355 3010 in
1395 2984 1428 3015 C,
1459 2983 1488 3009 D
1519 2980 1704 3009 {rotimzlirh
1737 2978 1913 3013 umyestellt

139 3035 198 3063 Die
210 3035 300 3064 korr.
323 3037 421 3063 Hand
434 3037 490 3063 hat
505 3036 607 3064 durch
622 3036 831 3070 vorqeaetzees
847 3034 875 3061 A
890 3034 956 3061 und
972 3034 1000 3061 B
1013 3033 1200 3068 korriqiert.
1231 3031 1263 3064 d)
1279 3031 1373 3059 C'von
1387 3030 1478 3058 korr.
1491 3030 1590 3057 Hand
1604 3028 1627 3055 P
1646 3048 1653 3054 .
1673 3047 1680 3054 .
1698 3047 1705 3054 .
1725 3028 1911 3060 Aragonum

135 3082 360 3118 &unversten-
398 3082 480 3116 fehlt
503 3084 540 3112 Β.
