2227 3434
537 171 580 208 A.
621 172 820 208 Fillastres
847 173 963 209 Gesta
990 174 1140 209 concilii
1168 174 1482 210 Constantiensis.
1838 179 1892 221 67

128 291 174 334 in
211 292 503 346 exequendis
541 291 755 346 capitulis
793 293 1082 335 concordatis
1123 294 1467 347 suprascriptis,
1506 295 1564 337 ad
1604 296 1726 348 quod
1765 296 1892 338 missi

129 367 263 406 erant
283 363 435 417 legati.
470 363 636 406 Postea
658 364 872 405 exhibuit
892 364 1159 406 mandatum
1182 366 1437 418 legatorum
1461 369 1505 407 et
1528 366 1706 408 litteras
1727 367 1894 420 regias,

128 446 324 487 quarum
352 435 527 476 lectura
558 447 788 487 suspensa
818 438 901 486 est,
932 435 1078 477 donec
1108 435 1275 478 fuisset
1306 449 1390 489 pro
1420 440 1550 489 parte
1581 437 1762 478 concilii
1792 450 1894 490 pro-

127 505 328 559 positum
356 517 647 558 responsum.

246 576 425 618 Deinde
449 576 491 618 d.
517 576 769 618 cardinalis
793 576 1021 620 Ostiensis
1045 581 1090 619 et
1115 578 1526 620 vicecancellarius
1553 579 1794 631 respondit
1818 592 1894 632 po-

125 647 281 690 nendo
313 648 414 689 sine
446 648 648 689 themate
682 660 869 689 manum
902 648 1293 702 quadruplicem¹)
1331 649 1605 691 deducendo
1639 650 1696 692 ad
1731 649 1894 692 laudes

128 731 288 772 regum
317 719 598 771 Aragonum,
627 718 773 771 patris
804 719 978 761 scilicet
1008 723 1052 761 et
1083 719 1172 760 filii
1202 732 1323 761 nunc
1354 720 1610 773 regnantis3
1642 724 1688 762 et
1719 721 1765 762 in
1796 721 1894 762 fine

128 790 305 843 rogavit
340 793 385 832 et
418 790 690 832 exhortatus
724 793 808 842 est,
845 790 969 843 quod
1004 790 1060 832 ad
1096 791 1426 832 execucionem
1462 791 1687 833 dictorum
1724 793 1895 844 capitu·

128 861 278 904 lorum
300 861 408 902 dicti
431 860 570 914 legati
592 860 915 914 procederent.
952 861 1005 903 Et
1027 865 1131 914 post
1152 861 1297 914 illum,
1321 862 1429 915 quia
1451 863 1571 903 bene
1596 862 1780 905 auditus
1802 875 1893 904 non

128 931 281 975 fuerat
301 931 424 974 idem
447 932 489 974 d.
511 931 752 984 Ostiensis,
776 932 818 974 d.
841 932 1093 974 cardinalis
1117 933 1414 975 Florentinus
1437 934 1641 975 surrexit
1661 937 1706 975 et
1728 935 1894 975 iterum

126 1002 303 1056 rogavit
334 1005 379 1044 et
410 1002 618 1045 hortatus
650 1006 720 1045 est
752 1003 970 1058 legatos³)
1007 1003 1063 1044 de
1098 1003 1378 1045 execucione
1411 1005 1717 1057 capitulorum
1750 1008 1794 1046 et
1826 1017 1895 1045 re-

128 1073 313 1128 spondit
343 1073 549 1127 Sperans
581 1074 627 1115 in
661 1074 772 1126 Deo,
805 1074 928 1127 quod
960 1074 1018 1116 ad
1050 1075 1134 1116 hoc
1166 1078 1393 1116 venerant
1425 1078 1469 1116 et
1502 1075 1723 1127 facerent,
1758 1087 1893 1128 quam

127 1145 326 1198 primum
354 1144 462 1186 fieri
489 1148 661 1198 posset,
689 1145 943 1187 secundum
968 1148 1179 1186 tenorem
1207 1145 1410 1187 mandati
1439 1146 1538 1187 sui.-

245 1215 424 1257 Deinde
458 1215 649 1257 fuerunt
683 1217 798 1257 lecte
833 1216 986 1257 littere
1021 1215 1225 1257 mandati
1260 1217 1384 1269 regis
1419 1217 1684 1269 Aragonum
1720 1229 1803 1258 suo
1838 1217 1895 1258 si-

126 1285 237 1340 gillo
265 1286 482 1340 sigillate,
511 1299 602 1339 quo
630 1287 846 1328 utebatur
876 1289 981 1328 ante
1012 1299 1205 1340 regnum
1235 1287 1453 1339 adeptum
1482 1290 1527 1328 et
1556 1287 1733 1340 signate
1764 1287 1894 1339 signo

127 1357 250 1411 regis
277 1360 323 1400 et
349 1357 588 1400 cuiusdam
614 1357 797 1400 notarii.

243 1427 478 1470 Dictarum
506 1430 660 1470 autem
687 1427 946 1470 litterarum
974 1428 1179 1470 mandati
1206 1431 1340 1470 tenor
1367 1428 1474 1471 talis
1501 1430 1587 1470 est:

244 1499 404 1542 Pateat
434 1499 668 1542 universis
702 1533 710 1541 .
746 1533 754 1541 .
790 1533 798 1541 .
834 1533 843 1541 .
874 1500 1022 1542 nostri
1054 1499 1259 1552 primo.²)

246 1569 396 1624 Super
420 1583 511 1624 quo
533 1570 751 1613 mandato
773 1573 873 1613 orta
897 1574 1003 1613 sunt
1027 1569 1182 1623 aliqua
1206 1570 1345 1612 dubia
1369 1570 1619 1623 presertim
1642 1582 1701 1611 ex
1725 1570 1897 1621 verbis,

132 1641 208 1683 ubi
231 1641 412 1695 dicitur,
436 1641 559 1695 quod
581 1641 743 1684 uniant
768 1654 816 1684 se
841 1642 1036 1683 concilio
1060 1641 1418 1684 advenientibus
1440 1640 1635 1694 prelatis
1659 1640 1896 1693 Hyspanie

132 1713 315 1766 vocatis,
342 1725 538 1766 quorum
565 1715 721 1755 tamen
747 1713 866 1754 nulli
893 1715 1123 1754 venerunt
1149 1724 1302 1764 neque
1331 1712 1494 1754 venire
1523 1714 1784 1764 sperantur.

247 1784 302 1827 Et
325 1784 593 1837 notandum,
617 1784 741 1836 quod
764 1797 822 1825 ex
846 1786 978 1837 parte
1003 1784 1116 1825 cleri
1141 1783 1374 1836 Aragonie
1399 1783 1557 1824 nullus
1581 1783 1722 1834 venit,
1746 1794 1897 1834 ymmo

130 1854 298 1908 prelati
329 1854 456 1897 illius
488 1855 620 1908 regni
653 1855 919 1897 institerunt
951 1854 1075 1907 apud
1107 1865 1265 1906 regem
1298 1854 1579 1906 Aragonum,
1612 1852 1735 1905 quod
1768 1853 1898 1894 resti—

132 1929 280 1968 tueret
307 1925 627 1968 obedienciam
660 1926 707 1967 P.
739 1926 796 1967 de
828 1925 971 1978 Luna,
1002 1925 1126 1978 quod
1154 1925 1315 1966 noluit.
1360 1925 1414 1966 Et
1444 1924 1501 1965 de
1533 1924 1634 1966 istis
1665 1923 1897 1965 ambaxia-

128 1996 306 2040 toribus
334 1999 431 2039 tres
462 2000 568 2039 sunt
598 1996 716 2048 laici,
746 1999 842 2038 tres
872 1996 1043 2048 clerici,
1075 1999 1144 2038 set
1173 1995 1332 2037 nullus
1361 1995 1584 2048 prelatus.

87 2121 92 2123 Δ
251 2068 426 2110 Diebus
467 2067 582 2110 iovis
621 2070 724 2120 post
762 2067 1010 2120 prandium
1050 2069 1094 2108 et
1134 2066 1322 2109 veneris
1361 2069 1406 2108 et
1446 2065 1626 2107 sabbati
1666 2065 1722 2106 de
1762 2076 1898 2106 mane

132 2137 272 2192 legati
292 2139 559 2193 Aragonum
581 2138 639 2180 de
661 2138 877 2180 mandato
898 2137 1022 2191 regis
1044 2139 1130 2189 sui,
1150 2141 1199 2179 ut
1220 2137 1449 2189 dicebant,
1469 2136 1717 2178 visitarunt
1737 2147 1898 2177 omnes

132 2209 408 2252 cardinales.

250 2281 335 2323 Die
366 2280 555 2323 veneris
587 2281 643 2322 de
677 2292 784 2322 sero
817 2279 961 2332 aliqui
995 2279 1203 2333 deputati
1235 2278 1461 2320 miserunt
1494 2278 1552 2320 ad
1584 2277 1690 2320 illos
1723 2277 1899 2330 legatos

134 2354 363 2405 rogantes,
389 2351 512 2405 quod
538 2351 715 2393 vellent
738 2351 995 2404 procedere
1022 2350 1080 2392 ad
1106 2349 1384 2402 exequenda
1411 2348 1628 2390 mandata
1655 2348 1744 2390 sibi
1773 2348 1898 2389 iuxta

135 2421 330 2465 sormam
367 2422 687 2476 capitulorum,
724 2425 770 2464 et
807 2424 1103 2474 acceptarunt
1140 2421 1264 2462 diem
1302 2420 1482 2462 sabbati
1521 2418 1759 2472 sequentis
1797 2420 1898 2471 post

134 2493 380 2546 prandium
418 2493 466 2535 in
500 2492 636 2535 domo
676 2492 916 2535 Minorum.
966 2492 1020 2533 Et
1056 2491 1119 2533 ibi
1156 2493 1474 2533 convenerunt
1510 2489 1718 2543 deputati
1754 2488 1899 2531 cardi-

135 2563 308 2606 nalium
359 2567 404 2606 et
452 2564 697 2606 nacionum
750 2566 888 2616 atque
939 2563 1078 2616 legati
1130 2565 1176 2603 et
1225 2561 1468 2614 proposuit
1517 2560 1587 2603 eis
1637 2558 1899 2613 patriarcha

132 2634 494 2687 Anthiochenus,
518 2635 596 2688 qui
624 2635 771 2677 iverat
795 2634 854 2676 ad
879 2646 974 2686 eos,
1000 2636 1047 2675 ut
1073 2645 1215 2686 supra
1240 2632 1405 2674 dicitur
1437 2630 1531 2686 [‘?],
1556 2627 1896 2682 concludens¹’),

134 2705 256 2758 quod
288 2705 598 2759 procederent
632 2705 690 2748 ad
724 2704 889 2747 dictam
923 2703 1253 2746 execucionem
1287 2702 1505 2745 mandati.

249 2775 407 2830 Legati
451 2788 537 2830 per
581 2788 805 2829 organum
850 2775 893 2818 d.
939 2774 1182 2828 Sperantis
1226 2774 1271 2815 in
1319 2773 1416 2816 Deo
1461 2771 1806 2825 responderunt
1851 2770 1896 2811 in

133 2845 321 2900 effectu,
351 2847 474 2900 quod
503 2846 748 2889 videbatur
778 2846 846 2888 eis
878 2846 1140 2898 expediens
1170 2847 1419 2897 expectare
1452 2844 1629 2896 legatos
1661 2841 1784 2895 regis
1816 2840 1897 2883 Ca-

204 2930 209 2933 “
237 2950 269 2984 a)
289 2931 451 2985 ragavis?
522 2950 651 2986 legatos
670 2950 751 2984 fehlt
772 2951 809 2978 13.
845 2949 878 2983 b)
901 2951 928 2977 Β
949 2949 1194 2977 concluserunt.

255 2998 287 3041 1)
313 2998 386 3042 vql.
412 2999 532 3034 Hardt
558 2999 624 3041 IV,
649 3001 736 3042 855,·
765 2998 891 3034 Mansi
916 2997 1075 3040 XXVII,
1100 2997 1180 3039 926,
1206 3007 1264 3031 vcco
1293 3006 1362 3031 nur
1389 2995 1449 3029 ΙΙΙ
1475 3003 1620 3029 manus.

255 3056 287 3100 ²)
314 3056 434 3092 Hardl
460 3057 525 3100 IV,
551 3057 732 3100 857—61,·
760 3057 886 3092 Mansa·
911 3055 980 3090 XX
993 3055 1070 3097 VII,
1096 3055 1269 3091 926-28.
1671 3109 1689 3129 *

1642 3111 1667 3151 5
