2227 3434
516 196 561 233 A.
602 196 800 233 Fillastres
829 197 944 233 Gesta
971 197 1121 233 concilii
1149 197 1462 233 Constantiensis.
1818 200 1874 242 83

225 317 382 360 Primo
403 329 524 360 unus
547 316 784 358 doctorum
807 316 1160 359 archidiaconus
1184 316 1240 358 de
1270 316 1429 358 Mensa
1453 316 1499 357 in
1523 316 1721 358 ecclesia
1747 316 1875 358 Pam-

108 388 358 442 pilonensi,
379 388 536 430 doctor
558 387 604 428 in
626 387 873 440 theologia,
895 387 1182 440 presentavit
1205 387 1382 429 litteras
1406 388 1530 440 regis
1552 387 1758 429 Nauarre
1780 400 1874 429 cre-

108 459 359 511 denciales,
393 470 483 512 que
518 458 635 499 lecte
672 457 879 509 suerunt,
916 457 1087 499 deinde
1122 458 1409 510 presentavit
1445 458 1624 500 litteras
1659 470 1874 510 procura-

108 529 213 572 torii
235 529 342 571 dicti
364 529 487 582 regis
510 531 555 570 et
578 528 757 571 litteras
779 529 1086 581 procuratorii
1109 528 1246 569 trium
1271 531 1484 580 statuum,
1508 528 1725 570 videlicet
1747 528 1874 578 cleri,

107 600 333 643 nobilium
368 603 412 642 et
447 599 607 652 populi
642 602 687 640 et
720 599 881 652 plures
916 599 1237 652 particulares,
1272 598 1490 640 videlicet
1524 598 1613 640 filii
1648 598 1874 640 naturalis

107 670 215 713 dicti
238 670 376 724 regis,
400 669 736 724 prothonotarii
758 673 803 711 et
826 670 1041 711 habentis
1065 669 1111 710 in
1134 669 1452 711 commendam
1477 669 1720 711 ecclesiam
1745 669 1874 711 Pam-

106 740 413 795 pilonensem,
448 744 493 782 et
526 740 727 794 pluriam
762 740 979 782 abbatum
1016 743 1060 781 et
1095 741 1416 792 capitulorum,
1451 743 1496 781 et
1531 740 1722 781 fuerunt
1757 741 1872 781 lecte

107 811 259 854 littere
286 812 410 865 regis
437 815 483 853 et
508 811 648 853 trium
676 814 887 854 statuum.

223 882 403 925 Deinde
443 881 565 924 idem
605 881 958 924 archidiaconus
998 881 1112 923 dixit
1151 881 1456 933 credenciam,
1496 881 1711 923 videlicet
1750 893 1873 922 reco-

107 952 456 996 mendacionem
487 956 531 994 et
561 952 954 995 substraccionem
984 952 1258 994 obediencie
1290 951 1456 994 factam
1489 952 1626 994 Petro
1657 951 1713 993 de
1745 951 1874 993 Luna

108 1024 165 1066 de
187 1036 417 1066 consensu
438 1023 577 1065 trium
599 1026 813 1075 statuum,
835 1026 880 1064 et
902 1023 1063 1065 literas
1086 1024 1240 1076 regias
1261 1035 1404 1075 super
1425 1023 1509 1064 hoc
1530 1022 1755 1064 exhibuit.

225 1093 404 1136 Deinde
434 1093 727 1136 confirmavit
754 1093 941 1135 nomine
973 1093 1096 1146 regis
1126 1094 1328 1146 capitula
1358 1093 1587 1147 Narbone,
1618 1093 1675 1134 de
1706 1093 1875 1146 quibus

108 1177 263 1219 supra.

224 1235 576 1289 Consequenter
597 1236 864 1277 convocavit
884 1235 1128 1277 concilium
1150 1247 1349 1288 presens
1371 1235 1529 1287 vigore
1553 1234 1873 1287 capitulorum.

224 1306 405 1348 Deinde
426 1305 574 1348 univit
594 1318 767 1359 regem,
788 1317 983 1359 regnum
1005 1309 1049 1347 et
1071 1309 1167 1348 tres
1189 1306 1295 1348 illos
1318 1308 1462 1348 status
1485 1304 1696 1356 concilio;
1721 1307 1765 1346 et
1787 1304 1874 1345 fuit

43 1425 46 1427 Α
106 1389 166 1419 ex
198 1380 330 1431 parte
365 1376 547 1419 concilii
582 1389 667 1430 per
702 1376 1102 1430 archiepiscopum
1140 1376 1539 1418 Mediolanensem
1576 1387 1871 1428 responsum:

107 1447 277 1501 Placet,
299 1451 345 1490 et
367 1448 615 1501 episcopus
637 1447 866 1490 Ostiensis
888 1446 1140 1489 cardinalis
1163 1459 1248 1500 pro
1271 1446 1588 1488 cardinalibus
1613 1444 1870 1498 respondit:

107 1518 276 1561 Placet.

223 1589 326 1632 Hiis
348 1589 460 1632 actis
484 1589 631 1631 dictus
655 1588 1021 1640 archidiaconus,
1044 1588 1154 1630 fecit
1178 1600 1441 1630 sermonem
1468 1590 1648 1640 sumpto
1672 1587 1874 1628 themate

107 1659 165 1703 de
195 1659 398 1703 secunda
429 1660 658 1702 dominica
687 1659 988 1713 precedente:
1035 1659 1132 1701 Pax
1163 1658 1347 1710 Christi,
1379 1671 1468 1711 que
1500 1660 1753 1710 exsuperat
1784 1670 1875 1699 om-

107 1743 214 1772 nem
252 1743 455 1784 sensum,
494 1730 720 1772 custodiat
759 1730 898 1772 corda
936 1733 1091 1772 vestra
1131 1733 1176 1772 et
1217 1728 1558 1782 intelligencias
1596 1731 1790 1779 vestras,
1829 1730 1874 1769 et

108 1800 300 1844 deduxit
321 1802 464 1844 multa
489 1801 546 1843 de
571 1801 740 1855 pace.¹)

223 1871 320 1924 Quo
353 1884 568 1915 sermone
602 1872 739 1914 finito
772 1871 1023 1913 cardinalis
1057 1871 1202 1914 sancti
1240 1870 1376 1912 Marci
1412 1869 1652 1923 respondit
1687 1881 1875 1912 sumens

108 1942 261 1986 thema
295 1942 352 1985 de
388 1943 587 1996 epistola
623 1943 834 1996 proxime
870 1942 1099 1984 dominice
1134 1953 1219 1994 per
1255 1942 1375 1983 hunc
1412 1940 1614 1982 modum:
1666 1939 1712 1982 Si
1747 1939 1873 1980 iuxta

109 2013 352 2056 lec-tionem
375 2014 555 2067 huiusa)
584 2013 781 2066 epistole
809 2013 1020 2066 queritur
1047 2013 1167 2054 inter
1193 2012 1557 2064 dispensatores,
1585 2011 1688 2063 quis
1715 2009 1873 2052 fidelis

108 2082 384 2137 inveniatur,
409 2083 735 2137 respondetur,
761 2083 884 2137 quod
909 2084 989 2125 ille
1014 2096 1098 2124 rex
1123 2085 1206 2125 etc.
1231 2081 1393 2124 talenti
1418 2081 1506 2124 sibi
1532 2081 1688 2123 traditi
1715 2079 1874 2122 fidelis

109 2153 401 2208 dispensator
427 2154 643 2198 inventus
669 2157 753 2207 est,
779 2157 823 2196 et
850 2153 1043 2196 deduxit
1069 2166 1205 2206 reges
1231 2165 1393 2195 omnes
1420 2152 1770 2205 dispensatores
1797 2151 1874 2193 bo-

108 2236 271 2267 norum
299 2225 465 2268 summi
491 2225 638 2278 patris
663 2224 881 2267 familias.

224 2295 321 2348 Quo
355 2295 491 2338 finito
526 2296 614 2338 fuit
649 2298 898 2338 cantatum:
949 2295 1012 2336 Te
1050 2295 1196 2336 Deum
1233 2294 1491 2346 laudamus,
1528 2292 1697 2335 deinde
1733 2293 1874 2334 missa

109 2363 304 2419 incepta,
337 2369 383 2408 et
416 2369 520 2420 post
554 2365 742 2408 missam
778 2366 946 2419 prelati
984 2368 1263 2418 receperunt
1297 2366 1571 2417 paramenta
1605 2366 1651 2405 et
1684 2362 1874 2404 fuerunt

109 2434 228 2479 dicte
255 2436 496 2479 oraciones
524 2439 569 2479 et
598 2437 771 2478 letanie
800 2436 935 2478 solite
963 2439 1009 2478 et
1036 2448 1138 2477 cum
1168 2434 1492 2477 benedictione
1523 2445 1773 2476 recessum.

226 2506 310 2549 Die
340 2507 451 2549 lune
483 2510 647 2560 quarta
680 2507 891 2549 Januarii
924 2518 1046 2548 anno
1077 2505 1250 2548 domini
1285 2504 1533 2546 millesimo
1564 2503 1874 2557 quadringen-

110 2576 273 2619 tesimo
299 2576 477 2620 decimo
505 2578 702 2630 septimo
730 2581 775 2619 et
804 2577 940 2620 huius
968 2576 1150 2619 concilii
1179 2576 1323 2618 tercio
1351 2575 1471 2618 sedit
1499 2574 1743 2617 concilium
1774 2573 1873 2615 sine

113 2646 388 2690 solennitate
420 2650 467 2690 et
498 2651 660 2701 parata
694 2647 833 2690 sedes
868 2647 960 2690 alta
995 2647 1052 2689 ad
1087 2647 1331 2688 ambonem
1365 2648 1471 2688 ante
1506 2657 1598 2687 non
1634 2647 1758 2686 retro
1791 2655 1875 2696 pro

112 2715 378 2770 recipiendo
400 2718 602 2771 legatum
625 2731 767 2760 unum
793 2717 916 2771 regis
939 2718 1204 2770 Aragonum
1232 2717 1499 2770 magistrum
1525 2714 1789 2767 Philippum
1816 2713 1872 2755 de

118 2785 327 2840 Medalia,
361 2801 492 2831 sacre
525 2789 693 2842 pagine
727 2788 1061 2842 professorem,
1095 2788 1174 2840 qui
1210 2788 1360 2840 primo
1396 2785 1574 2828 litteras
1609 2785 1715 2826 dicti
1753 2783 1875 2837 regis

113 2859 397 2909 presentavit
435 2859 766 2902 credenciales.
819 2859 996 2910 Quibus
1037 2858 1167 2900 lectis
1208 2857 1359 2900 statim
1400 2856 1571 2909 incepit
1611 2866 1873 2897 sermonem

114 2930 294 2980 sumpto
326 2928 546 2971 themate:
597 2929 791 2971 Stabunt
826 2929 932 2972 iusti
969 2929 1015 2970 in
1052 2940 1218 2981 magna
1254 2926 1571 2979 constancia,²)
1611 2935 1873 2967 sermonem

216 3043 247 3075 a)
267 3043 305 3076 B,
326 3043 366 3071 0:
385 3012 486 3071 illius.

229 3089 262 3133 ι)
286 3089 384 3126 Phil.
408 3091 442 3134 4,
469 3093 499 3126 7.
643 3093 676 3135 2)
705 3093 790 3136 sap.
817 3094 848 3134 5,
876 3094 905 3126 1.

1610 3146 1660 3186 6*
