2102 3444
193 124 278 167 768
630 123 698 157 III.
729 122 941 158 Abschnitt.
984 122 1138 158 Resorm
1170 124 1246 157 und
1282 122 1530 168 Verfassung.

194 255 285 284 non
323 245 532 295 poteram
570 241 672 284 sine
709 240 1079 284 administrando
1116 244 1161 283 et
1197 242 1471 295 recipiendo
1507 242 1731 296 pecunias
1767 256 1965 299 camere,

195 316 381 366 attento,
407 313 529 366 quod
552 312 624 354 hic
650 325 741 354 non
767 312 854 354 suit
879 324 964 353 nec
988 315 1058 354 est
1083 313 1372 355 tesaurarius
1398 314 1471 354 vel
1498 313 1618 356 alius
1643 318 1857 368 receptor
1881 328 1967 370 per

196 396 375 425 sacrum
420 383 662 425 concilium
706 395 789 424 seu
832 394 917 435 per
961 386 1163 424 vestram
1206 383 1532 436 paternitatem
1578 384 1832 428 ordinatus.
1888 386 1967 429 Est

195 457 348 496 tamen
374 466 549 507 verum,
575 454 698 507 quod
723 454 768 495 in
794 453 1010 495 omnibus
1034 455 1236 507 receptis
1261 457 1305 496 et
1330 454 1744 498 distribucionibus
1769 469 1966 510 presens

196 527 282 567 suit
318 525 359 567 d.
397 525 636 567 Johannes
672 524 956 577 Cordurerii,
993 536 1130 577 quem
1166 525 1303 566 michi
1342 525 1583 568 dimisistis
1619 530 1664 569 et
1701 527 1778 580 qui
1813 527 1966 571 omnia

197 597 381 649 scripsit
404 601 448 639 et
473 595 762 648 regestravit.

317 667 429 708 item
465 671 533 709 est
569 678 745 720 verum,
781 666 904 719 quod
938 667 1083 708 multa
1118 667 1210 709 alia
1245 679 1388 709 onera
1425 668 1751 710 incumberunt
1785 681 1967 712 camere

197 738 445 791 apostolice
476 741 522 779 et
551 738 821 779 incumbunt
849 737 1034 779 cottidie
1066 740 1224 790 utpote
1256 738 1302 779 in
1331 738 1507 781 nuntiis
1538 739 1694 782 missis
1723 739 1782 782 ad
1808 743 1968 794 partes

124 808 126 810 ’
195 810 429 862 Aragonie
455 812 500 851 et
526 808 718 850 Francie
746 813 790 851 et
815 808 964 851 Scotie
990 811 1034 850 et
1060 808 1294 850 interdum
1321 810 1379 851 ad
1405 809 1447 851 d.
1472 822 1631 863 regem
1657 810 1967 854 Romanorum

196 893 280 932 pro
304 881 439 922 factis
462 879 662 922 unionis.
702 880 816 922 Item
841 882 885 921 et
907 892 996 932 pro
1020 879 1230 922 subsidio
1255 880 1442 922 illorum
1468 880 1770 923 servientium
1795 885 1840 924 et
1863 882 1967 924 offi-

196 950 393 1003 cialium,
427 950 503 1003 qui
536 950 744 992 serviunt
776 951 822 991 in
854 950 1144 993 sessionibus
1177 954 1222 992 et
1254 951 1410 993 missis
1442 952 1561 993 sacri
1594 952 1777 994 concilii
1809 956 1853 995 et
1883 965 1968 1006 pro

196 1034 301 1063 cera
334 1022 379 1062 in
410 1021 543 1064 dictis
573 1021 729 1064 missis
759 1025 804 1063 et
835 1021 940 1063 aliis
970 1022 1253 1064 necessariis
1283 1025 1328 1064 et
1359 1022 1423 1064 sic
1455 1022 1511 1064 de
1544 1022 1662 1076 aliis,
1694 1035 1783 1076 que
1813 1027 1967 1066 vestra

195 1093 451 1145 paternitas
486 1092 880 1134 reverendissima
914 1095 1065 1146 potest
1096 1092 1315 1146 cogitare.

316 1163 428 1204 Item
456 1168 525 1206 est
552 1176 728 1216 verum,
757 1163 880 1216 quod
908 1164 964 1204 de
996 1163 1190 1206 Francia
1217 1176 1311 1205 non
1337 1164 1530 1206 veniunt
1555 1167 1742 1218 recepte
1770 1177 1966 1219 camere,

194 1238 241 1276 ut
271 1235 409 1276 scitis.
452 1235 518 1276 De
549 1234 835 1287 Dalphinatu
861 1234 1003 1276 nichil
1032 1235 1205 1288 recepi,
1235 1234 1291 1276 de
1321 1235 1537 1277 comitatu
1565 1235 1798 1278 Sabaudlie
1824 1236 1966 1278 nichil

194 1308 352 1357 preter
375 1305 597 1347 ducentos
618 1305 843 1358 florenos,
864 1318 980 1358 quos
1001 1305 1267 1348 habuerunt
1288 1306 1356 1347 illi
1378 1309 1676 1360 mercatores,
1698 1306 1777 1360 qui
1795 1306 1967 1350 habent

196 1376 313 1418 dicta
341 1377 550 1429 pignora.
592 1377 658 1418 De
686 1376 898 1430 partibus
921 1376 1231 1418 inferioribus
1260 1377 1417 1431 nichil,
1445 1377 1502 1418 de
1528 1377 1700 1430 Anglia
1725 1377 1882 1431 nichil,
1910 1377 1967 1420 de

197 1447 330 1489 Italia
355 1447 511 1500 nichil,
539 1447 596 1488 de
624 1447 890 1500 Portugalia
916 1447 1057 1489 nichil
1085 1450 1244 1500 preter
1270 1447 1436 1489 LXXX
1461 1448 1686 1502 florenos,
1715 1447 1771 1490 de
1799 1449 1966 1502 quibus

193 1517 486 1560 concordavit
508 1531 630 1560 unus
654 1518 1019 1571 Portugalensis,
1043 1518 1100 1560 de
1124 1518 1275 1561 Scotia
1297 1518 1455 1572 nichil,
1479 1519 1536 1561 de
1560 1519 1839 1562 Alamannia
1862 1521 1967 1561 sunt

192 1589 348 1631 habite
382 1589 536 1642 alique
567 1590 765 1642 pecunie
799 1602 824 1631 a
852 1589 1182 1631 collectoribus
1214 1593 1259 1632 et
1291 1590 1722 1643 subcollectoribus,
1754 1603 1843 1644 que
1873 1602 1965 1632 non

194 1659 435 1702 sufficiunt
457 1660 514 1702 de
536 1660 679 1702 multo
700 1660 758 1702 ad
778 1672 923 1702 onera
941 1660 1211 1714 supradicta
1233 1660 1552 1714 dictorumque
1573 1660 1819 1714 pignorum
1839 1673 1966 1703 recu-

193 1731 504 1783 peracionem.

314 1801 426 1843 Item
453 1806 523 1844 est
548 1814 725 1855 verum,
752 1802 875 1855 quod
897 1814 985 1855 ego
1010 1805 1170 1855 preter
1198 1803 1293 1855 illa,
1321 1814 1411 1855 que
1438 1802 1559 1845 dicta
1583 1805 1703 1856 sunt,
1729 1814 1965 1856 nunquam

192 1873 281 1914 feci
311 1873 600 1926 donationes,
630 1874 956 1915 concessiones
985 1874 1059 1914 vel
1090 1873 1408 1926 remissiones,
1437 1874 1494 1915 de
1524 1873 1692 1927 quibus
1720 1873 1809 1916 fuit
1835 1872 1965 1915 vobis

194 1943 427 1996 scriptum.
476 1944 602 1985 Bene
639 1956 801 1986 verum
838 1948 922 1998 est,
959 1944 1082 1997 quod
1119 1944 1354 1997 aliquibus
1390 1944 1502 1986 locis
1539 1944 1774 1998 religiosis
1808 1943 1965 1987 habita

194 2014 522 2057 informatione
551 2015 607 2056 de
635 2018 912 2068 paupertate
940 2028 1101 2057 eorum
1127 2015 1175 2056 in
1204 2028 1387 2058 camera
1414 2019 1459 2058 et
1486 2015 1543 2057 de
1571 2015 1766 2058 consilio
1792 2018 1838 2057 et
1864 2026 1965 2057 con-

193 2098 335 2127 sensu
368 2086 644 2127 clericorum
680 2098 877 2139 camere,
914 2087 1031 2129 sicut
1066 2099 1148 2128 vos
1185 2086 1344 2129 soletis
1380 2086 1552 2139 facere,
1589 2087 1772 2139 aliqua-s
1805 2085 1965 2127 remis-

193 2157 349 2198 siones
381 2156 485 2210 feci,
517 2156 794 2199 informatus
826 2170 910 2210 per
942 2156 1136 2199 clericos
1169 2169 1366 2209 camere,
1399 2157 1522 2210 quod
1552 2157 1710 2199 facere
1741 2159 1964 2210 poteram,

193 2230 237 2269 et
264 2240 349 2280 pro
378 2227 560 2269 annatis
589 2227 927 2270 beneficiorum
955 2229 1216 2270 vacantium
1246 2228 1354 2270 dedi
1384 2228 1662 2270 dilacionem
1689 2228 1828 2270 unius
1856 2227 1964 2270 anni

194 2298 251 2339 ad
289 2298 564 2340 solvendum
604 2302 647 2340 et
682 2299 918 2340 *interdum
957 2299 1111 2341 minus
1146 2298 1405 2340 *secundum
1443 2311 1632 2341 casuum
1670 2297 1964 2352 exigentiam,

193 2368 540 2422 assignaciones
573 2372 618 2411 et
650 2370 796 2411 eciam
831 2370 1181 2422 recogniciones
1216 2369 1305 2411 feci
1340 2369 1397 2411 de
1432 2369 1626 2411 consilio
1658 2372 1703 2411 et
1737 2380 1964 2411 consensu

193 2440 466 2481 clericorum
489 2452 672 2481 camere
692 2443 741 2482 et
762 2440 883 2482 facta
906 2440 1036 2493 prius
1059 2440 1389 2482 iustificatione
1414 2440 1676 2482 debitorum
1699 2439 1746 2481 in
1768 2449 1963 2490 camera,

193 2510 308 2554 sicut
334 2514 604 2552 consuetum
633 2514 702 2553 est
728 2511 851 2564 fieri,
878 2515 923 2553 et
948 2524 1041 2553 non
1069 2523 1269 2565 semper,
1297 2511 1483 2564 quando
1508 2511 1576 2553 fui
1603 2510 1870 2564 requisitus,
1896 2510 1965 2551 set

194 2585 240 2623 ut
267 2581 419 2623 minus
443 2581 585 2635 potui.

316 2652 427 2693 Item
454 2653 586 2694 nulla
612 2652 734 2694 bona
763 2665 845 2694 seu
872 2652 1037 2695 iocalia
1065 2653 1123 2694 ad
1150 2653 1322 2694 cultum
1349 2652 1557 2694 divinum
1583 2650 1864 2705 pertinentia
1889 2649 1963 2691 vel

193 2722 284 2765 alia
318 2724 520 2765 alienavi
555 2724 763 2776 exceptis
798 2723 1032 2776 aliquibus
1068 2726 1112 2765 et
1144 2724 1305 2776 paucis
1340 2723 1464 2765 vasis
1499 2722 1747 2776 argenteis,
1780 2733 1870 2775 que
1904 2719 1962 2762 de

194 2793 387 2835 consilio
422 2794 463 2835 d.
500 2794 750 2836 cardinalis
788 2794 1045 2836 Florentini
1082 2798 1127 2836 et
1163 2794 1221 2836 ad
1256 2794 1356 2836 eius
1392 2793 1744 2847 requisitionem
1779 2790 1963 2834 vendita

193 2864 397 2917 fuerunt,
431 2868 479 2906 ut
515 2865 810 2907 salvarentur
844 2866 979 2907 mitra
1015 2865 1356 2907 consistorialia
1391 2868 1435 2906 et
1471 2877 1583 2906 crux
1617 2869 1663 2907 et
1697 2861 1961 2916 reliquiare,

193 2935 315 2987 quod
340 2934 426 2976 i'uit
451 2935 644 2977 condam
670 2935 712 2977 d.
739 2935 952 2989 Gregorii
976 2935 1055 2977 XI.
1098 2935 1210 2977 Item
1235 2948 1356 2977 unus
1380 2935 1528 2977 flasco
1553 2937 1804 2988 argenteus
1825 2931 1960 2987 deau-

194 3007 322 3047 ratus
350 3017 451 3046 cum
480 3005 620 3047 armis
648 3005 823 3047 domini
851 3005 1110 3048 Alexandri
1139 3005 1225 3048 fuit
1252 3005 1468 3047 venditus
1495 3017 1580 3059 pro
1607 3003 1830 3058 expensis
1856 3013 1961 3045 exe-
