<?xml version="1.0" encoding="UTF-8"?>
<!DOCTYPE html PUBLIC "-//W3C//DTD XHTML 1.0 Transitional//EN"
    "http://www.w3.org/TR/xhtml1/DTD/xhtml1-transitional.dtd">
<html xmlns="http://www.w3.org/1999/xhtml" xml:lang="en" lang="en">
 <head>
  <title>
</title>
<meta http-equiv="Content-Type" content="text/html;charset=utf-8" />
  <meta name='ocr-system' content='tesseract 3.04.00' />
  <meta name='ocr-capabilities' content='ocr_page ocr_carea ocr_par ocr_line ocrx_word'/>
</head>
<body>
  <div class='ocr_page' id='page_1' title='image "./actaconciliicons02counuoft_0225.png"; bbox 0 0 2227 3434; ppageno 0'>
   <div class='ocr_carea' id='block_1_1' title="bbox 569 186 1875 234">
    <p class='ocr_par' dir='ltr' id='par_1_1' title="bbox 569 186 1875 234">
     <span class='ocr_line' id='line_1_1' title="bbox 569 186 1875 234; baseline -0.001 -11"><span class='ocrx_word' id='word_1_1' title='bbox 569 188 607 224; x_wconf 91' lang='lat' dir='ltr'>B.</span> <span class='ocrx_word' id='word_1_2' title='bbox 645 188 723 224; x_wconf 90' lang='lat' dir='ltr'>Der</span> <span class='ocrx_word' id='word_1_3' title='bbox 745 188 846 225; x_wconf 89' lang='lat' dir='ltr'>liber</span> <span class='ocrx_word' id='word_1_4' title='bbox 867 190 1059 233; x_wconf 87' lang='lat' dir='ltr'>gestorum</span> <span class='ocrx_word' id='word_1_5' title='bbox 1084 189 1153 224; x_wconf 89' lang='lat' dir='ltr'>des</span> <span class='ocrx_word' id='word_1_6' title='bbox 1177 186 1418 224; x_wconf 82' lang='lat' dir='ltr'>Cerretanus.</span> <span class='ocrx_word' id='word_1_7' title='bbox 1792 191 1875 234; x_wconf 85' lang='lat'>211</span> 
     </span>
    </p>
   </div>
   <div class='ocr_carea' id='block_1_2' title="bbox 109 307 1878 2984">
    <p class='ocr_par' dir='ltr' id='par_1_2' title="bbox 110 307 1877 574">
     <span class='ocr_line' id='line_1_2' title="bbox 113 307 1877 361; baseline 0 -11"><span class='ocrx_word' id='word_1_8' title='bbox 113 307 219 350; x_wconf 91' lang='lat' dir='ltr'>dem</span> <span class='ocrx_word' id='word_1_9' title='bbox 250 311 296 350; x_wconf 94' lang='lat' dir='ltr'>et</span> <span class='ocrx_word' id='word_1_10' title='bbox 329 307 376 350; x_wconf 92' lang='lat' dir='ltr'>in</span> <span class='ocrx_word' id='word_1_11' title='bbox 409 307 512 361; x_wconf 91' lang='lat' dir='ltr'>pari</span> <span class='ocrx_word' id='word_1_12' title='bbox 546 320 741 350; x_wconf 91' lang='lat' dir='ltr'>numero</span> <span class='ocrx_word' id='word_1_13' title='bbox 776 308 833 350; x_wconf 93' lang='lat' dir='ltr'>de</span> <span class='ocrx_word' id='word_1_14' title='bbox 869 308 1077 361; x_wconf 91' lang='lat' dir='ltr'>qualibet</span> <span class='ocrx_word' id='word_1_15' title='bbox 1111 308 1304 350; x_wconf 83' lang='lat' dir='ltr'>nacione</span> <span class='ocrx_word' id='word_1_16' title='bbox 1341 321 1392 350; x_wconf 92' lang='lat' dir='ltr'>ac</span> <span class='ocrx_word' id='word_1_17' title='bbox 1427 311 1636 351; x_wconf 89' lang='lat' dir='ltr'>oratores</span> <span class='ocrx_word' id='word_1_18' title='bbox 1670 308 1877 351; x_wconf 89' lang='lat' dir='ltr'>admitte-</span> 
     </span>
     <span class='ocr_line' id='line_1_3' title="bbox 111 378 1877 433; baseline 0.001 -13"><span class='ocrx_word' id='word_1_19' title='bbox 111 381 287 433; x_wconf 80' lang='lat' dir='ltr'>rentur,</span> <span class='ocrx_word' id='word_1_20' title='bbox 313 379 390 432; x_wconf 91' lang='lat' dir='ltr'>qui</span> <span class='ocrx_word' id='word_1_21' title='bbox 415 378 682 420; x_wconf 82' lang='lat' dir='ltr'>facultatem</span> <span class='ocrx_word' id='word_1_22' title='bbox 707 379 936 420; x_wconf 85' lang='lat' dir='ltr'>haberent</span> <span class='ocrx_word' id='word_1_23' title='bbox 959 378 1185 421; x_wconf 88' lang='lat' dir='ltr'>tractandi</span> <span class='ocrx_word' id='word_1_24' title='bbox 1211 382 1256 421; x_wconf 88' lang='lat' dir='ltr'>et</span> <span class='ocrx_word' id='word_1_25' title='bbox 1280 378 1587 421; x_wconf 90' lang='lat' dir='ltr'>concludendi</span> <span class='ocrx_word' id='word_1_26' title='bbox 1610 391 1680 432; x_wconf 87' lang='lat' dir='ltr'>ea,</span> <span class='ocrx_word' id='word_1_27' title='bbox 1704 392 1793 433; x_wconf 92' lang='lat' dir='ltr'>que</span> <span class='ocrx_word' id='word_1_28' title='bbox 1820 379 1877 422; x_wconf 91' lang='lat' dir='ltr'>ad</span> 
     </span>
     <span class='ocr_line' id='line_1_4' title="bbox 111 448 1877 503; baseline 0 -12"><span class='ocrx_word' id='word_1_29' title='bbox 111 450 331 491; x_wconf 91' lang='lat' dir='ltr'>unionem</span> <span class='ocrx_word' id='word_1_30' title='bbox 355 448 610 503; x_wconf 83' lang='lat' dir='ltr'>perfectam</span> <span class='ocrx_word' id='word_1_31' title='bbox 635 452 680 491; x_wconf 90' lang='lat' dir='ltr'>et</span> <span class='ocrx_word' id='word_1_32' title='bbox 705 449 1091 491; x_wconf 90' lang='lat' dir='ltr'>reformacionem</span> <span class='ocrx_word' id='word_1_33' title='bbox 1117 450 1313 492; x_wconf 86' lang='lat' dir='ltr'>ecclesie</span> <span class='ocrx_word' id='word_1_34' title='bbox 1338 450 1592 503; x_wconf 83' lang='lat' dir='ltr'>pertinent3</span> <span class='ocrx_word' id='word_1_35' title='bbox 1618 452 1664 492; x_wconf 90' lang='lat' dir='ltr'>et</span> <span class='ocrx_word' id='word_1_36' title='bbox 1686 453 1877 503; x_wconf 89' lang='lat' dir='ltr'>propter</span> 
     </span>
     <span class='ocr_line' id='line_1_5' title="bbox 110 519 1498 574; baseline 0.001 -13"><span class='ocrx_word' id='word_1_37' title='bbox 110 519 195 562; x_wconf 87' lang='lat' dir='ltr'>hoc</span> <span class='ocrx_word' id='word_1_38' title='bbox 223 519 432 573; x_wconf 91' lang='lat' dir='ltr'>predicta</span> <span class='ocrx_word' id='word_1_39' title='bbox 462 521 611 562; x_wconf 83' lang='lat' dir='ltr'>sessio</span> <span class='ocrx_word' id='word_1_40' title='bbox 638 520 874 562; x_wconf 91' lang='lat' dir='ltr'>celebrata</span> <span class='ocrx_word' id='word_1_41' title='bbox 904 533 997 562; x_wconf 90' lang='lat' dir='ltr'>non</span> <span class='ocrx_word' id='word_1_42' title='bbox 1025 524 1096 562; x_wconf 92' lang='lat' dir='ltr'>est</span> <span class='ocrx_word' id='word_1_43' title='bbox 1126 520 1209 563; x_wconf 91' lang='lat' dir='ltr'>sed</span> <span class='ocrx_word' id='word_1_44' title='bbox 1237 523 1498 574; x_wconf 89' lang='lat' dir='ltr'>prorogata.</span> 
     </span>
    </p>

    <p class='ocr_par' dir='ltr' id='par_1_3' title="bbox 110 590 1878 1130">
     <span class='ocr_line' id='line_1_6' title="bbox 229 590 1877 644; baseline 0.001 -12"><span class='ocrx_word' id='word_1_45' title='bbox 229 591 312 633; x_wconf 93' lang='lat' dir='ltr'>Die</span> <span class='ocrx_word' id='word_1_46' title='bbox 345 590 462 633; x_wconf 81' lang='lat' dir='ltr'>iovis</span> <span class='ocrx_word' id='word_1_47' title='bbox 494 592 690 644; x_wconf 90' lang='lat' dir='ltr'>septima</span> <span class='ocrx_word' id='word_1_48' title='bbox 722 592 897 634; x_wconf 87' lang='lat' dir='ltr'>mensis</span> <span class='ocrx_word' id='word_1_49' title='bbox 929 591 1188 643; x_wconf 84' lang='lat' dir='ltr'>Februarii,</span> <span class='ocrx_word' id='word_1_50' title='bbox 1221 604 1323 633; x_wconf 91' lang='lat' dir='ltr'>cum</span> <span class='ocrx_word' id='word_1_51' title='bbox 1355 594 1715 644; x_wconf 84' lang='lat' dir='ltr'>congregaretur</span> <span class='ocrx_word' id='word_1_52' title='bbox 1746 591 1877 633; x_wconf 92' lang='lat' dir='ltr'>nacio</span> 
     </span>
     <span class='ocr_line' id='line_1_7' title="bbox 111 661 1877 715; baseline 0.001 -12"><span class='ocrx_word' id='word_1_53' title='bbox 111 661 353 704; x_wconf 90' lang='lat' dir='ltr'>Gallicana</span> <span class='ocrx_word' id='word_1_54' title='bbox 382 661 509 704; x_wconf 86' lang='lat' dir='ltr'>iuxta</span> <span class='ocrx_word' id='word_1_55' title='bbox 538 674 714 703; x_wconf 91' lang='lat' dir='ltr'>morem</span> <span class='ocrx_word' id='word_1_56' title='bbox 742 665 787 703; x_wconf 90' lang='lat' dir='ltr'>et</span> <span class='ocrx_word' id='word_1_57' title='bbox 815 661 862 703; x_wconf 89' lang='lat' dir='ltr'>in</span> <span class='ocrx_word' id='word_1_58' title='bbox 891 663 990 704; x_wconf 93' lang='lat' dir='ltr'>loco</span> <span class='ocrx_word' id='word_1_59' title='bbox 1019 665 1239 704; x_wconf 88' lang='lat' dir='ltr'>consueto</span> <span class='ocrx_word' id='word_1_60' title='bbox 1267 665 1703 715; x_wconf 89' lang='lat' dir='ltr'>proponereturque</span> <span class='ocrx_word' id='word_1_61' title='bbox 1732 662 1779 704; x_wconf 92' lang='lat' dir='ltr'>in</span> <span class='ocrx_word' id='word_1_62' title='bbox 1807 674 1877 714; x_wconf 84' lang='lat' dir='ltr'>ea,</span> 
     </span>
     <span class='ocr_line' id='line_1_8' title="bbox 112 732 1877 787; baseline 0.001 -13"><span class='ocrx_word' id='word_1_63' title='bbox 112 744 171 774; x_wconf 92' lang='lat' dir='ltr'>an</span> <span class='ocrx_word' id='word_1_64' title='bbox 193 732 241 774; x_wconf 92' lang='lat' dir='ltr'>in</span> <span class='ocrx_word' id='word_1_65' title='bbox 265 732 458 786; x_wconf 86' lang='lat' dir='ltr'>agendis</span> <span class='ocrx_word' id='word_1_66' title='bbox 482 733 529 774; x_wconf 92' lang='lat' dir='ltr'>in</span> <span class='ocrx_word' id='word_1_67' title='bbox 551 732 745 775; x_wconf 92' lang='lat' dir='ltr'>concilio</span> <span class='ocrx_word' id='word_1_68' title='bbox 767 745 852 787; x_wconf 93' lang='lat' dir='ltr'>per</span> <span class='ocrx_word' id='word_1_69' title='bbox 875 745 1011 775; x_wconf 87' lang='lat' dir='ltr'>voces</span> <span class='ocrx_word' id='word_1_70' title='bbox 1036 734 1133 775; x_wconf 86' lang='lat' dir='ltr'>sive</span> <span class='ocrx_word' id='word_1_71' title='bbox 1157 733 1321 786; x_wconf 87' lang='lat' dir='ltr'>capita,</span> <span class='ocrx_word' id='word_1_72' title='bbox 1345 745 1403 775; x_wconf 91' lang='lat' dir='ltr'>an</span> <span class='ocrx_word' id='word_1_73' title='bbox 1424 745 1510 787; x_wconf 92' lang='lat' dir='ltr'>per</span> <span class='ocrx_word' id='word_1_74' title='bbox 1533 733 1752 775; x_wconf 87' lang='lat' dir='ltr'>naciones</span> <span class='ocrx_word' id='word_1_75' title='bbox 1773 746 1877 787; x_wconf 90' lang='lat' dir='ltr'>pro-</span> 
     </span>
     <span class='ocr_line' id='line_1_9' title="bbox 111 802 1877 858; baseline 0.001 -13"><span class='ocrx_word' id='word_1_76' title='bbox 111 802 212 845; x_wconf 88' lang='lat' dir='ltr'>cedi</span> <span class='ocrx_word' id='word_1_77' title='bbox 233 803 441 856; x_wconf 82' lang='lat' dir='ltr'>deberet,</span> <span class='ocrx_word' id='word_1_78' title='bbox 462 804 700 845; x_wconf 88' lang='lat' dir='ltr'>obtentum</span> <span class='ocrx_word' id='word_1_79' title='bbox 721 807 792 846; x_wconf 90' lang='lat' dir='ltr'>est</span> <span class='ocrx_word' id='word_1_80' title='bbox 811 804 857 845; x_wconf 94' lang='lat' dir='ltr'>in</span> <span class='ocrx_word' id='word_1_81' title='bbox 879 814 956 856; x_wconf 78' lang='lat' dir='ltr'>ea,</span> <span class='ocrx_word' id='word_1_82' title='bbox 969 804 1092 856; x_wconf 93' lang='lat' dir='ltr'>quod</span> <span class='ocrx_word' id='word_1_83' title='bbox 1112 816 1197 857; x_wconf 92' lang='lat' dir='ltr'>per</span> <span class='ocrx_word' id='word_1_84' title='bbox 1216 805 1437 846; x_wconf 89' lang='lat' dir='ltr'>naciones</span> <span class='ocrx_word' id='word_1_85' title='bbox 1458 807 1503 846; x_wconf 93' lang='lat' dir='ltr'>et</span> <span class='ocrx_word' id='word_1_86' title='bbox 1523 817 1616 846; x_wconf 93' lang='lat' dir='ltr'>non</span> <span class='ocrx_word' id='word_1_87' title='bbox 1634 817 1721 858; x_wconf 93' lang='lat' dir='ltr'>per</span> <span class='ocrx_word' id='word_1_88' title='bbox 1741 816 1877 847; x_wconf 82' lang='lat' dir='ltr'>voces</span> 
     </span>
     <span class='ocr_line' id='line_1_10' title="bbox 110 874 1878 928; baseline 0.001 -13"><span class='ocrx_word' id='word_1_89' title='bbox 110 874 208 916; x_wconf 87' lang='lat' dir='ltr'>sive</span> <span class='ocrx_word' id='word_1_90' title='bbox 233 875 384 928; x_wconf 88' lang='lat' dir='ltr'>capita</span> <span class='ocrx_word' id='word_1_91' title='bbox 409 874 701 927; x_wconf 87' lang='lat' dir='ltr'>procedatur,</span> <span class='ocrx_word' id='word_1_92' title='bbox 728 877 774 916; x_wconf 93' lang='lat' dir='ltr'>ut</span> <span class='ocrx_word' id='word_1_93' title='bbox 800 887 884 928; x_wconf 91' lang='lat' dir='ltr'>per</span> <span class='ocrx_word' id='word_1_94' title='bbox 910 875 1130 917; x_wconf 86' lang='lat' dir='ltr'>naciones</span> <span class='ocrx_word' id='word_1_95' title='bbox 1155 874 1458 928; x_wconf 85' lang='lat' dir='ltr'>Anglicanam</span> <span class='ocrx_word' id='word_1_96' title='bbox 1483 878 1528 917; x_wconf 90' lang='lat' dir='ltr'>et</span> <span class='ocrx_word' id='word_1_97' title='bbox 1555 875 1878 918; x_wconf 89' lang='lat' dir='ltr'>Germanicam</span> 
     </span>
     <span class='ocr_line' id='line_1_11' title="bbox 110 944 1877 999; baseline 0.001 -13"><span class='ocrx_word' id='word_1_98' title='bbox 110 948 334 998; x_wconf 89' lang='lat' dir='ltr'>perantea</span> <span class='ocrx_word' id='word_1_99' title='bbox 367 944 522 988; x_wconf 84' lang='lat' dir='ltr'>fuerat</span> <span class='ocrx_word' id='word_1_100' title='bbox 556 946 839 999; x_wconf 88' lang='lat' dir='ltr'>postulatum</span> <span class='ocrx_word' id='word_1_101' title='bbox 874 949 918 987; x_wconf 85' lang='lat' dir='ltr'>et</span> <span class='ocrx_word' id='word_1_102' title='bbox 952 946 1233 998; x_wconf 85' lang='lat' dir='ltr'>conclusum,</span> <span class='ocrx_word' id='word_1_103' title='bbox 1269 946 1392 999; x_wconf 93' lang='lat' dir='ltr'>quod</span> <span class='ocrx_word' id='word_1_104' title='bbox 1426 946 1613 999; x_wconf 90' lang='lat' dir='ltr'>quidem</span> <span class='ocrx_word' id='word_1_105' title='bbox 1648 946 1877 989; x_wconf 93' lang='lat' dir='ltr'>communi</span> 
     </span>
     <span class='ocr_line' id='line_1_12' title="bbox 110 1015 1877 1070; baseline 0 -12"><span class='ocrx_word' id='word_1_106' title='bbox 110 1015 312 1058; x_wconf 90' lang='lat' dir='ltr'>omnium</span> <span class='ocrx_word' id='word_1_107' title='bbox 337 1016 618 1069; x_wconf 89' lang='lat' dir='ltr'>sapientium</span> <span class='ocrx_word' id='word_1_108' title='bbox 641 1016 879 1059; x_wconf 88' lang='lat' dir='ltr'>sentencia</span> <span class='ocrx_word' id='word_1_109' title='bbox 904 1020 1166 1070; x_wconf 84' lang='lat' dir='ltr'>reputatum</span> <span class='ocrx_word' id='word_1_110' title='bbox 1191 1020 1261 1060; x_wconf 91' lang='lat' dir='ltr'>est</span> <span class='ocrx_word' id='word_1_111' title='bbox 1284 1017 1385 1059; x_wconf 88' lang='lat' dir='ltr'>fore</span> <span class='ocrx_word' id='word_1_112' title='bbox 1411 1017 1581 1059; x_wconf 92' lang='lat' dir='ltr'>bonum</span> <span class='ocrx_word' id='word_1_113' title='bbox 1608 1017 1795 1060; x_wconf 90' lang='lat' dir='ltr'>inicium</span> <span class='ocrx_word' id='word_1_114' title='bbox 1819 1017 1877 1060; x_wconf 91' lang='lat' dir='ltr'>ad</span> 
     </span>
     <span class='ocr_line' id='line_1_13' title="bbox 111 1086 872 1130; baseline 0.001 -2"><span class='ocrx_word' id='word_1_115' title='bbox 111 1087 330 1129; x_wconf 91' lang='lat' dir='ltr'>unionem</span> <span class='ocrx_word' id='word_1_116' title='bbox 357 1086 555 1130; x_wconf 88' lang='lat' dir='ltr'>ecclesie</span> <span class='ocrx_word' id='word_1_117' title='bbox 585 1091 742 1130; x_wconf 88' lang='lat' dir='ltr'>sancte</span> <span class='ocrx_word' id='word_1_118' title='bbox 774 1087 872 1129; x_wconf 93' lang='lat' dir='ltr'>Dei.</span> 
     </span>
    </p>

    <p class='ocr_par' dir='ltr' id='par_1_4' title="bbox 109 1158 1878 1414">
     <span class='ocr_line' id='line_1_14' title="bbox 227 1158 1878 1202; baseline 0.001 -2"><span class='ocrx_word' id='word_1_119' title='bbox 227 1158 313 1201; x_wconf 92' lang='lat' dir='ltr'>Die</span> <span class='ocrx_word' id='word_1_120' title='bbox 343 1158 531 1201; x_wconf 89' lang='lat' dir='ltr'>veneris</span> <span class='ocrx_word' id='word_1_121' title='bbox 560 1161 719 1201; x_wconf 80' lang='lat' dir='ltr'>octava</span> <span class='ocrx_word' id='word_1_122' title='bbox 748 1159 922 1201; x_wconf 90' lang='lat' dir='ltr'>mensis</span> <span class='ocrx_word' id='word_1_123' title='bbox 955 1159 1199 1201; x_wconf 91' lang='lat' dir='ltr'>Februarii</span> <span class='ocrx_word' id='word_1_124' title='bbox 1228 1163 1438 1202; x_wconf 91' lang='lat' dir='ltr'>oratores</span> <span class='ocrx_word' id='word_1_125' title='bbox 1468 1160 1702 1202; x_wconf 88' lang='lat' dir='ltr'>solemnes</span> <span class='ocrx_word' id='word_1_126' title='bbox 1732 1159 1774 1201; x_wconf 92' lang='lat' dir='ltr'>d.</span> <span class='ocrx_word' id='word_1_127' title='bbox 1804 1159 1878 1202; x_wconf 86' lang='lat' dir='ltr'>Jo-</span> 
     </span>
     <span class='ocr_line' id='line_1_15' title="bbox 110 1229 1878 1283; baseline 0 -12"><span class='ocrx_word' id='word_1_128' title='bbox 110 1229 264 1272; x_wconf 91' lang='lat' dir='ltr'>hanne</span> <span class='ocrx_word' id='word_1_129' title='bbox 300 1229 357 1271; x_wconf 92' lang='lat' dir='ltr'>de</span> <span class='ocrx_word' id='word_1_130' title='bbox 395 1230 628 1272; x_wconf 89' lang='lat' dir='ltr'>Durachio</span> <span class='ocrx_word' id='word_1_131' title='bbox 663 1229 846 1272; x_wconf 87' lang='lat' dir='ltr'>ducisse</span> <span class='ocrx_word' id='word_1_132' title='bbox 882 1233 980 1283; x_wconf 88' lang='lat' dir='ltr'>etc.,</span> <span class='ocrx_word' id='word_1_133' title='bbox 1018 1242 1214 1283; x_wconf 93' lang='lat' dir='ltr'>quorum</span> <span class='ocrx_word' id='word_1_134' title='bbox 1249 1231 1437 1273; x_wconf 90' lang='lat' dir='ltr'>nomina</span> <span class='ocrx_word' id='word_1_135' title='bbox 1473 1230 1671 1273; x_wconf 91' lang='lat' dir='ltr'>inferius</span> <span class='ocrx_word' id='word_1_136' title='bbox 1707 1230 1878 1272; x_wconf 89' lang='lat' dir='ltr'>descri-</span> 
     </span>
     <span class='ocr_line' id='line_1_16' title="bbox 111 1299 1878 1356; baseline 0.001 -15"><span class='ocrx_word' id='word_1_137' title='bbox 111 1299 294 1354; x_wconf 88' lang='lat' dir='ltr'>buntur,</span> <span class='ocrx_word' id='word_1_138' title='bbox 323 1300 645 1343; x_wconf 86' lang='lat' dir='ltr'>Constanciam</span> <span class='ocrx_word' id='word_1_139' title='bbox 672 1303 777 1343; x_wconf 91' lang='lat' dir='ltr'>sunt</span> <span class='ocrx_word' id='word_1_140' title='bbox 804 1300 1018 1356; x_wconf 88' lang='lat' dir='ltr'>ingressi,</span> <span class='ocrx_word' id='word_1_141' title='bbox 1046 1301 1444 1354; x_wconf 84' lang='lat' dir='ltr'>obviaveruntque</span> <span class='ocrx_word' id='word_1_142' title='bbox 1471 1302 1540 1343; x_wconf 91' lang='lat' dir='ltr'>eis</span> <span class='ocrx_word' id='word_1_143' title='bbox 1567 1314 1688 1355; x_wconf 92' lang='lat' dir='ltr'>pape</span> <span class='ocrx_word' id='word_1_144' title='bbox 1715 1304 1760 1343; x_wconf 90' lang='lat' dir='ltr'>et</span> <span class='ocrx_word' id='word_1_145' title='bbox 1787 1313 1878 1344; x_wconf 91' lang='lat' dir='ltr'>om-</span> 
     </span>
     <span class='ocr_line' id='line_1_17' title="bbox 109 1370 784 1414; baseline 0.001 -2"><span class='ocrx_word' id='word_1_146' title='bbox 109 1370 235 1413; x_wconf 89' lang='lat' dir='ltr'>nium</span> <span class='ocrx_word' id='word_1_147' title='bbox 260 1371 567 1414; x_wconf 88' lang='lat' dir='ltr'>cardinalium</span> <span class='ocrx_word' id='word_1_148' title='bbox 592 1371 784 1414; x_wconf 82' lang='lat' dir='ltr'>familie.</span> 
     </span>
    </p>

    <p class='ocr_par' dir='ltr' id='par_1_5' title="bbox 109 1443 1878 1640">
     <span class='ocr_line' id='line_1_18' title="bbox 227 1443 1878 1497; baseline 0.001 -13"><span class='ocrx_word' id='word_1_149' title='bbox 227 1443 355 1485; x_wconf 92' lang='lat' dir='ltr'>Dom.</span> <span class='ocrx_word' id='word_1_150' title='bbox 383 1443 633 1497; x_wconf 85' lang='lat' dir='ltr'>Nicolaus¹)</span> <span class='ocrx_word' id='word_1_151' title='bbox 664 1443 1042 1497; x_wconf 88' lang='lat' dir='ltr'>archiepiscopus</span> <span class='ocrx_word' id='word_1_152' title='bbox 1069 1443 1424 1496; x_wconf 80' lang='lat' dir='ltr'>Acherontinus,</span> <span class='ocrx_word' id='word_1_153' title='bbox 1452 1444 1493 1485; x_wconf 93' lang='lat' dir='ltr'>d.</span> <span class='ocrx_word' id='word_1_154' title='bbox 1527 1443 1731 1486; x_wconf 83' lang='lat' dir='ltr'>Marinus</span> <span class='ocrx_word' id='word_1_155' title='bbox 1758 1443 1878 1496; x_wconf 91' lang='lat' dir='ltr'>epis-</span> 
     </span>
     <span class='ocr_line' id='line_1_19' title="bbox 109 1513 1876 1569; baseline 0 -14"><span class='ocrx_word' id='word_1_156' title='bbox 109 1525 251 1567; x_wconf 89' lang='lat' dir='ltr'>copus</span> <span class='ocrx_word' id='word_1_157' title='bbox 283 1513 606 1569; x_wconf 87' lang='lat' dir='ltr'>Cassanensis,</span> <span class='ocrx_word' id='word_1_158' title='bbox 640 1515 681 1556; x_wconf 91' lang='lat' dir='ltr'>d.</span> <span class='ocrx_word' id='word_1_159' title='bbox 715 1514 930 1558; x_wconf 79' lang='lat' dir='ltr'>Andreas</span> <span class='ocrx_word' id='word_1_160' title='bbox 964 1515 1021 1557; x_wconf 91' lang='lat' dir='ltr'>de</span> <span class='ocrx_word' id='word_1_161' title='bbox 1055 1515 1217 1557; x_wconf 82' lang='lat' dir='ltr'>Judice</span> <span class='ocrx_word' id='word_1_162' title='bbox 1252 1516 1400 1566; x_wconf 79' lang='lat' dir='ltr'>miles,</span> <span class='ocrx_word' id='word_1_163' title='bbox 1435 1515 1476 1556; x_wconf 91' lang='lat' dir='ltr'>d.</span> <span class='ocrx_word' id='word_1_164' title='bbox 1513 1514 1785 1557; x_wconf 90' lang='lat' dir='ltr'>Franciscus</span> <span class='ocrx_word' id='word_1_165' title='bbox 1819 1514 1876 1555; x_wconf 92' lang='lat' dir='ltr'>de</span> 
     </span>
     <span class='ocr_line' id='line_1_20' title="bbox 111 1584 891 1640; baseline 0.003 -14"><span class='ocrx_word' id='word_1_166' title='bbox 111 1584 287 1640; x_wconf 74' lang='lat' dir='ltr'>Arch.⁸)</span> <span class='ocrx_word' id='word_1_167' title='bbox 314 1584 557 1639; x_wconf 87' lang='lat' dir='ltr'>utriusque</span> <span class='ocrx_word' id='word_1_168' title='bbox 581 1585 695 1628; x_wconf 91' lang='lat' dir='ltr'>iuris</span> <span class='ocrx_word' id='word_1_169' title='bbox 721 1586 891 1629; x_wconf 91' lang='lat' dir='ltr'>doctor.</span> 
     </span>
    </p>

    <p class='ocr_par' dir='ltr' id='par_1_6' title="bbox 110 1655 1877 1993">
     <span class='ocr_line' id='line_1_21' title="bbox 226 1655 1876 1700; baseline 0 -2"><span class='ocrx_word' id='word_1_170' title='bbox 226 1655 313 1698; x_wconf 93' lang='lat' dir='ltr'>Die</span> <span class='ocrx_word' id='word_1_171' title='bbox 346 1656 527 1699; x_wconf 91' lang='lat' dir='ltr'>sabbati</span> <span class='ocrx_word' id='word_1_172' title='bbox 563 1656 637 1698; x_wconf 94' lang='lat' dir='ltr'>IX.</span> <span class='ocrx_word' id='word_1_173' title='bbox 670 1656 845 1700; x_wconf 91' lang='lat' dir='ltr'>mensis</span> <span class='ocrx_word' id='word_1_174' title='bbox 878 1657 1123 1699; x_wconf 89' lang='lat' dir='ltr'>Februarii</span> <span class='ocrx_word' id='word_1_175' title='bbox 1157 1666 1327 1699; x_wconf 79' lang='lat' dir='ltr'>revmus</span> <span class='ocrx_word' id='word_1_176' title='bbox 1360 1656 1402 1699; x_wconf 89' lang='lat' dir='ltr'>d.</span> <span class='ocrx_word' id='word_1_177' title='bbox 1435 1656 1725 1699; x_wconf 90' lang='lat' dir='ltr'>Alemannus</span> <span class='ocrx_word' id='word_1_178' title='bbox 1756 1655 1876 1698; x_wconf 86' lang='lat' dir='ltr'>tituli</span> 
     </span>
     <span class='ocr_line' id='line_1_22' title="bbox 110 1727 1877 1781; baseline 0 -13"><span class='ocrx_word' id='word_1_179' title='bbox 110 1727 254 1769; x_wconf 88' lang='lat' dir='ltr'>sancti</span> <span class='ocrx_word' id='word_1_180' title='bbox 289 1727 480 1770; x_wconf 91' lang='lat' dir='ltr'>Eusebii</span> <span class='ocrx_word' id='word_1_181' title='bbox 512 1728 760 1781; x_wconf 89' lang='lat' dir='ltr'>presbyter</span> <span class='ocrx_word' id='word_1_182' title='bbox 794 1727 1046 1771; x_wconf 91' lang='lat' dir='ltr'>cardinalis</span> <span class='ocrx_word' id='word_1_183' title='bbox 1081 1727 1279 1771; x_wconf 89' lang='lat' dir='ltr'>Pisanus</span> <span class='ocrx_word' id='word_1_184' title='bbox 1314 1728 1370 1770; x_wconf 93' lang='lat' dir='ltr'>de</span> <span class='ocrx_word' id='word_1_185' title='bbox 1407 1727 1646 1781; x_wconf 90' lang='lat' dir='ltr'>legacione</span> <span class='ocrx_word' id='word_1_186' title='bbox 1682 1727 1877 1769; x_wconf 90' lang='lat' dir='ltr'>Francie</span> 
     </span>
     <span class='ocr_line' id='line_1_23' title="bbox 111 1797 1871 1853; baseline 0 -13"><span class='ocrx_word' id='word_1_187' title='bbox 111 1797 300 1841; x_wconf 90' lang='lat' dir='ltr'>rediens</span> <span class='ocrx_word' id='word_1_188' title='bbox 327 1798 651 1841; x_wconf 91' lang='lat' dir='ltr'>Constanciam</span> <span class='ocrx_word' id='word_1_189' title='bbox 680 1800 920 1853; x_wconf 88' lang='lat' dir='ltr'>ingressus</span> <span class='ocrx_word' id='word_1_190' title='bbox 949 1801 1037 1851; x_wconf 87' lang='lat' dir='ltr'>est;</span> <span class='ocrx_word' id='word_1_191' title='bbox 1067 1799 1139 1840; x_wconf 91' lang='lat' dir='ltr'>cui</span> <span class='ocrx_word' id='word_1_192' title='bbox 1169 1798 1475 1841; x_wconf 90' lang='lat' dir='ltr'>obviaverunt</span> <span class='ocrx_word' id='word_1_193' title='bbox 1501 1810 1663 1841; x_wconf 90' lang='lat' dir='ltr'>omnes</span> <span class='ocrx_word' id='word_1_194' title='bbox 1691 1797 1732 1840; x_wconf 94' lang='lat' dir='ltr'>d.</span> <span class='ocrx_word' id='word_1_195' title='bbox 1763 1811 1796 1840; x_wconf 87' lang='lat' dir='ltr'>s.</span> <span class='ocrx_word' id='word_1_196' title='bbox 1826 1797 1871 1839; x_wconf 81' lang='lat' dir='ltr'>R.</span> 
     </span>
     <span class='ocr_line' id='line_1_24' title="bbox 111 1868 1871 1924; baseline 0 -14"><span class='ocrx_word' id='word_1_197' title='bbox 111 1879 149 1913; x_wconf 91' lang='lat' dir='ltr'>e.</span> <span class='ocrx_word' id='word_1_198' title='bbox 180 1868 443 1912; x_wconf 90' lang='lat' dir='ltr'>cardinales</span> <span class='ocrx_word' id='word_1_199' title='bbox 473 1882 498 1912; x_wconf 91' lang='lat' dir='ltr'>a</span> <span class='ocrx_word' id='word_1_200' title='bbox 528 1869 570 1912; x_wconf 91' lang='lat' dir='ltr'>d.</span> <span class='ocrx_word' id='word_1_201' title='bbox 600 1872 852 1923; x_wconf 90' lang='lat' dir='ltr'>nostroque</span> <span class='ocrx_word' id='word_1_202' title='bbox 882 1882 1004 1924; x_wconf 93' lang='lat' dir='ltr'>papa</span> <span class='ocrx_word' id='word_1_203' title='bbox 1033 1870 1247 1912; x_wconf 59' lang='lat' dir='ltr'>&lt;Iohanne</span> <span class='ocrx_word' id='word_1_204' title='bbox 1276 1869 1448 1912; x_wconf 91' lang='lat' dir='ltr'><strong>XXIII.</strong></span> <span class='ocrx_word' id='word_1_205' title='bbox 1480 1882 1607 1912; x_wconf 92' lang='lat' dir='ltr'>more</span> <span class='ocrx_word' id='word_1_206' title='bbox 1639 1869 1778 1922; x_wconf 87' lang='lat' dir='ltr'>legati</span> <span class='ocrx_word' id='word_1_207' title='bbox 1809 1880 1871 1910; x_wconf 83' lang='lat' dir='ltr'>re-</span> 
     </span>
     <span class='ocr_line' id='line_1_25' title="bbox 114 1941 384 1993; baseline 0.011 -13"><span class='ocrx_word' id='word_1_208' title='bbox 114 1941 273 1993; x_wconf 88' lang='lat' dir='ltr'>ceptus</span> <span class='ocrx_word' id='word_1_209' title='bbox 300 1943 384 1983; x_wconf 90' lang='lat' dir='ltr'>est.</span> 
     </span>
    </p>

    <p class='ocr_par' dir='ltr' id='par_1_7' title="bbox 112 2010 1878 2205">
     <span class='ocr_line' id='line_1_26' title="bbox 228 2010 1878 2055; baseline 0 -3"><span class='ocrx_word' id='word_1_210' title='bbox 228 2010 314 2053; x_wconf 94' lang='lat' dir='ltr'>Die</span> <span class='ocrx_word' id='word_1_211' title='bbox 352 2010 581 2054; x_wconf 91' lang='lat' dir='ltr'>dominica</span> <span class='ocrx_word' id='word_1_212' title='bbox 621 2011 799 2054; x_wconf 88' lang='lat' dir='ltr'>decima</span> <span class='ocrx_word' id='word_1_213' title='bbox 837 2011 1012 2055; x_wconf 89' lang='lat' dir='ltr'>mensis</span> <span class='ocrx_word' id='word_1_214' title='bbox 1054 2011 1297 2054; x_wconf 92' lang='lat' dir='ltr'>Februarii</span> <span class='ocrx_word' id='word_1_215' title='bbox 1335 2011 1575 2054; x_wconf 80' lang='lat' dir='ltr'>Johannes</span> <span class='ocrx_word' id='word_1_216' title='bbox 1614 2010 1734 2053; x_wconf 92' lang='lat' dir='ltr'>alius</span> <span class='ocrx_word' id='word_1_217' title='bbox 1772 2010 1878 2052; x_wconf 93' lang='lat' dir='ltr'>bur-</span> 
     </span>
     <span class='ocr_line' id='line_1_27' title="bbox 112 2080 1877 2136; baseline -0.001 -12"><span class='ocrx_word' id='word_1_218' title='bbox 112 2080 297 2134; x_wconf 87' lang='lat' dir='ltr'>gravius</span> <span class='ocrx_word' id='word_1_219' title='bbox 341 2081 398 2124; x_wconf 94' lang='lat' dir='ltr'>de</span> <span class='ocrx_word' id='word_1_220' title='bbox 441 2082 714 2136; x_wconf 89' lang='lat' dir='ltr'>Norenberg</span> <span class='ocrx_word' id='word_1_221' title='bbox 756 2083 802 2124; x_wconf 93' lang='lat' dir='ltr'>in</span> <span class='ocrx_word' id='word_1_222' title='bbox 847 2085 1074 2136; x_wconf 91' lang='lat' dir='ltr'>apparatu</span> <span class='ocrx_word' id='word_1_223' title='bbox 1117 2083 1401 2136; x_wconf 92' lang='lat' dir='ltr'>pulcerrimo</span> <span class='ocrx_word' id='word_1_224' title='bbox 1445 2081 1767 2125; x_wconf 91' lang='lat' dir='ltr'>Constanciam</span> <span class='ocrx_word' id='word_1_225' title='bbox 1813 2082 1877 2122; x_wconf 92' lang='lat' dir='ltr'>in-</span> 
     </span>
     <span class='ocr_line' id='line_1_28' title="bbox 114 2155 414 2205; baseline 0.003 -11"><span class='ocrx_word' id='word_1_226' title='bbox 114 2163 303 2205; x_wconf 87' lang='lat' dir='ltr'>gressus</span> <span class='ocrx_word' id='word_1_227' title='bbox 329 2155 414 2196; x_wconf 86' lang='lat' dir='ltr'>est.</span> 
     </span>
    </p>

    <p class='ocr_par' dir='ltr' id='par_1_8' title="bbox 114 2223 1878 2984">
     <span class='ocr_line' id='line_1_29' title="bbox 229 2223 1877 2267; baseline -0.001 -1"><span class='ocrx_word' id='word_1_228' title='bbox 229 2223 314 2266; x_wconf 92' lang='lat' dir='ltr'>Die</span> <span class='ocrx_word' id='word_1_229' title='bbox 336 2224 524 2266; x_wconf 90' lang='lat' dir='ltr'>veneris</span> <span class='ocrx_word' id='word_1_230' title='bbox 547 2224 642 2266; x_wconf 90' lang='lat' dir='ltr'>XV.</span> <span class='ocrx_word' id='word_1_231' title='bbox 667 2225 842 2267; x_wconf 90' lang='lat' dir='ltr'>mensis</span> <span class='ocrx_word' id='word_1_232' title='bbox 868 2224 1112 2267; x_wconf 87' lang='lat' dir='ltr'>Februarii</span> <span class='ocrx_word' id='word_1_233' title='bbox 1135 2237 1237 2266; x_wconf 93' lang='lat' dir='ltr'>cum</span> <span class='ocrx_word' id='word_1_234' title='bbox 1261 2223 1448 2266; x_wconf 84' lang='lat' dir='ltr'>diversa</span> <span class='ocrx_word' id='word_1_235' title='bbox 1470 2223 1664 2266; x_wconf 88' lang='lat' dir='ltr'>concilia</span> <span class='ocrx_word' id='word_1_236' title='bbox 1687 2223 1734 2264; x_wconf 90' lang='lat' dir='ltr'>in</span> <span class='ocrx_word' id='word_1_237' title='bbox 1756 2223 1877 2265; x_wconf 89' lang='lat' dir='ltr'>naci-</span> 
     </span>
     <span class='ocr_line' id='line_1_30' title="bbox 114 2293 1877 2348; baseline -0.001 -12"><span class='ocrx_word' id='word_1_238' title='bbox 114 2293 280 2337; x_wconf 91' lang='lat' dir='ltr'>onibus</span> <span class='ocrx_word' id='word_1_239' title='bbox 317 2294 672 2347; x_wconf 87' lang='lat' dir='ltr'>Germanorum‚</span> <span class='ocrx_word' id='word_1_240' title='bbox 711 2295 952 2338; x_wconf 91' lang='lat' dir='ltr'>Gallicana</span> <span class='ocrx_word' id='word_1_241' title='bbox 990 2298 1036 2337; x_wconf 93' lang='lat' dir='ltr'>et</span> <span class='ocrx_word' id='word_1_242' title='bbox 1073 2295 1328 2348; x_wconf 82' lang='lat' dir='ltr'>Anglicana</span> <span class='ocrx_word' id='word_1_243' title='bbox 1367 2306 1509 2348; x_wconf 90' lang='lat' dir='ltr'>super</span> <span class='ocrx_word' id='word_1_244' title='bbox 1547 2294 1683 2336; x_wconf 93' lang='lat' dir='ltr'>modo</span> <span class='ocrx_word' id='word_1_245' title='bbox 1722 2296 1766 2336; x_wconf 89' lang='lat' dir='ltr'>et</span> <span class='ocrx_word' id='word_1_246' title='bbox 1803 2294 1877 2335; x_wconf 83' lang='lat' dir='ltr'>via</span> 
     </span>
     <span class='ocr_line' id='line_1_31' title="bbox 114 2363 1878 2418; baseline 0 -12"><span class='ocrx_word' id='word_1_247' title='bbox 114 2363 303 2407; x_wconf 90' lang='lat' dir='ltr'>uniendi</span> <span class='ocrx_word' id='word_1_248' title='bbox 336 2365 580 2408; x_wconf 89' lang='lat' dir='ltr'>ecclesiam</span> <span class='ocrx_word' id='word_1_249' title='bbox 614 2365 736 2408; x_wconf 87' lang='lat' dir='ltr'>facta</span> <span class='ocrx_word' id='word_1_250' title='bbox 768 2365 968 2408; x_wconf 91' lang='lat' dir='ltr'>fuissent</span> <span class='ocrx_word' id='word_1_251' title='bbox 1002 2366 1122 2408; x_wconf 88' lang='lat' dir='ltr'>inter</span> <span class='ocrx_word' id='word_1_252' title='bbox 1156 2378 1329 2418; x_wconf 91' lang='lat' dir='ltr'>easque</span> <span class='ocrx_word' id='word_1_253' title='bbox 1364 2365 1602 2408; x_wconf 88' lang='lat' dir='ltr'>obtentum</span> <span class='ocrx_word' id='word_1_254' title='bbox 1635 2364 1802 2407; x_wconf 86' lang='lat' dir='ltr'>fuisset</span> <span class='ocrx_word' id='word_1_255' title='bbox 1833 2367 1878 2406; x_wconf 89' lang='lat' dir='ltr'>et</span> 
     </span>
     <span class='ocr_line' id='line_1_32' title="bbox 114 2434 1877 2490; baseline 0 -15"><span class='ocrx_word' id='word_1_256' title='bbox 114 2434 391 2489; x_wconf 85' lang='lat' dir='ltr'>conclusum,</span> <span class='ocrx_word' id='word_1_257' title='bbox 425 2437 547 2490; x_wconf 93' lang='lat' dir='ltr'>quod</span> <span class='ocrx_word' id='word_1_258' title='bbox 579 2437 653 2479; x_wconf 85' lang='lat' dir='ltr'>via</span> <span class='ocrx_word' id='word_1_259' title='bbox 686 2436 912 2479; x_wconf 90' lang='lat' dir='ltr'>cessionis</span> <span class='ocrx_word' id='word_1_260' title='bbox 945 2439 1069 2479; x_wconf 90' lang='lat' dir='ltr'>esset</span> <span class='ocrx_word' id='word_1_261' title='bbox 1102 2436 1176 2478; x_wconf 87' lang='lat' dir='ltr'>via</span> <span class='ocrx_word' id='word_1_262' title='bbox 1210 2436 1457 2489; x_wconf 86' lang='lat' dir='ltr'>salubrior,</span> <span class='ocrx_word' id='word_1_263' title='bbox 1492 2435 1667 2478; x_wconf 91' lang='lat' dir='ltr'>cercior</span> <span class='ocrx_word' id='word_1_264' title='bbox 1700 2438 1745 2476; x_wconf 87' lang='lat' dir='ltr'>et</span> <span class='ocrx_word' id='word_1_265' title='bbox 1777 2434 1877 2476; x_wconf 90' lang='lat' dir='ltr'>sine</span> 
     </span>
     <span class='ocr_line' id='line_1_33' title="bbox 114 2505 1877 2559; baseline -0.001 -13"><span class='ocrx_word' id='word_1_266' title='bbox 114 2505 267 2559; x_wconf 88' lang='lat' dir='ltr'>aliqua</span> <span class='ocrx_word' id='word_1_267' title='bbox 294 2506 572 2549; x_wconf 86' lang='lat' dir='ltr'>difficultate</span> <span class='ocrx_word' id='word_1_268' title='bbox 599 2507 657 2550; x_wconf 92' lang='lat' dir='ltr'>ad</span> <span class='ocrx_word' id='word_1_269' title='bbox 684 2507 938 2549; x_wconf 91' lang='lat' dir='ltr'>uniendum</span> <span class='ocrx_word' id='word_1_270' title='bbox 964 2507 1209 2549; x_wconf 88' lang='lat' dir='ltr'>ecclesiam</span> <span class='ocrx_word' id='word_1_271' title='bbox 1238 2510 1441 2549; x_wconf 88' lang='lat' dir='ltr'>sanctam</span> <span class='ocrx_word' id='word_1_272' title='bbox 1470 2506 1569 2559; x_wconf 91' lang='lat' dir='ltr'>Dei,</span> <span class='ocrx_word' id='word_1_273' title='bbox 1597 2506 1764 2549; x_wconf 90' lang='lat' dir='ltr'>ceteris</span> <span class='ocrx_word' id='word_1_274' title='bbox 1791 2505 1877 2546; x_wconf 80' lang='lat' dir='ltr'>viis</span> 
     </span>
     <span class='ocr_line' id='line_1_34' title="bbox 114 2576 1864 2631; baseline -0.001 -13"><span class='ocrx_word' id='word_1_275' title='bbox 114 2577 344 2630; x_wconf 84' lang='lat' dir='ltr'>tamquam</span> <span class='ocrx_word' id='word_1_276' title='bbox 366 2577 643 2620; x_wconf 84' lang='lat' dir='ltr'>difficilibus</span> <span class='ocrx_word' id='word_1_277' title='bbox 665 2581 709 2620; x_wconf 87' lang='lat' dir='ltr'>et</span> <span class='ocrx_word' id='word_1_278' title='bbox 733 2577 1102 2631; x_wconf 89' lang='lat' dir='ltr'>impossibilibus</span> <span class='ocrx_word' id='word_1_279' title='bbox 1124 2577 1400 2631; x_wconf 90' lang='lat' dir='ltr'>reprobatis,</span> <span class='ocrx_word' id='word_1_280' title='bbox 1423 2577 1621 2630; x_wconf 91' lang='lat' dir='ltr'>huicque</span> <span class='ocrx_word' id='word_1_281' title='bbox 1644 2576 1716 2618; x_wconf 93' lang='lat' dir='ltr'>vie</span> <span class='ocrx_word' id='word_1_282' title='bbox 1740 2579 1864 2629; x_wconf 71' lang='lat' dir='ltr'>atqu&lt;</span> 
     </span>
     <span class='ocr_line' id='line_1_35' title="bbox 114 2645 1875 2702; baseline -0.001 -14"><span class='ocrx_word' id='word_1_283' title='bbox 114 2645 438 2690; x_wconf 89' lang='lat' dir='ltr'>deliberationi</span> <span class='ocrx_word' id='word_1_284' title='bbox 473 2648 837 2702; x_wconf 86' lang='lat' dir='ltr'>gloriosissimus</span> <span class='ocrx_word' id='word_1_285' title='bbox 872 2649 1092 2702; x_wconf 89' lang='lat' dir='ltr'>princeps</span> <span class='ocrx_word' id='word_1_286' title='bbox 1129 2648 1170 2690; x_wconf 92' lang='lat' dir='ltr'>d.</span> <span class='ocrx_word' id='word_1_287' title='bbox 1207 2647 1529 2701; x_wconf 88' lang='lat' dir='ltr'>Sigismundus</span> <span class='ocrx_word' id='word_1_288' title='bbox 1566 2648 1875 2689; x_wconf 88' lang='lat' dir='ltr'>Romanorum</span> 
     </span>
     <span class='ocr_line' id='line_1_36' title="bbox 115 2716 1876 2773; baseline 0 -15"><span class='ocrx_word' id='word_1_289' title='bbox 115 2719 161 2758; x_wconf 87' lang='lat' dir='ltr'>et</span> <span class='ocrx_word' id='word_1_290' title='bbox 194 2717 430 2772; x_wconf 86' lang='lat' dir='ltr'>Hungarie</span> <span class='ocrx_word' id='word_1_291' title='bbox 469 2731 554 2760; x_wconf 85' lang='lat' dir='ltr'>rex</span> <span class='ocrx_word' id='word_1_292' title='bbox 591 2731 777 2772; x_wconf 91' lang='lat' dir='ltr'>semper</span> <span class='ocrx_word' id='word_1_293' title='bbox 815 2722 1037 2773; x_wconf 86' lang='lat' dir='ltr'>augustus</span> <span class='ocrx_word' id='word_1_294' title='bbox 1074 2718 1215 2761; x_wconf 78' lang='lat' dir='ltr'>velud</span> <span class='ocrx_word' id='word_1_295' title='bbox 1253 2718 1562 2761; x_wconf 89' lang='lat' dir='ltr'>saluberrime</span> <span class='ocrx_word' id='word_1_296' title='bbox 1602 2716 1876 2768; x_wconf 88' lang='lat' dir='ltr'>adhesisset,</span> 
     </span>
     <span class='ocr_line' id='line_1_37' title="bbox 116 2785 1875 2843; baseline 0 -15"><span class='ocrx_word' id='word_1_297' title='bbox 116 2785 424 2831; x_wconf 84' lang='lat' dir='ltr'>deliberatum</span> <span class='ocrx_word' id='word_1_298' title='bbox 459 2792 530 2832; x_wconf 89' lang='lat' dir='ltr'>est</span> <span class='ocrx_word' id='word_1_299' title='bbox 565 2801 650 2843; x_wconf 90' lang='lat' dir='ltr'>per</span> <span class='ocrx_word' id='word_1_300' title='bbox 687 2789 887 2831; x_wconf 91' lang='lat' dir='ltr'>eundem</span> <span class='ocrx_word' id='word_1_301' title='bbox 927 2802 976 2831; x_wconf 90' lang='lat' dir='ltr'>ac</span> <span class='ocrx_word' id='word_1_302' title='bbox 1015 2789 1160 2832; x_wconf 89' lang='lat' dir='ltr'>dictas</span> <span class='ocrx_word' id='word_1_303' title='bbox 1197 2789 1432 2841; x_wconf 88' lang='lat' dir='ltr'>naciones,</span> <span class='ocrx_word' id='word_1_304' title='bbox 1469 2788 1591 2842; x_wconf 93' lang='lat' dir='ltr'>quod</span> <span class='ocrx_word' id='word_1_305' title='bbox 1628 2796 1796 2829; x_wconf 83' lang='lat' dir='ltr'>revmuS</span> <span class='ocrx_word' id='word_1_306' title='bbox 1833 2786 1875 2828; x_wconf 92' lang='lat' dir='ltr'>d.</span> 
     </span>
     <span class='ocr_line' id='line_1_38' title="bbox 117 2855 1877 2913; baseline 0 -15"><span class='ocrx_word' id='word_1_307' title='bbox 117 2855 261 2900; x_wconf 84' lang='lat' dir='ltr'>frater</span> <span class='ocrx_word' id='word_1_308' title='bbox 290 2858 455 2902; x_wconf 89' lang='lat' dir='ltr'>Vitalis</span> <span class='ocrx_word' id='word_1_309' title='bbox 485 2860 733 2913; x_wconf 89' lang='lat' dir='ltr'>episcopus</span> <span class='ocrx_word' id='word_1_310' title='bbox 764 2859 1073 2902; x_wconf 90' lang='lat' dir='ltr'>Tholonensis</span> <span class='ocrx_word' id='word_1_311' title='bbox 1104 2859 1162 2901; x_wconf 93' lang='lat' dir='ltr'>ad</span> <span class='ocrx_word' id='word_1_312' title='bbox 1193 2859 1428 2902; x_wconf 86' lang='lat' dir='ltr'>nationem</span> <span class='ocrx_word' id='word_1_313' title='bbox 1460 2858 1685 2901; x_wconf 90' lang='lat' dir='ltr'>Ytalicam</span> <span class='ocrx_word' id='word_1_314' title='bbox 1718 2869 1877 2910; x_wconf 90' lang='lat' dir='ltr'>supra-</span> 
     </span>
     <span class='ocr_line' id='line_1_39' title="bbox 118 2925 1875 2984; baseline 0 -15"><span class='ocrx_word' id='word_1_315' title='bbox 118 2925 236 2970; x_wconf 90' lang='lat' dir='ltr'>dicto</span> <span class='ocrx_word' id='word_1_316' title='bbox 273 2928 347 2972; x_wconf 91' lang='lat' dir='ltr'>die</span> <span class='ocrx_word' id='word_1_317' title='bbox 385 2929 432 2972; x_wconf 93' lang='lat' dir='ltr'>in</span> <span class='ocrx_word' id='word_1_318' title='bbox 470 2930 570 2973; x_wconf 94' lang='lat' dir='ltr'>loco</span> <span class='ocrx_word' id='word_1_319' title='bbox 607 2933 827 2973; x_wconf 90' lang='lat' dir='ltr'>consueto</span> <span class='ocrx_word' id='word_1_320' title='bbox 865 2933 1188 2984; x_wconf 84' lang='lat' dir='ltr'>congregatam</span> <span class='ocrx_word' id='word_1_321' title='bbox 1228 2941 1278 2972; x_wconf 90' lang='lat' dir='ltr'>se</span> <span class='ocrx_word' id='word_1_322' title='bbox 1316 2929 1595 2972; x_wconf 87' lang='lat' dir='ltr'>transferret</span> <span class='ocrx_word' id='word_1_323' title='bbox 1635 2929 1875 2981; x_wconf 90' lang='lat' dir='ltr'>ipsamque</span> 
     </span>
    </p>
   </div>
   <div class='ocr_carea' id='block_1_3' title="bbox 217 3012 1690 3138">
    <p class='ocr_par' dir='ltr' id='par_1_9' title="bbox 217 3012 1690 3138">
     <span class='ocr_line' id='line_1_40' title="bbox 217 3012 689 3068; baseline 0.004 -11"><span class='ocrx_word' id='word_1_324' title='bbox 217 3012 247 3063; x_wconf 60' lang='lat' dir='ltr'>a.)</span> <span class='ocrx_word' id='word_1_325' title='bbox 270 3033 323 3059; x_wconf 72' lang='lat' dir='ltr'>mit</span> <span class='ocrx_word' id='word_1_326' title='bbox 343 3014 689 3068; x_wconf 47' lang='lat' dir='ltr'>Abli-urszungsswicheu.</span> 
     </span>
     <span class='ocr_line' id='line_1_41' title="bbox 233 3091 1690 3138; baseline -0.003 -11"><span class='ocrx_word' id='word_1_327' title='bbox 233 3091 264 3135; x_wconf 91' lang='lat'>¹)</span> <span class='ocrx_word' id='word_1_328' title='bbox 290 3092 468 3128; x_wconf 71' lang='lat' dir='ltr'>Nicotaus</span> <span class='ocrx_word' id='word_1_329' title='bbox 497 3095 626 3129; x_wconf 70' lang='lat' dir='ltr'>icurde</span> <span class='ocrx_word' id='word_1_330' title='bbox 649 3095 769 3138; x_wconf 65' lang='lat' dir='ltr'>gleich</span> <span class='ocrx_word' id='word_1_331' title='bbox 796 3094 934 3138; x_wconf 65' lang='lat' dir='ltr'>darauf</span> <span class='ocrx_word' id='word_1_332' title='bbox 959 3094 1033 3138; x_wconf 76' lang='lat'><strong><em>(20.</em></strong></span> <span class='ocrx_word' id='word_1_333' title='bbox 1060 3094 1190 3137; x_wconf 82' lang='lat' dir='ltr'>Febr.)</span> <span class='ocrx_word' id='word_1_334' title='bbox 1219 3094 1306 3127; x_wconf 76' lang='lat' dir='ltr'>nuc-h</span> <span class='ocrx_word' id='word_1_335' title='bbox 1337 3093 1494 3125; x_wconf 66' lang='lat' dir='ltr'>Salerno</span> <span class='ocrx_word' id='word_1_336' title='bbox 1522 3093 1690 3126; x_wconf 74' lang='lat' dir='ltr'>cerselzl.</span> 
     </span>
    </p>
   </div>
   <div class='ocr_carea' id='block_1_4' title="bbox 1590 3150 1662 3190">
    <p class='ocr_par' dir='ltr' id='par_1_10' title="bbox 1590 3150 1662 3190">
     <span class='ocr_line' id='line_1_42' title="bbox 1590 3150 1662 3190; baseline -0.014 0"><span class='ocrx_word' id='word_1_337' title='bbox 1590 3150 1662 3190; x_wconf 74' lang='lat'>14*</span> 
     </span>
    </p>
   </div>
  </div>
 </body>
</html>
