2227 3434
624 143 715 177 1417
743 143 887 178 Januar
914 143 958 176 27
988 162 1030 166 —
1058 141 1231 175 Februar
1256 141 1311 175 21.
1767 139 1852 181 487

89 261 343 317 clarissimi·
362 266 406 304 et
433 265 659 315 pastores.
705 260 980 302 Inconcussa
1009 260 1236 311 scripture
1267 258 1398 300 docet
1427 258 1688 309 auctoritas,
1718 255 1854 309 quod,

89 345 190 374 cum
214 332 432 386 princeps
456 331 646 374 unitatis
671 331 964 382 Jerosolime‚
991 329 1412 383 supermagnificus
1437 332 1481 370 et
1506 340 1666 381 regum
1690 327 1855 381 glorio-

90 402 301 446 sissimus
332 402 503 445 Jhesus
537 402 748 445 Christus
781 402 838 443 ad
867 402 982 443 celsi
1015 401 1217 442 tonantis
1250 399 1537 441 mansionem
1570 399 1856 451 stelligeram

90 474 280 527 proprie
306 474 352 515 in
375 473 557 516 virtutis
580 472 791 514 vehiculo
814 475 1092 524 regnaturus
1116 470 1324 513 ascendit
1347 474 1392 512 et
1415 470 1612 511 cerbero
1632 467 1854 510 infernali

91 543 271 587 devicto
293 556 395 586 cum
422 544 571 586 lauria
597 543 881 596 triumphali,
908 542 1103 594 apostoli
1134 542 1179 582 in
1207 541 1302 584 suis
1329 540 1623 582 oracionibus
1648 551 1742 581 non
1767 538 1857 580 nisi

91 614 270 658 devotis
299 615 580 656 unanimiter
610 613 977 667 perseverabant
1011 612 1172 665 (Actus
1207 612 1245 666 I)
1282 646 1289 653 .
1326 645 1333 653 .
1371 646 1378 653 .

208 686 318 728 Tam
350 685 614 738 pernicioso
646 684 859 726 scismate
893 696 1022 726 suam
1055 683 1267 736 permisit
1301 683 1544 724 ecclesiam
1579 680 1778 734 fatigari,
1810 683 1860 722 ut

91 759 307 809 protextu
333 759 456 798 tante
485 755 793 798 desolacionis
820 754 1122 796 remediande
1149 756 1273 795 esset
1299 753 1383 794 hec
1411 752 1700 794 sanctissima
1728 763 1859 804 syno-

92 826 178 870 dus
204 830 493 881 congregata,
520 838 608 879 que
633 825 804 867 nedum
831 838 889 867 ex
915 825 1200 878 prelatorum
1227 823 1571 865 confluencium
1597 822 1858 864 intencione

92 897 273 940 sincera
301 901 351 940 et
380 910 466 951 per
498 896 642 939 fixam
675 895 1052 950 permanenciam
1085 898 1130 936 et
1161 897 1446 936 constantem
1478 893 1623 935 finem
1655 893 1862 946 imponet

92 968 293 1011 scismati
339 967 627 1020 detestando,
673 979 833 1008 verum
881 967 1025 1008 eciam
1074 978 1215 1018 supra
1263 967 1540 1006 memoratos
1587 962 1862 1005 reformabit

91 1051 314 1082 excessus
341 1043 388 1081 et
419 1051 503 1092 per
535 1039 687 1091 legum
721 1037 967 1090 legittimas
999 1036 1269 1078 sancciones
1299 1036 1577 1088 prudentem
1610 1033 1863 1086 adhybebit

93 1111 320 1152 cautelam
352 1111 640 1152 nocumentis
674 1108 992 1150 consimilibus
1029 1109 1073 1149 in
1106 1107 1328 1159 futurum,
1362 1106 1611 1159 presertim
1644 1117 1745 1146 cum
1776 1105 1862 1146 hec

93 1181 404 1224 sacratissima
442 1180 634 1223 sinodus
672 1180 1050 1222 Constanciensis
1087 1182 1226 1221 totam
1263 1177 1579 1219 universalem
1617 1176 1861 1217 ecclesiam

95 1254 428 1313 representans
468 1251 610 1293 habet
650 1250 821 1292 nedum
863 1250 1104 1297 obiective,
1148 1249 1261 1291 sicut
1303 1249 1541 1301 speculum
1582 1247 1722 1289 habet
1764 1258 1861 1287 rem

94 1323 255 1375 visam,
278 1323 400 1376 quod
422 1322 559 1365 nimis
582 1322 882 1363 ridiculosum
905 1320 1137 1372 nimisque
1160 1320 1461 1361 temerarium
1485 1322 1609 1360 esset
1632 1329 1862 1368 asserere,

95 1397 166 1436 set
185 1393 378 1436 realiter
399 1393 539 1436 habet
561 1396 605 1435 et
629 1392 882 1436 subiective
907 1404 1064 1433 veram
1088 1390 1430 1444 plenitudinem
1452 1389 1694 1442 potestatis
1716 1388 1863 1429 eciam

96 1477 237 1518 supra
259 1476 442 1517 papam.
478 1464 544 1505 De
567 1463 858 1516 plenitudine
881 1475 993 1504 vero
1015 1461 1256 1515 potestatis
1277 1460 1458 1502 concilii
1482 1460 1709 1512 scriptura
1734 1470 1864 1501 sacra

94 1535 230 1578 nobis
263 1534 644 1577 informacionem
676 1533 815 1576 tradit
845 1538 888 1575 et
921 1533 1202 1586 exemplum.
1249 1531 1360 1574 Cum
1394 1531 1517 1572 enim
1552 1531 1597 1572 in
1630 1530 1864 1583 primitiva

95 1605 293 1649 ecclesia
318 1607 364 1647 in
390 1606 666 1648 Anthiochia
691 1605 881 1647 suborto
906 1604 1118 1646 scismate
1145 1603 1202 1645 de
1229 1602 1590 1644 circumcisionis
1615 1601 1866 1643 observan-

96 1677 164 1720 cia
195 1677 440 1720 altercacio
469 1683 635 1730 magna
666 1676 834 1718 fuisset
866 1710 873 1717 .
910 1709 917 1716 .
954 1675 1003 1729 .¹)

215 1747 425 1791 Christus
457 1747 784 1789 committendo
812 1746 1053 1799 discipulis
1085 1746 1129 1787 in
1161 1746 1389 1787 communi
1423 1744 1589 1785 dictam
1620 1741 1867 1795 plenitudi-

97 1831 203 1861 nem
240 1820 482 1872 potestatis
518 1819 563 1860 in
602 1818 783 1872 signum
821 1818 1079 1859 eminencie
1117 1815 1365 1858 affluitatis
1404 1814 1667 1856 insufflavit
1702 1813 1748 1854 in
1786 1825 1866 1854 eos

97 1889 274 1932 dicens:
313 1890 517 1943 Accipite
543 1889 754 1942 spiritum
782 1892 987 1930 sanctum
1016 1925 1022 1931 .
1060 1922 1067 1929 .
1104 1922 1112 1929 .
1139 1888 1184 1928 in
1210 1899 1300 1939 quo
1326 1886 1582 1939 spiritualis
1608 1883 1866 1927 carismatis

97 1960 338 2014 plenitudo
369 1961 658 2014 permaxima
692 1959 960 2012 designatur
992 1963 1036 2001 et
1068 1959 1244 2000 mistice
1278 1956 1594 2010 multiplicitas
1626 1955 1866 2008 potestatis

100 2066 107 2073 .
144 2066 152 2074 .
188 2066 196 2075 .
233 2032 324 2074 Nec
350 2032 502 2074 obstat
526 2031 694 2073 dictum
721 2031 891 2073 Christi
923 2031 1058 2072 Petro
1086 2029 1276 2072 scilicet:
1320 2029 1414 2081 Ego
1441 2027 1597 2080 rogavi
1625 2039 1709 2080 pro
1735 2029 1794 2077 te,
1819 2028 1869 2066 ut

98 2115 190 2145 non
218 2102 407 2146 deficiat
433 2102 556 2145 fides
584 2106 660 2145 tua
686 2105 769 2144 etc.
810 2101 922 2143 Cum
952 2101 1066 2142 illud
1095 2100 1263 2142 dictum
1290 2112 1383 2141 non
1410 2102 1501 2140 tam
1530 2098 1587 2140 de
1616 2097 1712 2139 fide
1742 2096 1866 2138 Petri

98 2177 145 2216 et
167 2186 485 2217 successorum
512 2186 714 2225 suorum,
741 2185 935 2226 quorum
962 2172 1103 2224 aliqui
1131 2171 1380 2213 deviabant
1406 2183 1430 2212 a
1457 2169 1568 2221 fide,
1595 2171 1663 2210 set
1688 2168 1744 2209 de
1771 2166 1867 2209 fide

98 2244 294 2287 ecclesie
320 2244 610 2298 intelligitur,
638 2257 728 2297 que
755 2256 901 2296 usque
931 2243 988 2285 ad
1014 2242 1159 2284 finem
1187 2241 1331 2284 seculi
1360 2253 1451 2282 non
1478 2240 1661 2282 labetur
1689 2241 1758 2281 set
1784 2237 1868 2279 flo-

101 2327 210 2359 rens
241 2315 575 2358 inviolabiliter
605 2314 941 2367 perseverabit.
986 2313 1020 2356 O
1053 2326 1164 2367 ergo
1196 2312 1487 2355 sanctissima
1520 2310 1724 2363 synodus
1756 2308 1870 2350 Con-

102 2387 378 2429 stanciensis
419 2390 495 2428 tue
537 2386 862 2429 celsitudinem
906 2384 1146 2438 potestatis
1190 2383 1436 2426 attendens
1478 2381 1648 2423 festina
1691 2392 1868 2422 sacram

102 2458 390 2511 reintegrare
416 2457 660 2500 ecclesiam
688 2491 695 2499 .
733 2491 740 2498 .

217 2528 427 2570 Nondum
459 2528 717 2570 resurrexit
749 2527 945 2569 ecclesia
978 2527 1034 2568 ad
1067 2529 1233 2568 statum
1265 2524 1523 2578 pristinum.
1572 2522 1680 2564 Ideo
1711 2533 1870 2574 super-

103 2603 172 2641 est
216 2600 303 2641 iam
346 2600 490 2641 tercia
533 2598 686 2651 dies‚²·)
733 2611 822 2651 que
866 2597 1227 2639 scintillantibus
1271 2595 1413 2637 radiis
1456 2594 1577 2647 cepit
1619 2594 1869 2637 lucescere,

102 2669 287 2722 quando
318 2669 617 2711 famosissimi
651 2669 735 2710 viri
769 2672 813 2710 et
846 2668 1127 2720 spectabiles
1159 2666 1378 2719 pacisque
1410 2663 1721 2706 ecclesiastice
1754 2663 1871 2703 zela-

104 2744 230 2784 tores
250 2753 276 2783 a
296 2740 434 2782 Petro
456 2740 512 2782 de
535 2740 679 2792 Luna,
699 2739 882 2781 fautore
905 2738 1131 2781 scismatis
1153 2737 1334 2779 notorio
1356 2748 1485 2778 suam
1506 2733 1867 2784 obedienciamfl)

104 2811 380 2853 subtraxere
409 2814 454 2853 et
480 2811 586 2852 huic
615 2823 746 2853 sacro
774 2808 1123 2852 Constanciensi
1153 2808 1349 2850 concilio
1378 2804 1655 2858 incorporati
1685 2804 1871 2845 fuerant

210 2928 240 2959 a)
263 2927 307 2954 11⁸
328 2926 495 2954 noticiam.

224 2988 256 3028 ¹)
283 2986 390 3029 Forat
415 2986 484 3020 der
510 2985 657 3019 Bericm
686 2986 755 3027 cal.
779 2984 874 3027 Apy.
905 2985 954 3017 15.

223 3046 256 3088 ²)
285 3045 310 3078 Ι.
335 3044 419 3080 dies
442 3045 489 3078 ist
513 3044 577 3078 (lie
599 3043 818 3086 Abselzuny
840 3041 1030 3082 Johanus;
1059 3040 1104 3073 ll.
1129 3040 1213 3074 dies
1237 3039 1300 3073 die
1323 3037 1568 3079 Abdankuny
1594 3036 1767 3078 Gregwrs.
