2102 3444
237 164 322 208 262
772 163 798 198 1.
825 162 1034 199 Abschnitt.
1074 162 1475 208 Konzilstagebticher.

238 295 322 335 per
348 286 488 325 totam
515 282 637 324 diem
665 282 860 335 sabbati,
885 285 934 324 ut
960 294 1205 335 parcamus
1231 281 1581 335 indisposicioni
1607 294 1810 336 persone
1835 285 2008 336 nostre,

239 354 396 396 villam
441 353 712 406 Pyrpiniani
756 352 1009 405 predictam
1054 353 1242 394 intrare.
1300 353 1399 395 Dat.
1443 353 1489 394 in
1532 353 1644 395 villa
1686 353 2007 406 Conquiliberi

238 424 453 466 XXVIII.
488 424 563 465 die
596 424 806 476 Augusti,
840 436 962 465 anno
995 436 1020 465 a
1054 423 1291 465 nativitate
1327 424 1498 465 domini
1537 423 1830 468 MCCCCXV.

239 495 512 537 Presentata
538 494 779 536 XXV-IIII.
805 494 1014 547 Augusti.

357 565 534 608 Cedula
557 566 810 608 interclusa
832 565 879 606 in
901 566 1055 607 littera
1078 565 1119 607 d.
1140 566 1404 618 patriarche
1427 566 1716 607 Anthioceno
1735 565 2009 608 transmissa

240 636 562 679 Constanciam
586 636 642 677 de
667 649 737 688 eo,
763 636 885 688 quod
910 636 1130 689 magister
1154 635 1426 679 Vincentius
1451 636 1634 678 dixerat
1659 636 1700 678 d.
1726 635 1824 689 regi
1848 635 2010 679 Roma-

240 719 416 759 norum,
448 707 570 760 quod
601 706 721 748 facta
752 707 1069 749 convenvione
1101 720 1261 760 regum
1293 720 1377 760 per
1408 707 1596 748 Petrum
1629 707 1685 748 de
1718 707 1847 750 Luna
1879 707 2010 750 dare-

237 781 310 819 tur
337 777 447 820 unio
476 777 674 820 ecclesia
702 780 858 820 sancte
888 778 994 820 Dei:

359 848 471 890 Item
507 848 720 901 sequenti
755 849 830 890 die
865 852 969 902 post
1002 849 1125 890 diem
1159 849 1382 890 dictarum
1420 849 1679 891 litterarum
1712 849 2009 902 presencium

237 920 364 961 venit
387 919 444 961 ad
468 920 645 972 regiam
670 920 960 961 maiestatem
985 919 1173 972 quidam
1198 919 1406 962 famosus
1431 920 1588 961 doctor
1613 919 1659 961 in
1684 932 1816 962 sacra
1840 920 2008 973 pagina

239 990 457 1043 magister
477 990 756 1032 Vincencius
777 990 964 1032 nomine
986 991 1032 1032 in
1055 990 1190 1033 domo
1210 990 1407 1032 fratrum
1429 990 1778 1032 Predicatorum
1798 990 2009 1033 eiusdem

238 1061 429 1114 ordinis,
454 1060 754 1114 presentibus
778 1061 1194 1104 ambassiatoribus
1217 1061 1396 1103 concilii
1425 1065 1469 1103 et
1494 1061 1709 1114 pluribus
1735 1061 1840 1104 aliis
1865 1061 2010 1104 archi-

237 1131 469 1185 episcopis
497 1135 541 1174 et
570 1132 803 1185 episcopis
830 1145 1011 1174 necnon
1038 1132 1234 1185 prelatis
1261 1133 1393 1186 regni
1424 1132 1617 1174 Francie
1646 1135 1691 1174 et
1719 1135 1880 1185 aperte
1909 1132 2010 1175 sine

238 1203 508 1245 condicione
531 1204 577 1244 in
599 1203 743 1245 Verbo
763 1203 972 1245 veritatis
994 1203 1208 1256 asseruit,
1231 1202 1354 1256 quod
1374 1204 1541 1256 statim,
1560 1203 1646 1245 hoc
1667 1206 1737 1245 est
1758 1204 1859 1246 sine
1881 1216 2010 1246 mora

238 1287 417 1327 magna,
445 1277 690 1327 postquam
718 1286 854 1327 reges
882 1273 1078 1326 predicti
1106 1277 1437 1327 convenerunt,
1465 1287 1550 1327 per
1578 1274 1765 1316 Petrum
1794 1274 1851 1316 de
1880 1274 2010 1317 Luna

238 1345 423 1387 dabitur
450 1344 560 1387 unio
588 1344 785 1388 ecclesie
815 1348 971 1387 sancte
1002 1345 1101 1387 Dei.
1934 1383 1936 1385 ,

353 1417 514 1458 Revmo
542 1417 588 1458 in
615 1416 721 1458 Chr.
748 1429 790 1469 p.
818 1416 875 1469 d.,
903 1416 944 1458 d.
973 1416 1220 1458 Francisco
1244 1419 1507 1458 sanctorum
1535 1415 1700 1458 Cosme
1727 1419 1772 1458 et
1798 1415 2011 1459 Damiani

239 1487 432 1529 diacono
463 1487 689 1529 cardinali
724 1487 844 1529 dicto
878 1487 1148 1529 Florentino
1180 1486 1221 1528 d.
1255 1499 1358 1529 meo
1391 1486 1777 1540 singularissimo.

355 1558 516 1600 Revme
542 1571 585 1612 p.
614 1561 659 1601 et
687 1558 743 1611 d.,
769 1558 934 1600 humili
964 1570 1151 1611 semper
1178 1557 1639 1600 recommendacione
1667 1557 1915 1611 premissa!
1957 1557 2012 1599 Et

239 1629 277 1670 si
302 1633 455 1672 vestre
481 1642 515 1671 r.
540 1642 583 1683 p.
608 1630 848 1682 hucusque
875 1629 1081 1671 scribere
1107 1628 1384 1681 distulerim,
1408 1641 1502 1671 non
1527 1629 1742 1671 voluntas
1767 1631 1845 1671 aut
1869 1628 2012 1671 affec-

238 1703 310 1742 tus
338 1701 384 1742 in
413 1713 551 1743 causa
579 1700 729 1754 fuere,
757 1700 841 1743 sed
869 1700 977 1753 quia
1006 1703 1132 1742 actus
1162 1699 1437 1742 scribendus
1466 1700 1652 1741 interim
1679 1712 1773 1742 non
1801 1699 2010 1742 occurrit.

239 1771 365 1813 Nunc
389 1774 542 1813 autem
567 1784 636 1824 ea,
661 1784 749 1824 que
775 1774 1034 1824 occurrunt,
1058 1770 1314 1824 primordia
1338 1770 1522 1824 prefate
1547 1784 1585 1815 v.
1611 1783 1646 1812 r.
1672 1784 1714 1824 p.
1740 1770 2011 1824 significare

240 1842 447 1895 disposui
472 1876 479 1883 .
517 1877 523 1884 .
561 1877 568 1884 .
592 1843 691 1884 Rex
716 1842 761 1883 in
785 1842 1019 1884 Sabaudia
1043 1843 1089 1883 in
1113 1842 1214 1884 loco
1236 1842 1293 1884 de
1315 1841 1528 1894 Seysello
1550 1842 1731 1884 litteras
1754 1841 1930 1895 recepit
1952 1854 2011 1884 ex

239 1916 370 1965 parte
406 1914 530 1966 regis
563 1913 844 1966 Aragonum,
881 1914 1003 1966 quod
1036 1925 1184 1966 usque
1218 1913 1279 1955 ad
1313 1913 1462 1966 ipsam
1496 1913 1619 1954 diem
1654 1913 1736 1954 XV
1768 1913 2013 1966 prolonga—

239 1984 375 2026 batur
409 1984 510 2026 dies
544 1984 759 2037 primitus
793 1984 1027 2037 assignata
1063 2018 1070 2026 .
1107 2018 1114 2025 .
1152 2019 1158 2026 .
1206 1984 1278 2025 Ad
1312 1983 1579 2025 mandatum
1614 1983 1656 2026 d.
1692 1984 1817 2037 regis
1850 1983 2013 2026 Roma-

239 2067 405 2097 norum
440 2054 610 2108 prefati
649 2055 736 2097 fuit
773 2056 818 2096 in
854 2055 937 2097 hac
973 2055 1155 2097 civitate
1191 2055 1339 2097 frater
1375 2067 1425 2097 ac
1462 2054 1682 2108 magister
1716 2054 2012 2107 Vincencius,

241 2126 370 2168 cuius
395 2125 732 2179 predicacionis
757 2125 945 2168 assidue
969 2126 1094 2168 fama
1116 2128 1224 2168 nota
1247 2126 1417 2179 existit,
1443 2126 1519 2179 qui
1542 2125 1694 2178 primo
1718 2125 1816 2178 regi
1841 2124 2012 2167 deinde

239 2197 375 2239 nobis
402 2197 597 2250 prelatis
624 2200 715 2238 tam
744 2196 987 2238 destinatis
1016 2209 1153 2249 quam
1182 2197 1228 2238 in
1256 2196 1406 2249 patria
1434 2200 1478 2238 et
1504 2196 1746 2239 nobiscum
1773 2195 2013 2238 existenti-

241 2268 342 2321 bus,
363 2280 515 2321 ymmo
536 2271 581 2309 et
601 2268 775 2320 populo
796 2268 842 2309 in
865 2267 1157 2309 multitudine
1181 2268 1368 2320 copiosa
1389 2267 1573 2320 publice
1595 2267 1830 2320 expressit
1849 2266 1895 2308 in
1918 2279 2012 2309 ser·
2066 2313 2072 2325 s

242 2351 391 2390 mone,
432 2339 473 2380 d.
514 2339 701 2380 Petrum
741 2339 798 2379 de
838 2338 969 2380 Luna
1006 2342 1217 2391 paratum
1257 2351 1362 2381 esse
1403 2337 1674 2391 simpliciter
1711 2337 1769 2380 ad
1808 2337 2011 2380 dandum

241 2421 401 2462 pacem
433 2412 478 2451 et
506 2409 727 2450 unionem
759 2409 955 2450 ecclesie
988 2412 1144 2450 sancte
1177 2409 1259 2450 Dei
1293 2413 1339 2451 et
1370 2410 1430 2451 ita
1461 2422 1546 2451 nos
1576 2408 1634 2451 ad
1663 2411 1843 2462 partem
1874 2408 2012 2450 firmo

240 2480 432 2533 fixoque
466 2480 620 2522 animo
652 2479 869 2533 reddidit,
900 2483 1063 2521 tenere
1098 2492 1300 2531 securos,
1334 2479 1457 2533 quod
1492 2480 1616 2521 Deus
1649 2478 2013 2521 misericorditer

241 2555 345 2604 agat
371 2555 417 2593 et
445 2551 588 2593 verba
615 2550 879 2593 huiusmodi
911 2550 1143 2592 deducere
1172 2550 1387 2603 dignetur
1415 2551 1472 2592 ad
1501 2550 1736 2592 affectum.
1776 2549 1881 2593 Alia
1909 2562 2013 2603 pre-

243 2622 509 2665 sencialiter
533 2621 781 2664 scribenda
803 2635 842 2663 v.
867 2635 902 2663 r.
926 2634 968 2674 p.
991 2634 1084 2663 non
1108 2624 1366 2674 occurrunt,
1390 2621 1472 2663 sed
1495 2621 1837 2674 quamprimum
1860 2633 2013 2663 occur-

242 2694 403 2746 rerint,
431 2692 699 2746 significare
727 2693 912 2745 curabo,
940 2705 1077 2745 quam
1105 2695 1349 2734 conservet
1377 2692 1632 2734 altissimus
1658 2692 1705 2733 in
1733 2692 1882 2734 salute
1910 2704 2013 2745 pro-

243 2763 478 2817 speritatis
503 2767 550 2806 et
572 2763 713 2817 pacis.

361 2835 541 2877 Deinde
578 2834 685 2877 licet
720 2834 949 2887 premissa
986 2834 1049 2876 sic
1086 2834 1267 2876 mittere
1305 2834 1634 2886 decrevissem,
1669 2846 1771 2875 cum
1806 2832 2011 2875 nondum

242 2909 347 2947 tunc
375 2907 467 2948 alia
494 2906 818 2958 occurrissent,
846 2908 1180 2956 verumtamen,
1209 2905 1425 2957 quoniam
1454 2906 1572 2946 lator
1598 2903 1893 2958 presencium
1919 2906 2011 2946 tam

242 2989 327 3029 per
357 2989 514 3030 regem
545 2989 680 3029 quam
711 2989 796 3029 per
826 2989 910 3018 nos
941 2975 1027 3017 fuit
1058 2976 1175 3018 adeo
1206 2976 1406 3017 scienter
1437 2975 1539 3017 fere
1568 2987 1653 3028 per
1683 2975 1779 3017 XV.
1811 2974 1913 3017 dies
1942 2986 2012 3016 re-

241 3051 409 3101 tentus,
444 3051 493 3090 ut
526 3048 672 3091 lacius
707 3047 1003 3090 occurrencia
1038 3046 1306 3101 significare
1340 3058 1601 3101 possemus,
1635 3045 1741 3089 ideo
1773 3044 2011 3098 noveritis,
