2102 3444
207 135 293 179 330
742 135 768 170 Ι.
795 134 1005 170 Abschnitt.
1044 133 1444 178 Konzilstagebiicher.

211 256 469 306 temporum
493 254 780 303 varietatem,
801 266 918 306 quos
941 265 1032 294 non
1055 252 1246 305 expedit
1268 265 1520 306 suggerere
1543 253 1623 296 tibi
1648 253 1789 295 veluti
1813 264 1977 306 parum

210 327 355 366 notos.
399 324 598 366 Ventum
631 324 769 377 igitur
801 327 870 366 est
904 323 962 365 ad
991 323 1076 365 hos
1107 323 1282 376 modos,
1315 323 1391 376 qui
1425 325 1595 367 servati
1629 327 1733 367 sunt
1765 335 1791 365 a
1822 323 1978 365 multis

210 407 436 437 annorum
471 394 752 447 centesimis,
788 397 835 436 ut
871 393 1140 446 superiores
1174 394 1342 447 prelati
1378 395 1582 437 habeant
1615 394 1842 436 nonnulla
1876 393 1977 435 iura

208 465 499 519 percipiendi
530 468 576 507 et
605 465 823 518 exigendi
856 465 913 506 ab
943 464 1248 507 inferioribus
1278 465 1473 518 prelatis
1503 479 1586 507 seu
1617 464 1799 507 clericis
1829 467 1978 506 certos

211 540 477 589 proventus.
514 536 569 577 Et
588 536 672 577 hec
696 536 864 588 partim
887 538 994 578 sunt
1016 538 1184 578 statuta
1206 548 1291 589 per
1313 548 1529 589 canones,
1550 535 1719 589 partim
1742 547 1768 577 a
1789 547 1980 577 consue-

209 607 449 649 tudinibus
475 607 548 648 vel
574 606 835 660 privilegiis
862 610 938 648 aut
966 606 1384 659 prescriptionibus
1412 610 1490 649 aut
1517 606 1620 649 aliis
1648 606 1796 648 modis
1825 618 1852 648 a
1879 606 1979 647 iure

210 691 301 719 non
334 677 606 730 improbatis
635 677 835 720 inducta.
878 677 973 720 Hec
1005 680 1168 720 vocant
1198 681 1408 731 quartam
1440 678 1738 730 decimarum,
1769 679 1980 730 quartam

211 749 510 801 funeralium,
546 748 907 791 cathedraticum
942 752 987 790 et
1020 749 1203 802 reliqua
1236 748 1514 791 huiusmodi.
1562 748 1657 790 Hec
1691 750 1844 790 autem
1877 759 1982 801 pre·
2045 784 2047 788 .

211 822 389 861 stantur
421 831 736 872 nonumquam
770 819 817 861 in
852 820 1033 872 signum
1066 819 1382 872 subiectionis,
1416 832 1518 861 cum
1551 818 1675 860 enim
1709 818 1978 872 scriptura¹)

211 891 347 932 dicat:
377 903 560 932 omnem
587 890 788 933 animam
814 890 1166 933 sublimioribus
1191 890 1500 943 potestatibus
1527 890 1701 931 debere
1729 888 1981 932 subiect-am

211 974 329 1004 esse.
387 961 497 1004 Ideo
532 961 704 1004 tributa
741 964 1024 1015 prestantur,
1064 962 1173 1014 quia
1212 964 1318 1004 sunt
1354 961 1627 1014 protestatio
1667 959 1980 1003 subiectionis.

211 1033 339 1085 Quod
365 1045 475 1086 ergo
499 1032 556 1074 de
580 1033 852 1075 vacantibus
877 1032 1222 1075 cathedralibus
1247 1032 1457 1074 ecclesiis
1482 1035 1528 1074 et
1552 1031 1848 1085 regularibus
1870 1043 1983 1073 non-

210 1103 352 1145 nullis
386 1103 593 1146 Romana
627 1103 825 1146 ecclesia
859 1104 1149 1156 temporibus
1183 1103 1518 1156 antiquissimis
1553 1102 1777 1156 exegerit,
1808 1104 1982 1144 certam

212 1174 496 1217 moderatam
531 1174 808 1227 portionem,
843 1177 955 1228 puto
990 1175 1174 1217 tertiam
1209 1177 1518 1227 proventuum
1553 1173 1693 1215 unius
1730 1173 1854 1226 anni,
1888 1185 1982 1215 non

211 1245 360 1299 video,
383 1258 466 1287 cur
490 1258 583 1288 non
608 1245 758 1298 liceat,
784 1245 880 1288 sive
904 1246 990 1287 hoc
1015 1246 1073 1288 sit
1096 1244 1331 1287 inductum
1357 1246 1403 1287 in
1429 1244 1784 1287 subventionem
1806 1256 1983 1296 eorum,

212 1318 289 1369 qui
319 1316 484 1360 diebus
512 1320 557 1359 et
582 1316 795 1360 noctibus
822 1329 907 1370 pro
934 1329 985 1359 re
1011 1316 1199 1370 publica
1227 1317 1431 1359 omnium
1461 1315 1831 1358 Christianorum
1859 1314 1984 1357 labo-

213 1391 329 1439 rant,
368 1388 465 1431 sive
504 1388 552 1430 in
589 1387 953 1441 recognitionem
993 1387 1311 1439 subiectionis3
1350 1400 1443 1430 non
1482 1387 1584 1429 dico
1621 1386 1667 1428 in
1706 1386 1983 1429 solutionem

212 1459 638 1512 stipendiariorum,
676 1459 799 1512 quod
836 1459 940 1512 ipse
977 1458 1264 1511 abhominor,
1301 1458 1425 1511 quod
1462 1461 1616 1500 tamen
1652 1470 1738 1511 pro
1772 1460 1982 1511 tempore

212 1533 362 1583 potest
386 1543 494 1573 esse
519 1543 613 1572 non
638 1529 866 1583 illicitum,
894 1529 977 1572 sed
1004 1530 1050 1571 in
1076 1530 1162 1571 hoc
1187 1532 1259 1572 est
1284 1529 1528 1571 contentio.
1567 1529 1667 1571 Non
1693 1528 1817 1570 enim
1844 1527 1984 1570 laudo

212 1602 429 1644 iniustam
460 1601 871 1654 dispensationem,
898 1601 985 1643 sed
1015 1600 1175 1654 cogito,
1204 1604 1314 1654 quot
1343 1603 1554 1653 sumptus
1581 1599 1723 1642 habet
1749 1598 1985 1641 Romanus

212 1672 425 1725 pontifex
463 1676 509 1714 et
550 1673 620 1716 sui
662 1672 877 1725 ministri,
917 1672 1140 1726 precipue
1180 1671 1251 1714 sui
1290 1671 1463 1714 fratres
1500 1670 1765 1713 cardinales
1805 1669 1982 1722 subire3

214 1744 454 1786 mittuntur
479 1744 618 1797 legati
645 1743 908 1786 cardinales
935 1746 980 1786 et
1006 1743 1085 1786 alii
1111 1743 1169 1785 ad
1193 1745 1352 1796 partes
1378 1741 1590 1784 diversas
1614 1741 1889 1795 urgentibus
1915 1754 1985 1783 co-

212 1814 400 1858 tidianis
428 1814 800 1868 necessitatibus,
830 1814 1119 1868 recipiuntur
1148 1815 1195 1856 in
1224 1815 1351 1856 curia
1381 1814 1521 1867 legati
1549 1816 1596 1855 et
1623 1813 1985 1856 ambassiatores

213 1890 257 1928 et
282 1886 439 1928 nuncii
464 1898 639 1939 regum,
664 1886 926 1939 principum
953 1888 998 1928 et
1023 1885 1233 1928 aliorum.
1271 1885 1371 1927 Hiis
1397 1886 1611 1938 opportet
1632 1897 1721 1938 pro
1741 1883 1984 1926 honestate

214 1960 259 1999 et
285 1957 476 2000 caritate
504 1958 753 1999 convivari.
794 1957 910 2008 Quot
938 1960 1044 1999 sunt
1071 1956 1272 2010 reliqua!
1314 1956 1475 1998 Nonne
1504 1956 1551 1997 in
1579 1955 1725 1998 oculis
1751 1958 1835 2008 est,
1862 1954 1984 2009 quod

215 2029 302 2082 ipsi
330 2028 593 2071 cardinales
619 2029 709 2071 iam
726 2028 874 2070 ferme
892 2027 1082 2070 biennio
1096 2027 1170 2070 hic
1184 2041 1271 2081 pro
1284 2028 1457 2069 unione
1474 2027 1748 2069 laborarunt
1762 2029 1807 2069 et
1819 2026 1985 2069 horum

213 2099 402 2152 plurimi
433 2101 563 2141 nulla
592 2100 665 2141 vel
696 2099 865 2153 exigua
893 2098 1127 2141 beneficia
1156 2099 1412 2152 possident,
1443 2111 1532 2151 que
1562 2098 1641 2140 vix
1672 2097 1730 2140 ad
1761 2096 1985 2140 decimam

214 2171 587 2213 necessariarum
611 2171 929 2223 impensarum
949 2173 1130 2223 partem
1151 2169 1375 2213 sufficere
1397 2169 1609 2223 possunt!
1644 2169 1772 2210 Nunc
1792 2181 1905 2211 vero
1927 2180 1984 2210 an

214 2245 452 2294 peccatum
477 2241 613 2295 foret,
639 2244 688 2283 ut
713 2241 896 2295 prelati,
922 2254 1083 2284 eorum
1111 2241 1362 2294 debitores,
1389 2241 1458 2284 eis
1481 2241 1660 2294 primos
1684 2239 1862 2282 fructus
1888 2252 1985 2291 seu,

216 2313 339 2366 quod
361 2313 441 2356 alii
463 2313 632 2365 dicunt,
656 2313 906 2366 annatasfl)
944 2313 1084 2354 Fame
1108 2313 1260 2366 igitur,
1281 2324 1453 2365 equum
1475 2315 1558 2365 est,
1580 2324 1660 2353 eos
1681 2310 1854 2363 necari,
1877 2310 1984 2352 dum

215 2397 300 2437 pro
324 2384 498 2426 unione
524 2384 750 2426 laborant.
788 2383 879 2426 Sed
907 2384 1145 2426 execraris
1172 2387 1402 2425 arrestum
1426 2382 1676 2425 bullarum.
1714 2381 1774 2424 At
1799 2382 1837 2424 si
1863 2380 1984 2434 exigi

215 2458 411 2508 possunt
434 2454 571 2507 licite,
598 2455 710 2508 quid
734 2455 843 2497 mali
870 2457 953 2508 est,
979 2454 1016 2496 si
1041 2454 1170 2496 bulle
1195 2467 1288 2496 non
1314 2454 1496 2505 dantur,
1520 2453 1613 2495 nisi
1637 2452 1736 2505 fiat,
1762 2452 1885 2506 quod
1906 2452 1986 2495 de-

216 2527 361 2568 bitum
393 2529 478 2568 est.
527 2526 856 2577 Commutatur,
891 2525 1060 2578 inquis,
1091 2525 1339 2578 »spirituale
1375 2537 1476 2566 cum
1512 2523 1772 2578 temporali.
1819 2523 1986 2575 Quem,

216 2610 305 2650 qua
335 2597 529 2639 ratione.
577 2596 671 2639 Iam
702 2597 826 2639 enim
858 2596 1131 2649 simpliciter
1162 2599 1206 2638 et
1236 2596 1368 2637 nulla
1398 2595 1704 2637 conventione
1737 2594 1986 2636 interveni-

216 2671 322 2711 ente
359 2669 554 2711 collatus
590 2672 690 2711 erat
726 2668 899 2711 titulus,
949 2667 1139 2720 Verum,
1176 2670 1225 2709 ut
1262 2667 1344 2718 ais,
1382 2667 1488 2720 plus
1525 2669 1734 2719 tempore
1772 2665 1984 2719 exigitur.

216 2739 452 2790 Quomodo
477 2740 584 2793 plus
611 2742 836 2792 tempore,
864 2751 965 2780 cum
993 2737 1144 2780 statim
1174 2737 1457 2791 debeatura).
1497 2737 1611 2780 Sunt
1636 2734 1761 2779 enim
1789 2735 1984 2779 ecclesie

218 2811 275 2852 ad
295 2812 381 2853 hoc
401 2810 618 2864 obligate,
640 2813 709 2853 set
728 2822 815 2852 nec
835 2810 987 2853 statim
1011 2809 1218 2862 solvitur,
1239 2821 1393 2862 ymmo
1413 2808 1662 2851 dilationes
1682 2807 1986 2850 rationabiles

218 2884 481 2924 statuuntur
502 2885 547 2924 et
567 2884 872 2934 expectantur
892 2880 1061 2934 prelati
1083 2893 1176 2922 non
1198 2892 1291 2922 uno
1310 2882 1487 2921 tantum
1509 2891 1632 2922 a-nno
1653 2878 1737 2922 sed
1756 2878 1984 2932 pluribus.

287 2967 290 2968 γ
322 2987 351 3012 a]
379 2966 619 3018 Verbunssrshlt.
680 2986 711 3017 b)
734 2988 771 3011 ('.·
792 2986 919 3012 debeat.

337 3048 366 3087 ¹)
393 3045 495 3080 Rom.
522 3047 575 3087 13,
600 3049 629 3081 1.
