2102 3444
285 146 369 188 724
724 142 789 175 111.
821 140 1031 175 Abschnitt.
1073 138 1226 173 Reform
1259 139 1337 172 und
1370 137 1618 182 Verfassung.

288 264 461 314 biliter;
498 275 556 303 cx
593 274 683 313 quo
721 259 976 300 iurisdictio
1010 269 1104 299 non
1139 255 1380 310 proprium
1416 268 1502 298 nec
1538 256 1753 298 accidens
1786 255 2053 309 separabile

290 333 414 385 fidei,
441 333 554 375 sicut
580 331 789 372 videmus
816 330 862 370 in
887 328 1096 381 collegiis
1120 331 1164 369 et
1188 321 1586 380 universitatibus,
1611 339 1700 380 que
1726 327 1902 369 habent
1923 326 2055 370 iuris-

288 404 531 445 dictionem
563 416 586 444 a
618 401 729 443 sede
762 400 1028 452 apostolica,
1061 399 1278 451 quoniam
1311 398 1522 450 separari
1550 401 1705 451 *potest
1735 397 1793 439 ab
1823 398 1895 440 eis
1922 397 2069 441 iuris?

289 474 424 515 dictio
450 474 624 525 absque
651 473 747 523 hoc,
772 470 893 523 quod
917 470 1141 512 deficiant
1163 469 1209 510 in
1233 468 1330 510 side
1356 472 1431 510 aut
1456 468 1673 510 desinant
1697 468 1759 510 ibi
1780 480 1904 511 esse.
1939 468 1994 511 Et
2013 469 2055 512 si

288 544 477 596 (lit-atur,
507 543 627 596 quod
658 545 862 595 potestas
893 540 1241 593 iurisdictionis,
1271 552 1409 592 quam
1437 539 1578 581 habet
1606 539 1818 594 ecclesia,
1848 551 1941 581 non
1970 538 2057 582 fuit

290 615 375 656 sibi
415 615 579 656 collata
621 614 676 655 ab
716 612 901 654 homine
942 615 1011 653 set
1049 624 1075 653 a
1115 610 1312 663 Christo,
1352 610 1518 652 eodem
1557 610 1692 652 modo
1732 609 1896 663 dicam,
1935 609 2057 664 quod

290 689 490 738 potestas
512 696 631 737 pape
652 687 721 725 est
742 682 1075 735 inseparabilis
1095 682 1152 724 ab
1174 681 1375 734 homine,
1396 681 1520 733 quod
1537 684 1609 723 est
1628 683 1787 723 contra
1804 680 2057 724 secundam

290 756 620 807 assercio11en1;
646 758 770 807 puta,
796 754 833 794 si
859 753 946 796 ista
971 756 1191 806 potestas,
1217 764 1354 804 quam
1379 752 1520 794 habet
1544 751 1757 805 eccles-ia,
1782 751 1869 794 suit
1892 751 2059 794 collata

290 841 313 869 a
339 827 534 879 Christo,
558 839 657 867 cum
681 838 740 866 ex
762 824 905 867 nullis
927 824 1084 866 verbis
1109 826 1348 876 appareat,
1371 823 1493 876 quod
1514 825 1792 876 pote-statem
1813 823 2060 866 contulerit

291 898 498 939 absolute
525 900 569 938 et
592 896 921 937 execucionem
945 895 1072 937 illius
1094 895 1339 948 ¹potestatis
1365 894 1411 935 in
1435 907 1545 936 casu
1567 906 1655 936 seu
1678 894 1764 936 sub
1788 893 2059 936 condicione

290 969 484 1021 videtur,
515 967 636 1020 quod
666 979 880 1009 asserere
912 966 996 1007 hoc
1024 969 1097 1007 est
1125 966 1200 1007 vel
1229 965 1562 1018 determinare,
1592 969 1641 1007 ut
1667 964 1887 1018 superius
1917 963 2059 1018 tetigit,

291 1040 360 1080 vel
391 1039 579 1091 propria
610 1037 877 1079 auctoritate
907 1037 1030 1078 velle
1061 1037 1262 1078 limitare
1291 1039 1568 1088 potestatem
1597 1035 1808 1078 ecclesie.

410 1111 521 1151 Item
547 1109 725 1161 dicitur,
750 1109 873 1161 quod
897 1108 1117 1149 execucio
1140 1108 1383 1160 pote-statis
1407 1107 1461 1149 fit
1485 1119 1570 1160 per
1590 1111 1730 1160 >caput
1751 1105 2059 1150 multitud-inis

290 1184 332 1222 ct
361 1194 450 1221 uon
479 1193 562 1233 per
590 1180 736 1233 ipsam
765 1178 1106 1220 multitudinem
1135 1178 1348 1220 absolute
1376 1177 1432 1219 de
1461 1178 1563 1219 iure
1590 1177 1761 1231 divino,
1787 1176 1990 1220 natura-li
2014 1179 2060 1220 et

291 1252 508 1302 humanm
540 1254 715 1293 constat
742 1263 835 1292 non
864 1262 969 1291 esse
997 1262 1159 1290 verum
1184 1249 1320 1302 prius
1349 1249 1406 1290 de
1437 1249 1539 1290 iure
1567 1248 1737 1301 divino,
1766 1247 1874 1302 qu=i=a
1901 1259 2060 1290 secun-

291 1323 396 1363 dum
428 1323 576 1375 legem
611 1322 740 1363 Moisi
772 1324 980 1374 tempore
1013 1320 1214 1362 iudicum
1247 1321 1293 1361 in
1324 1319 1471 1362 veteri
1502 1322 1779 1362 testamento
1811 1317 2059 1372 aliquando

292 1394 491 1446 populus
530 1406 616 1446 per
655 1406 703 1434 se
744 1392 976 1434 iudicabat
1015 1395 1061 1434 et
1098 1391 1435 1444 exequebatur,
1475 1390 1591 1433 sicut
1630 1390 1798 1432 Daniel
1837 1389 1885 1431 in
1923 1389 1963 1432 3.
2002 1388 2059 1432 de

291 1464 516 1516 Susanna,
555 1463 677 1516 quod
716 1463 960 1505 multitudo
994 1462 1194 1505 credidit
1228 1461 1325 1503 illis
1364 1461 1630 1503 senioribus
1670 1464 1716 1503 et
1753 1460 2060 1514 condempna-

290 1538 455 1576 verunt
480 1547 581 1576 eam
608 1534 665 1576 ad
692 1537 900 1575 mortem.
939 1533 1030 1575 Nec
1055 1536 1208 1586 potest
1234 1532 1446 1585 intelligi,
1473 1532 1597 1585 quod
1623 1532 1693 1574 illi
1721 1532 1934 1574 sen-iores
1958 1543 2059 1573 con-

291 1605 672 1658 dempnaverunt,
703 1605 811 1657 quia
839 1609 945 1647 tunc
974 1604 1098 1646 idem
1126 1603 1329 1646 fuissent
1358 1606 1501 1645 testes
1531 1606 1577 1646 et
1606 1602 1795 1647 iudices.
1839 1601 2077 1644 Similiter,

291 1676 346 1718 de
384 1677 481 1717 iure
518 1676 733 1729 naturali,
769 1676 877 1728 quia
909 1675 956 1717 in
990 1674 1287 1717 multitudine
1320 1675 1471 1716 libera
1505 1673 1782 1716 naturaliter
1814 1673 1973 1715 nullus
2005 1671 2061 1716 fit

292 1747 503 1788 dominus
524 1747 620 1788 sive
642 1759 740 1799 rex,
760 1747 852 1788 nisi
873 1759 1009 1799 quem
1032 1746 1277 1788 multitudo
1293 1745 1386 1788 sibi
1408 1744 1643 1788 constituit
1661 1757 1748 1798 per
1767 1755 2058 1787 consensum.

291 1818 336 1859 Si
367 1830 478 1871 ergo
508 1818 752 1859 multitudo
782 1818 928 1859 nollet
958 1818 1005 1859 in
1037 1817 1241 1870 aliquem
1273 1817 1552 1869 consentire,
1584 1818 1654 1858 siet
1681 1828 1770 1869 sper
1798 1827 1851 1857 se
1881 1825 2060 1868 regere,

292 1888 405 1930 sicut
428 1893 498 1931 est
521 1888 566 1929 in
591 1888 850 1931 civitatibus
869 1887 1194 1941 popularibus,
1220 1891 1411 1940 constat,
1432 1887 1560 1940 *quod
1584 1886 1843 1928 iurisdictio
1865 1887 1991 1929 esset
2013 1885 2061 1927 in

292 1960 464 2011 populo
496 1962 540 2000 et
571 1958 784 2001 similiter
816 1960 1038 2001 execucio
1069 1959 1322 2012 sentencie,
1356 1971 1445 2011 que
1477 1961 1549 2000 est
1581 1958 1628 1999 in
1659 1969 1817 2011 opere.
1862 1956 1930 1999 De
1962 1956 2062 1998 iure

291 2042 402 2071 vero
431 2030 645 2082 humano,
677 2030 799 2082 quod
829 2043 922 2072 non
954 2042 1142 2083 semper
1171 2029 1257 2072 fiat
1286 2042 1372 2083 per
1402 2032 1539 2082 caput
1568 2028 1891 2082 multitudinis,
1920 2025 2061 2070 mani-

293 2100 460 2142 festum
495 2104 577 2153 est,
612 2100 726 2142 sicut
758 2104 884 2153 patet
919 2101 976 2142 de
1011 2100 1219 2154 collegiis
1252 2100 1535 2142 habentibus
1569 2099 1950 2152 iurIsdictionem,
1980 2096 2060 2140 ubi

293 2184 383 2212 non
404 2174 474 2213 est
492 2175 639 2224 caput,
660 2171 750 2214 nisi
771 2175 842 2213 est
862 2172 920 2213 de
940 2172 1137 2225 coll-egio
1157 2174 1203 2213 et
1222 2171 1279 2213 de
1299 2171 1514 2225 pluribus
1531 2170 1766 2213 *iudicibus
1783 2167 2059 2212 coniunctim

294 2243 447 2283 datum
475 2242 532 2284 ad
559 2242 756 2284 eandem
782 2255 968 2284 causam
995 2245 1078 2285 etc.

414 2313 525 2354 Item
546 2314 654 2365 quia
676 2314 855 2366 dicitur,
877 2313 1001 2366 quod
1017 2325 1220 2367 presens
1241 2312 1484 2355 concilium
1502 2312 1652 2366 potuit
1672 2311 1781 2354 olim
1801 2311 2061 2354 Joh-annem

294 2384 432 2424 velud
460 2383 796 2436 illegitimatum
824 2387 929 2437 post
954 2384 1112 2437 fugam
1140 2397 1165 2426 a
1192 2384 1313 2426 dicto
1339 2383 1533 2425 concilio
1559 2396 1585 2426 a
1610 2385 1784 2437 papatu
1809 2382 2060 2436 deponere,

293 2454 515 2507 queritur,
547 2455 772 2507 numquid
804 2454 950 2497 dictus
983 2455 1223 2497 Johannes
1256 2454 1575 2508 illegitimatus
1607 2466 1693 2507 per
1724 2453 1883 2507 fugam
1914 2452 2060 2506 ipsam

296 2527 370 2565 aut
394 2529 498 2567 ante
522 2524 678 2578 fugam
701 2538 786 2578 per
808 2526 976 2567 malam
1000 2525 1457 2568 administracionem
1486 2523 1693 2579 [fuerit].
1728 2523 1776 2567 Si
1796 2536 1885 2577 per
1906 2522 2060 2576 fugam

295 2598 338 2636 et
378 2608 469 2635 non
513 2599 632 2648 ante,
676 2597 899 2649 sequitur,
943 2596 1065 2649 quod
1107 2596 1253 2638 eciam
1296 2596 1461 2637 Petrus
1503 2595 1836 2649 illegitimatus,
1876 2591 2060 2648 quando

296 2666 529 2707 recedenti
556 2666 596 2707 ci
624 2680 648 2708 a
675 2666 817 2708 Roma
843 2668 1041 2709 occurrit
1067 2666 1279 2709 Christus
1306 2666 1483 2708 dicens:
1523 2666 1656 2708 Vado
1681 2666 1871 2708 Romam
1894 2664 2059 2708 iterum

297 2736 521 2788 crucifigi,
565 2740 607 2778 ct
648 2737 835 2790 Paulus,
877 2737 1062 2790 quando
1103 2737 1329 2781 sumissus
1370 2737 1458 2780 fuit
1498 2749 1524 2779 a
1563 2736 1790 2779 fratribus
1830 2735 1877 2777 in
1914 2736 2058 2789 porta.

297 2806 516 2848 l'reterea
554 2807 806 2860 dolian11es,
847 2811 1094 2861 antequam
1133 2808 1332 2861 fugeret,
1371 2807 1575 2850 habebat
1614 2806 1978 2849 iurisdictionem
2015 2805 2059 2846 et

296 2876 636 2929 cxecucionem,
661 2890 772 2930 ergo
796 2891 888 2920 non
913 2882 1094 2931 poterat
1116 2878 1216 2932 cogi
1241 2879 1299 2920 de
1324 2879 1425 2920 iure
1451 2891 1476 2920 a
1500 2877 1708 2931 001101110,
1733 2880 1781 2920 ut
1802 2877 1938 2919 ¹daret
1958 2885 2059 2929 pro-

300 2947 588 2989 curacionem
623 2948 681 2989 ad
715 2949 988 3002 cedendum,
1024 2949 1139 2991 sicut
1173 2953 1278 2992 tunc
1314 2949 1371 2992 ab
1404 2961 1462 2991 eo
1495 2948 1796 3003 peteb‘aturff)
1845 2946 1892 2990 Si
1927 2945 2062 3000 igitur

393 3019 449 3083 7¹)
478 3040 522 3074 In
548 3041 616 3075 cler
650 3041 705 3076 Π.
732 3042 869 3076 Sessio.
