2227 3434
769 122 859 156 1417
884 122 995 165 April
1018 123 1038 157 3
1063 143 1105 147 —
1130 123 1223 157 Juni
1247 123 1300 157 13.
1834 127 1918 168 495

151 251 354 293 superne
388 240 676 282 rectitudinis
710 244 794 292 est,
827 252 914 294 per
948 253 1085 294 quam
1118 242 1190 282 hic
1225 242 1372 283 iustus
1407 243 1607 295 amplius
1641 244 1919 286 iustificatur

150 315 197 353 et
220 311 391 364 impius
413 311 614 364 amplius
637 311 902 353 sordidatur
925 345 934 353 .
970 345 978 353 .
1015 345 1022 353 .

267 381 366 423 Pax
386 385 432 424 et
450 382 605 425 unitas
627 382 794 424 melius
816 382 1064 435 reperitur,
1087 383 1165 424 ubi
1186 396 1306 425 unus
1329 388 1505 438 regnat,
1528 397 1664 437 quam
1687 385 1766 426 ubi
1788 387 1919 427 multi

150 455 359 505 regnant.
399 452 522 506 Ergo
547 453 706 494 mundi
734 453 1000 495 monarchia
1027 454 1195 496 melius
1223 454 1398 508 regitur
1425 468 1516 497 uno
1542 456 1753 509 princ-ipe
1782 469 1918 509 quam

149 522 379 577 pluribus,
403 535 524 565 unus
546 536 658 577 ergo
680 536 815 577 papa,
841 536 961 566 unus
984 524 1249 577 imperator.
1285 525 1428 567 Roma
1451 539 1572 568 nunc
1597 527 1780 569 condita
1803 527 1919 569 duos

150 605 286 647 reges
307 594 483 637 habere
504 607 598 636 non
617 595 765 648 potuit
786 629 794 636 .
831 628 839 636 .
875 629 883 637 .
917 594 1010 637 Sed
1030 608 1131 637 cum
1153 597 1303 648 prima
1326 597 1454 639 salus
1475 597 1533 639 sit
1553 598 1726 640 vicario
1746 598 1918 640 Christi

148 676 332 717 parere,
354 665 428 707 cui
450 677 585 707 omne
607 678 732 719 genu
754 665 971 708 flectatur
994 671 1039 709 et
1062 666 1256 708 obedire
1280 667 1453 710 debent
1477 669 1659 722 singule
1683 670 1918 721 naciones,

149 735 345 789 videtur,
372 736 496 789 quod
519 749 604 778 nec
631 737 689 779 ab
715 737 996 790 imperatore
1021 749 1106 779 nec
1133 750 1158 780 a
1185 738 1375 791 regibus
1400 751 1484 780 nec
1512 740 1568 781 ab
1594 740 1719 781 omni
1745 741 1918 793 populo

150 807 382 849 Romanus
419 808 632 860 pontifex
669 808 839 851 debeat
874 808 1081 850 iudicari.
1131 809 1288 851 Voluit
1325 810 1448 851 enim
1487 810 1613 853 Deus
1650 811 1776 852 sedis
1813 824 1918 864 apo-

149 877 308 919 stolice
344 879 583 930 presulem
622 891 705 921 suo
743 879 844 921 sine
882 879 1124 931 questione
1163 881 1396 922 reservari
1437 881 1642 934 arbitrio,
1681 915 1688 923 .
1726 916 1733 923 .
1770 916 1777 923 .
1817 895 1918 923 cum

148 948 249 1001 ipse
275 949 403 991 solus
429 949 486 992 sit
509 949 709 992 vicarius
734 949 905 992 Christi
931 950 978 991 in
1002 950 1140 992 terris
1165 954 1210 992 et
1234 951 1404 993 habeat
1428 952 1769 1004 plenitudinem
1792 956 1918 1006 pote-

148 1019 292 1068 statis,
328 1053 337 1061 .
373 1054 381 1061 .
417 1054 425 1062 .
460 1021 641 1062 nullum
676 1010 816 1063 habet
851 1021 1143 1074 superiorem
1179 1059 1186 1065 .
1224 1056 1232 1063 .
1268 1055 1276 1063 .
1326 1022 1382 1064 de
1419 1023 1519 1063 eius
1556 1023 1725 1065 iudicio
1759 1024 1918 1066 nullus

147 1089 287 1132 habet
317 1089 557 1143 disputare
590 1093 663 1133 vel
696 1092 754 1133 ab
787 1104 841 1133 eo
873 1092 1130 1145 appellare.
1177 1127 1184 1134 .
1221 1126 1229 1134 .
1265 1127 1273 1134 .
1318 1092 1441 1135 Sicut
1473 1106 1565 1135 non
1596 1099 1791 1147 possunt
1821 1095 1918 1147 pal-

148 1161 283 1204 mites
303 1161 503 1203 fructum
526 1162 682 1204 facere
706 1162 806 1205 sine
827 1163 933 1215 vite,
956 1164 1018 1205 ita
1040 1176 1125 1205 nec
1148 1164 1321 1206 domini
1345 1164 1444 1207 sine
1468 1178 1646 1207 summo
1665 1170 1852 1219 pastore
1874 1170 1917 1207 et

148 1233 408 1275 indubitato
444 1233 662 1287 antistite,
699 1246 791 1287 quo
827 1234 1094 1287 optinendo,
1133 1247 1269 1287 quam
1307 1236 1393 1277 cito
1431 1236 1635 1278 valitudo
1673 1249 1722 1279 se
1761 1237 1917 1289 offert,

148 1303 417 1357 dignemini,
459 1317 639 1357 precor,
682 1306 864 1358 placeat
905 1309 950 1347 et
992 1306 1146 1348 velitis
1188 1306 1485 1348 uniformiter
1529 1311 1572 1349 et
1615 1308 1917 1360 concorditer,

146 1374 332 1416 nemine
353 1374 663 1429 discrepante,
684 1376 809 1418 omni
827 1389 1021 1429 prorsus
1042 1377 1390 1430 discrepacione
1412 1391 1572 1419 vocum
1594 1382 1638 1420 et
1658 1379 1917 1421 animorum

146 1448 322 1488 semota
367 1446 661 1489 oracionibus
705 1450 749 1489 et
794 1447 1201 1490 obsecracionibus
1248 1449 1464 1490 insistere
1512 1449 1636 1502 apud
1680 1449 1917 1491 dominum

146 1519 355 1559 nostrum
380 1517 574 1560 Jhesum
601 1517 833 1560 Christum
862 1552 870 1560 .
907 1552 914 1560 .
951 1553 959 1560 .

264 1588 485 1631 Dicebam
526 1601 639 1642 ergo
676 1590 841 1642 primo,
883 1590 1006 1643 quod
1045 1591 1091 1631 in
1132 1590 1289 1633 verbis
1329 1591 1544 1633 thematis
1584 1591 1917 1634 ostendebatur

146 1657 434 1711 singulorum
462 1659 811 1712 preeminencia
841 1660 1073 1702 accessive
1105 1661 1354 1714 dignitatis,
1385 1662 1508 1715 quod
1536 1662 1704 1715 probat
1733 1662 1917 1716 specifi-

146 1732 246 1772 cata
267 1729 486 1773 nobilitas
508 1734 674 1773 nature
698 1731 959 1785 racionalis,
983 1744 1083 1773 cum
1109 1732 1366 1774 dicebatur:
1406 1733 1557 1784 ,homo
1579 1733 1796 1786 quidem‘.
1834 1733 1915 1774 Hic

146 1800 333 1852 quidem
366 1800 618 1854 singularis
650 1802 785 1843 homo
817 1806 862 1844 et
892 1803 1167 1845 excellentis
1198 1804 1547 1856 preeminencie
1578 1804 1750 1857 triplex
1782 1804 1916 1846 nobis

145 1874 462 1923 presentatur:

264 1942 418 1984 Primo
457 1943 717 1996 spiritualis
757 1944 1003 1986 multitudo
1044 1945 1231 1988 luminis
1273 1945 1548 1998 admirandi,
1589 1958 1679 1999 que
1720 1950 1791 1988 est
1832 1947 1914 1987 hoc

145 2025 326 2055 sacrum
354 2013 597 2056 concilium
627 2014 1004 2057 Constanciense.

260 2083 300 2126 2.
347 2084 608 2137 Imperialis
648 2086 875 2128 celsitudo
915 2086 1129 2129 culminis
1169 2087 1440 2139 extollendi,
1483 2100 1571 2141 que
1612 2091 1683 2130 est
1722 2100 1912 2130 cesarea

143 2153 375 2198 maiestas.

258 2225 299 2268 3.
333 2225 561 2269 Divinalis
593 2227 786 2269 altitudo
818 2228 1021 2270 numinis
1052 2229 1324 2282 extollendi,
1358 2242 1446 2282 que
1479 2233 1548 2271 est
1581 2230 1751 2272 Jhesus
1786 2229 1912 2272 Chr'i-

142 2299 240 2338 stus
266 2300 426 2339 noster
453 2297 681 2340 dominus.

260 2400 268 2408 .
304 2404 311 2411 .
348 2402 356 2409 .
396 2366 601 2412 Subtiles
629 2369 907 2422 phylosophi
937 2374 1166 2423 asserunt,
1195 2371 1317 2422 quod
1344 2371 1480 2413 homo
1508 2375 1578 2413 est
1606 2371 1755 2413 minor
1784 2383 1898 2412 mun-

141 2436 226 2479 dus
256 2439 520 2491 appellatus
552 2473 559 2480 .
596 2474 603 2480 .
640 2474 647 2481 .
693 2439 868 2482 Dicitur
898 2441 1096 2482 mundus
1128 2442 1465 2483 microcosmos
1508 2441 1580 2484 Sic
1610 2442 1910 2483 conformiter

141 2508 224 2550 hoc
257 2508 532 2552 admirabile
566 2511 810 2552 concilium
843 2511 1064 2564 persistit,
1099 2511 1145 2552 in
1179 2525 1269 2564 quo
1303 2516 1408 2554 sunt
1442 2512 1573 2565 quasi
1608 2513 1760 2554 omnia
1794 2512 1910 2553 mili-

141 2579 279 2621 tantis
305 2580 516 2635 ecclesie,
543 2581 694 2633 primo
720 2585 868 2634 caput,
895 2582 1069 2624 scilicet
1095 2595 1301 2624 summus
1329 2582 1554 2636 pontifex,
1583 2595 1718 2635 quem
1747 2582 1909 2625 auxili-

141 2652 246 2691 ante
289 2650 474 2692 domino
515 2651 714 2693 habituri
760 2665 918 2694 sumus
961 2653 1017 2694 de
1059 2654 1285 2705 proximo,
1327 2653 1371 2694 2⁰
1414 2653 1586 2695 domini
1630 2653 1906 2703 cardinales,

140 2723 337 2773 suntque
365 2721 507 2762 ceteri
535 2722 703 2774 prelati
732 2723 906 2774 eximii,
936 2723 1252 2766 inclitissimus
1283 2724 1534 2776 imperator
1563 2725 1906 2773 serenissimus,

139 2789 231 2831 dux
256 2803 409 2832 comes
437 2792 688 2843 Palatinus,
713 2793 900 2846 plurimi
925 2794 1096 2835 domini
1124 2794 1459 2836 ambaciatores
1486 2828 1493 2835 .
1530 2832 1536 2837 .
1574 2828 1581 2835 .

259 2861 506 2904 Dicebatur
542 2863 601 2914 2··‚
639 2863 760 2915 quod
798 2863 884 2905 iste
922 2864 1057 2905 homo
1094 2864 1280 2916 quidem
1320 2877 1404 2917 per
1441 2864 1788 2915 excellenciam,
1825 2865 1903 2916 qui

142 2930 248 2973 fecit
276 2943 438 2974 cenam
467 2944 679 2985 magnam
708 2937 752 2975 et
783 2935 960 2976 vocavit
988 2935 1156 2976 multos
1186 2935 1243 2976 ad
1273 2935 1398 2976 illam
1429 2938 1475 2976 et
1504 2935 1831 2976 invictissimus
1861 2936 1906 2974 et

139 2999 366 3055 dominus,
399 3003 612 3046 dominus
642 3003 965 3057 Sigismundus
997 3004 1307 3046 Romanorum
1339 3018 1422 3046 rex
1454 3008 1498 3046 et
1530 3017 1621 3046 non
1655 3004 1904 3057 singularis
