2102 3444
212 161 295 203 422
568 160 611 192 ll.
646 159 855 193 Abs-chniu.
898 160 1102 191 Sermones
1133 158 1281 193 concilii
1313 158 1631 193 Conslanciensis.

211 280 267 320 ad
304 278 522 321 unionem
557 276 903 319 ferventissime
939 280 1009 318 est
1044 289 1237 319 accensa
1272 281 1316 318 et
1352 281 1442 319 tam
1479 278 1550 319 isti
1587 290 1722 330 quam
1759 278 1839 330 illi,
1877 279 1982 320 licet

211 350 398 391 diverso
423 349 540 391 calle
566 347 852 400 incederent,
879 348 936 389 ad
963 348 1163 389 eundem
1189 351 1341 389 tamen
1368 348 1512 389 finem
1540 348 1722 391 unionis
1750 386 1756 392 .
1794 383 1801 390 .
1838 383 1845 390 .
1885 349 1981 390 Non

211 424 362 461 autem
394 423 503 472 puto
535 419 897 472 pretereundem
932 419 1126 460 silencio
1158 419 1365 461 laborem
1402 420 1529 460 illum
1564 420 1873 472 salutiferum,
1904 420 1980 472 qui

211 503 301 531 non
334 486 483 542 potest
516 491 605 531 nisi
642 489 941 530 laudabiliter
974 490 1081 530 t'ieri
1115 494 1159 532 et
1192 490 1442 541 meritorie,
1478 490 1684 531 laborem
1720 490 1848 531 illum
1882 490 1982 531 dico

211 562 267 602 ab
302 561 497 602 ecclesia
533 560 795 602 ordinatum
832 561 888 601 ad
927 561 1208 602 laudandum
1247 562 1390 602 Deum
1427 565 1469 602 et
1505 561 1562 602 ad
1598 561 1889 613 placandum,
1924 561 1981 603 ad

213 631 551 684 impetrandum
584 631 785 683 graciam
819 635 862 672 et
896 631 1262 673 misericordiam
1295 635 1339 673 et
1374 632 1428 673 ad
1463 632 1765 672 obtinendum
1798 631 1980 674 veniam

210 702 496 753 delictorum,
520 702 694 743 scilicet
718 703 890 754 legere,
915 702 1092 754 audire,
1117 702 1271 743 dicere
1288 706 1333 743 et
1348 714 1516 743 canere
1534 702 1740 743 divinum
1757 702 1980 744 officium.

208 774 305 814 Non
331 773 454 814 enim
480 773 612 825 parvi
638 776 708 815 est
733 773 1042 815 estimandum
1071 773 1236 824 meriti,
1262 773 1384 826 quod
1409 786 1494 825 pro
1520 773 1668 815 salute
1695 773 1897 815 omnium
1923 773 1981 814 ab

209 844 404 886 ecclesia
430 847 499 886 est
525 842 796 886 institutum.
836 844 890 885 Et
914 847 984 886 est
1010 844 1311 897 singulariter
1338 844 1604 895 notandum,
1632 844 1768 898 quod,
1794 845 1982 897 quicun-

209 927 297 967 que
322 915 665 957 ecclesiasticus
691 915 855 956 devote
883 928 1015 956 suum
1042 915 1210 956 dixerit
1236 915 1459 967 officium,
1486 928 1577 957 non
1602 915 1692 957 nisi
1718 918 1979 957 sanctorum

208 985 356 1038 morti,
387 998 475 1038 que
507 985 718 1038 preciosa
749 989 818 1028 est
851 987 894 1027 in
926 990 1173 1038 conspectu
1205 986 1393 1037 domini,
1426 986 1696 1039 subiacebit,
1727 986 1834 1039 quia
1863 989 1980 1028 teste

209 1056 400 1099 Aurelio
440 1057 699 1110 Augustino
740 1057 785 1098 in
826 1058 968 1098 tercio
1011 1070 1225 1099 sermone
1267 1057 1490 1108 officium,
1531 1057 1654 1109 quod
1695 1058 1741 1098 in
1783 1058 1980 1100 ecclesia

210 1127 389 1181 legitur,
432 1127 597 1170 dicitur
639 1129 711 1169 vel
755 1129 947 1180 canitur,
991 1132 1059 1171 est
1101 1129 1254 1170 anime
1296 1132 1452 1170 nostre
1497 1128 1770 1181 subsidium,
1814 1128 1981 1182 angelo

186 1186 377 1240 'bonum
413 1198 649 1251 solacium,
685 1199 883 1251 dyabolo
919 1212 1126 1241 amarum
1162 1200 1456 1252 supplicium,
1493 1200 1589 1241 Deo
1623 1199 1903 1241 sacrificium
1936 1202 1982 1241 et

206 1272 385 1322 gratum
414 1269 688 1322 obsequium
715 1273 760 1311 et
788 1270 957 1312 dicenti
986 1270 1200 1311 meritum
1229 1271 1492 1323 penitencie
1521 1274 1566 1313 et
1593 1270 1849 1323 religionis,
1878 1270 1980 1311 laus

206 1344 297 1383 tota
331 1344 376 1383 et
409 1353 517 1394 spes
551 1344 675 1383 certa
711 1341 768 1382 de
803 1341 888 1382 Dei
923 1340 1255 1383 misericordia.
1304 1341 1500 1394 Propter
1535 1354 1735 1394 namque
1769 1340 1980 1383 officium

208 1411 342 1453 datur
365 1411 661 1454 beneficium.
697 1412 875 1463 Quanta
901 1413 1038 1466 igitur
1061 1416 1131 1455 est
1154 1412 1382 1454 hodierna
1405 1412 1618 1454 confusio
1641 1415 1778 1465 atque
1803 1411 1979 1464 abusio,

207 1482 327 1534 quod
357 1482 402 1524 in
432 1482 679 1525 beneficiis
709 1486 772 1526 tot
801 1486 845 1525 et
873 1484 987 1525 tanti
1019 1487 1125 1525 sunt
1154 1484 1425 1536 locupletes,
1456 1483 1532 1536 qui
1561 1483 1748 1536 penitus
1776 1481 1979 1524 omnium

207 1553 464 1595 litterarum
495 1554 641 1607 ignari
672 1558 789 1596 sunt.
832 1554 1102 1597 Certissime
1129 1554 1361 1608 habetote,
1391 1554 1526 1607 quod,
1556 1554 1670 1596 sicut
1695 1553 1980 1602 beneficiati,

207 1625 283 1677 qui
306 1625 512 1667 divinum
536 1625 745 1667 officium
767 1626 1023 1679 negligunt,
1045 1628 1376 1678 contempnunt
1398 1626 1471 1666 vel
1494 1625 1720 1678 nesciunt,
1741 1637 1979 1678 nunquam

208 1697 326 1737 bene
346 1696 530 1748 finiunt,
552 1697 615 1739 sic
636 1698 712 1750 qui
736 1697 900 1738 devote
921 1697 1123 1750 legerint
1141 1701 1218 1739 aut
1239 1697 1457 1749 dixerint,
1479 1709 1591 1739 sane
1614 1696 1979 1738 misericordiam

208 1767 290 1808 Dei
324 1780 415 1809 non
449 1767 669 1810 amittent.
716 1768 797 1809 Hic
830 1767 1254 1810 reverendissimus
1288 1771 1420 1821 pater
1452 1771 1496 1809 et
1527 1767 1742 1810 dominus
1774 1766 1979 1809 debitum

207 1838 397 1880 curabat
430 1838 704 1891 obsequium
741 1842 913 1882 attente
947 1843 991 1881 et
1027 1839 1205 1881 devote.
1250 1839 1385 1881 Unde
1420 1852 1521 1880 cum
1556 1838 1808 1891 aliquando
1841 1838 1980 1880 conti-

205 1909 349 1961 gisset
377 1923 480 1951 eum
511 1911 666 1962 aliqua
694 1911 858 1964 grandi
889 1910 1162 1952 infirmitate
1191 1911 1389 1963 gravari,
1421 1911 1456 1953 si
1486 1923 1578 1952 non
1608 1913 1789 1963 poterat
1815 1923 1901 1963 per
1930 1922 1979 1952 se

207 1981 379 2033 legere,
413 1982 652 2034 satagebat
682 1985 835 2023 tamen
869 1995 953 2035 per
986 1982 1126 2024 alium
1161 1982 1339 2034 audire,
1373 1984 1418 2023 ut
1451 1981 1614 2024 laudes
1647 1982 1690 2023 ei
1723 1993 1808 2034 per
1840 1992 1978 2023 aures

207 2050 264 2091 ad
292 2064 369 2093 cor
394 2051 661 2105 transirent,
688 2065 803 2105 quos
831 2065 1055 2095 resonare
1083 2053 1241 2105 lingua
1268 2053 1458 2105 propria
1486 2066 1578 2095 non
1605 2052 1803 2094 valebat.
1844 2050 1978 2093 Unde

207 2125 250 2164 et
279 2122 643 2165 misericordiam
672 2124 756 2165 Dei
784 2124 979 2166 obtinuit
1008 2159 1015 2166 .
1052 2158 1059 2165 .
1096 2159 1103 2165 .

323 2193 457 2235 Unde
503 2194 574 2236 hic
621 2195 1045 2238 reverendissimus
1091 2199 1224 2248 pater
1269 2199 1314 2237 et
1359 2195 1574 2237 dominus
1620 2195 1785 2237 merito
1829 2196 1980 2247 potest

207 2264 361 2306 dicere
392 2278 494 2307 cum
524 2266 782 2318 psalmista:
830 2267 1007 2309 Delicta
1041 2267 1291 2308 iuventutis
1322 2279 1423 2308 mee
1456 2269 1500 2308 et
1529 2265 1821 2319 ignorancias
1852 2277 1979 2307 meas

205 2348 264 2377 ne
297 2336 580 2389 memineris,
613 2336 812 2389 domine,
846 2341 915 2379 set
949 2338 1202 2379 secundum
1236 2337 1604 2379 misericordiam
1635 2340 1760 2379 tuam
1792 2336 1978 2378 vivifica

207 2419 292 2459 me,
324 2407 433 2459 quia
462 2407 635 2460 septies
667 2408 711 2449 in
743 2409 816 2449 die
849 2408 944 2449 dix-i
979 2409 1162 2450 laudem
1192 2409 1289 2450 tibi.
1335 2408 1622 2450 Pacienciam
1653 2412 1806 2451 autem
1835 2407 1978 2450 maxi-

206 2491 326 2520 mam
349 2479 524 2530 habuit,
548 2479 693 2521 eciam
719 2479 763 2520 in
788 2480 873 2521 hac
898 2493 980 2522 sua
1005 2479 1276 2522 infirmitate
1299 2480 1589 2534 gravissima.
1626 2479 1815 2533 Sumpta
1839 2479 1977 2532 igitur

205 2549 469 2602 penitencia
495 2549 702 2602 salutari,
727 2563 816 2603 que
839 2563 932 2592 non
956 2551 1178 2603 temporis
1203 2550 1490 2604 longitudine
1515 2553 1584 2593 set
1607 2550 1808 2593 affectus
1833 2550 1978 2593 since-

205 2620 339 2662 ritate
370 2623 608 2673 pensatur,
638 2621 776 2663 etiam
809 2635 833 2663 a
866 2634 947 2663 sua
979 2622 1186 2674 puericia
1219 2621 1461 2664 commissa
1492 2626 1678 2675 peccata
1709 2621 1862 2664 omnia
1891 2632 1977 2674 per

205 2692 392 2743 plenam
456 2691 798 2734 confessionem
861 2705 1078 2734 evomere
1143 2693 1358 2745 cupiebat
1409 2693 1646 2746 magisque
1696 2691 1977 2745 gravabatur

208 2766 360 2804 mente
398 2775 535 2815 quam
571 2776 764 2816 corpore
801 2767 845 2805 et
883 2764 1028 2816 magis
1065 2764 1253 2817 optabat
1290 2764 1445 2806 sanari
1483 2763 1529 2805 in
1566 2763 1718 2806 anima
1755 2758 1892 2817 quarn
1930 2763 1975 2804 in

207 2845 359 2875 carne.
425 2834 677 2886 Speramus
732 2834 881 2887 igitur,
922 2847 1028 2886 ymo
1079 2834 1350 2877 firmissime
1393 2835 1639 2888 credimus,
1680 2834 1804 2888 quod
1845 2834 1975 2876 illum

207 2904 362 2947 divina
394 2904 712 2947 misericordia
744 2904 800 2948 sit
832 2906 1095 2958 amplexata
1129 2940 1136 2948 .

2035 3202 2102 3444 βαιτψ·
