2102 3444
161 119 216 162 14
691 119 717 154 I.
752 120 964 155 Abschnitt.
1012 119 1412 166 Konzilstagebiicher.

162 238 327 279 Petrus
358 238 415 279 de
448 237 578 280 Luna
609 238 756 281 dictus
787 238 1066 282 Benedictus
1095 239 1213 293 fugit
1243 241 1290 282 in
1321 240 1602 294 Aragoniam
1633 241 1691 283 ad
1722 240 1930 294 Perpini-

162 321 300 350 anum
331 309 387 350 de
420 309 561 351 Portu
592 310 792 351 Veneris
824 313 1016 362 propter
1045 313 1216 352 metum
1246 312 1371 364 regis
1403 312 1700 364 Francorum,
1730 311 1809 364 qui
1838 311 1929 354 iam

161 379 249 421 sibi
278 379 596 422 substraverat
622 380 950 422 obedientiam.
988 381 1197 434 Angelus
1223 384 1376 424 autem
1403 382 1551 425 dictus
1578 382 1834 434 Gregorius
1860 394 1930 424 re-

159 450 373 492 trocessit
402 450 563 493 Scnas.
607 451 732 492 Tunc
762 451 933 504 prefati
964 452 1229 495 cardinales
1259 452 1500 506 utriusque
1531 452 1796 495 obedientie
1827 465 1931 495 con-

161 524 391 562 venerunt
411 524 455 563 et
476 521 766 563 concorditer
788 522 1009 564 Pisanum
1030 523 1275 564 concilium
1297 526 1621 576 convocarunt,
1643 523 1690 564 in
1711 536 1802 577 quo
1823 523 1930 566 dicti

161 591 440 634 Benedictus
469 596 513 634 et
543 592 799 645 Gregorius
827 593 1018 635 fuerunt
1045 593 1244 646 depositi
1275 594 1332 636 de
1363 607 1541 636 summo
1570 593 1857 647 pontificatu,
1886 597 1931 636 et

159 663 405 715 elegerunt
428 663 473 704 in
497 675 665 716 papam
677 663 969 705 cardinalem
989 664 1385 706 Mediolanensem
1404 666 1590 707 Petrum
1607 664 1664 706 de
1682 664 1858 707 Candia
1873 664 1932 707 de

161 734 326 775 ordine
351 734 592 787 Minorum,
613 734 862 776 oriundum
882 735 939 776 de
961 734 1157 789 Cretan),
1178 748 1268 788 que
1290 735 1467 778 Candia
1488 735 1668 789 dicitur,
1689 735 1746 777 de
1768 748 1858 789 qua
1880 748 1930 778 se

161 803 530 859 agnominavit,¹’)
565 804 930 847 famosissimum
960 806 1194 860 theologie
1225 806 1459 848 doctorem
1492 806 1822 859 Parisiensem‚
1853 806 1932 859 qui

162 888 211 917 se
231 875 554 917 Alexandrum
576 876 825 929 quintum)
850 876 1118 918 nominavit.
1150 877 1324 918 Verum
1344 877 1541 930 prefatis
1563 877 1701 919 Petro
1722 877 1780 919 de
1801 877 1931 919 Luna

162 959 323 988 omnes
355 946 582 999 Hispanie
618 941 777 999 preter
811 947 1138 1001 portugaliam,
1171 948 1352 1001 Angelo
1387 960 1498 990 vero
1533 960 1728 1001 regnum
1761 947 1933 1000 Sicilie,

161 1017 516 1070 Neapolitanum
543 1020 589 1059 et
616 1017 812 1063 Carolus
839 1018 896 1060 de
928 1018 1181 1060 Malatestis
1208 1031 1310 1060 cum
1336 1018 1490 1071 terris,
1517 1031 1633 1071 quas
1658 1019 1862 1071 tenebat,
1888 1021 1934 1060 et

161 1101 322 1130 omnes
346 1088 488 1131 duces
510 1088 706 1130 Bavarie
731 1091 868 1141 atque
894 1089 1271 1142 archiepiscopus
1294 1089 1600 1131 Treverensis
1623 1092 1668 1131 et
1689 1092 1814 1131 terre
1837 1089 1933 1131 illis

162 1158 369 1201 subiecte
403 1159 725 1211 obediverunt,
761 1159 880 1202 dicta
915 1159 1206 1213 depositione
1240 1172 1333 1201 non
1369 1160 1595 1202 obstante.
1642 1159 1742 1201 Rex
1777 1163 1932 1202 tamen

162 1230 319 1272 Sicilie
344 1230 591 1272 Ladislaus
614 1233 777 1283 postea
802 1231 934 1272 illum
957 1231 1189 1283 Angelum
1213 1231 1387 1283 repulit
1410 1234 1456 1272 et
1479 1230 1606 1273 venit
1630 1230 1688 1272 ad
1713 1230 1934 1272 obedien—

162 1302 272 1343 tiam
296 1301 524 1343 Johannis
547 1301 736 1355 XXIII,
759 1301 816 1343 de
840 1313 931 1354 quo
955 1301 1094 1354 infra,
1117 1314 1203 1355 per
1226 1305 1351 1344 certa
1374 1304 1507 1355 pacta
1531 1301 1644 1344 inita
1666 1301 1788 1343 inter
1811 1301 1932 1343 illos.

162 1372 259 1424 Qua
288 1372 516 1414 electione
544 1372 804 1414 Alexandri
831 1372 953 1414 facta
982 1372 1102 1415 Pisis
1131 1373 1249 1414 illud
1276 1372 1521 1414 concilium
1549 1370 1677 1427 fuitd)
1709 1384 1795 1425 per
1822 1384 1934 1414 eun-

163 1443 269 1484 dem
304 1443 626 1485 Alexandrum
666 1443 748 1485 illo
786 1443 1076 1496 approbante
1113 1443 1307 1485 concilio
1346 1444 1661 1485 continuatum
1699 1443 1759 1485 ad
1793 1442 1934 1485 trien-

163 1514 303 1558 nium.
358 1514 528 1556 Locum
568 1517 722 1556 autem
763 1517 809 1557 et
849 1514 972 1556 diem
1013 1527 1220 1557 summus
1260 1514 1488 1568 pontifex,
1530 1515 1609 1567 qui
1649 1517 1757 1556 tunc
1797 1513 1933 1566 foret,

162 1586 340 1638 eligere
371 1589 416 1627 et
447 1585 716 1639 significare
748 1585 963 1628 debebat.
1007 1585 1225 1628 Prefatus
1255 1585 1527 1627 Alexander
1557 1597 1680 1627 anno
1708 1584 1786 1626 vix
1816 1596 1934 1626 com-

161 1658 288 1710 pleto
312 1669 338 1698 a
357 1669 441 1698 sua
456 1657 684 1698 electione
701 1656 813 1698 obiit
828 1655 1034 1698 Bononie
1051 1659 1097 1698 et
1111 1657 1287 1699 electus
1302 1656 1391 1698 fuit
1404 1656 1491 1698 iste
1507 1656 1534 1698 J
1537 1656 1747 1698 ohannes
1761 1654 1934 1697 XXIII.

162 1727 414 1770 cardinalis
443 1727 591 1769 dictus
619 1728 765 1769 sancti
794 1728 1044 1781 Eustachii,
1073 1728 1254 1780 legatus
1282 1727 1330 1768 in
1357 1726 1580 1781 Bononia,
1609 1726 1756 1769 dictus
1783 1726 1934 1768 Balta-

163 1811 241 1840 sar
266 1799 393 1841 Coxa
418 1799 475 1840 de
500 1799 709 1852 Neapoli.
746 1799 891 1850 Quam
917 1799 1193 1840 electionem
1218 1798 1366 1840 fuisse
1392 1798 1605 1840 vitiosam
1629 1797 1756 1840 fama
1780 1799 1864 1850 est,
1889 1799 1935 1839 et

163 1873 386 1923 quantum
415 1870 474 1911 ad
502 1869 667 1912 merita
695 1882 898 1922 persone
927 1870 1154 1924 certumf)
1204 1869 1330 1911 Idem
1360 1869 1600 1911 Johannes
1628 1868 1802 1910 XXIII.
1830 1880 1936 1921 pro-

164 1953 368 1994 sequens
398 1940 790 1982 continuationem
822 1940 928 1982 dicti
961 1940 1118 1982 Pisani
1150 1940 1332 1982 concilii
1364 1940 1566 1982 instante
1597 1938 1801 1982 triennio
1831 1951 1936 1981 con-

163 2013 340 2054 vocavit
368 2012 612 2054 concilium
641 2012 863 2064 generale
893 2011 1036 2052 Rome
1067 2011 1125 2053 ad
1153 2011 1350 2064 primam
1378 2011 1556 2064 Aprilis
1586 2023 1708 2053 anno
1740 2009 1935 2053 MCCCC

163 2087 208 2125 et
237 2083 341 2125 XII.
383 2082 461 2125 Set
489 2086 581 2124 tam
610 2085 803 2135 propter
832 2082 919 2123 loci
949 2081 1229 2134 distantiam,
1259 2084 1352 2123 tam
1382 2084 1574 2134 propter
1602 2082 1783 2123 viarum
1812 2080 1935 2133 peri-

164 2155 281 2207 cula,
313 2167 416 2195 cum
447 2153 654 2206 undique
687 2165 834 2206 prope
867 2153 1058 2194 Romam
1090 2152 1217 2194 bella
1249 2156 1528 2205 gererentur
1559 2164 1645 2193 nec
1677 2154 1779 2193 erat
1809 2153 1935 2193 tutus

165 2237 394 2278 accessus,
418 2225 578 2266 nullus
603 2224 660 2265 de
687 2226 819 2275 extra
844 2223 1019 2265 curiam
1044 2222 1290 2276 accessit.³)
1330 2223 1427 2274 Que
1454 2222 1787 2275 impedimenta
1810 2221 1934 2263 idem

165 2297 405 2338 Johannes
437 2308 574 2349 papa,
607 2298 656 2337 ut
689 2294 928 2336 dicebatur
962 2297 1007 2336 et
1038 2293 1242 2335 creditur
1275 2305 1301 2335 a
1336 2294 1506 2346 multis,
1538 2289 1853 2346 procurabatf)
1890 2294 1935 2334 et

165 2367 368 2420 fovebat,
393 2379 451 2408 ne
479 2366 619 2408 fieret
644 2366 903 2407 concilium.
943 2365 1138 2406 Demum
1164 2364 1308 2406 Roma
1333 2367 1466 2417 capta
1490 2363 1711 2416 curiaque
1738 2365 1934 2416 repente

167 2438 325 2491 fugata
355 2450 441 2491 per
471 2437 740 2478 Ladislaum
771 2436 929 2479 Sicilie
960 2448 1118 2489 regem
1147 2447 1241 2476 non
1271 2434 1372 2476 sine
1404 2434 1631 2476 latissima
1661 2434 1797 2487 culpa
1828 2433 1935 2476 dicti

167 2508 394 2552 Johannis
416 2520 537 2562 pape
560 2507 755 2561 ipsoque
778 2519 880 2548 cum
903 2506 1029 2548 curia
1052 2518 1135 2548 sua
1157 2508 1306 2548 stante
1330 2505 1582 2557 Florentie,
1606 2504 1936 2548 serenissimus

167 2580 386 2634 princeps
406 2579 730 2632 Sigismundus
751 2578 1063 2619 Romanorum
1083 2580 1128 2618 et
1149 2576 1386 2629 Hungarie
1407 2588 1491 2617 rex
1513 2575 1636 2617 misit
1656 2575 1714 2617 ad
1734 2575 1935 2617 eundem

167 2664 336 2704 papam
361 2652 552 2703 legatos,
577 2649 819 2702 postulans
844 2647 933 2690 sibi
958 2647 1059 2689 dari
1082 2650 1358 2700 potestatem
1382 2645 1665 2688 convocandi
1689 2646 1935 2688 concilium

167 2722 389 2775 generale
420 2724 465 2763 et
493 2720 699 2774 eligendi
728 2720 878 2761 locum
906 2721 952 2760 et
980 2721 1176 2770 tempus.
1219 2717 1494 2759 Cardinales
1525 2720 1678 2759 autem
1707 2716 1935 2768 videntes,

168 2793 290 2846 quod
320 2792 443 2834 idem
473 2804 596 2845 papa
626 2790 889 2844 refugiebat
919 2789 1162 2831 concilium
1192 2789 1429 2841 generale,
1460 2790 1637 2829 tantum
1668 2787 1936 2829 institerunt

286 2902 316 2923 a»
338 2897 365 2922 B
386 2877 469 2929 *fayz
495 2876 628 2921 dicitnr.
677 2894 708 2926 b)
729 2894 767 2919 I).
789 2899 881 2926 cogn.
921 2892 949 2925 c)
969 2891 1049 2925 fehlt
1070 2892 1107 2918 Β.
1145 2891 1178 2919 ὼ
1200 2892 1237 2923 13,
1254 2891 1284 2923 υ,
1302 2891 1341 2924 D,
1363 2890 1447 2923 sarm
1471 2891 1555 2924 ενι-ῖς]
1580 2890 1626 2925 (P)
1652 2891 1693 2917 et.
1732 2891 1760 2924 e)
1782 2889 1926 2924 Quam..

169 2944 295 2970 certum
322 2944 344 2969 (¹
361 2943 550 2976 glesrrichen,
571 2941 650 2974 fehlt
672 2942 711 2968 I).
748 2940 774 2974 s)
796 2940 825 2967 D
848 2938 928 2972 fehlt
952 2938 1153 2973 procurabat
1175 2940 1216 2966 et.

288 3004 319 3046 1)
348 3001 584 3046 Auffiz'lliyer
610 3001 762 3035 Irrlum.
