2227 3434
0 68 32 263 ἓ.

0 298 15 350 t

0 357 13 520 i

0 593 4 601 .

0 642 15 651 tr

517 150 557 186 Β.
610 150 689 186 Der
726 150 827 187 liber
866 153 1060 196 gestorum
1100 152 1170 187 des
1210 151 1454 188 Cerretanus.
1786 155 1869 199 173

216 268 528 312 Serenissime
559 270 798 324 princeps!
846 270 938 313 Pro
968 270 1309 313 introductione
1342 271 1475 314 verbi
1506 273 1735 326 propositi
1767 246 1869 315 cone

100 339 401 382 siderandum
425 352 484 382 ex
508 340 758 383 sentenciis
783 341 1060 395 sapientum,
1085 341 1210 395 quod
1233 342 1369 384 homo
1393 342 1666 386 constitutus
1691 356 1750 385 ex
1774 356 1869 385 cor-

97 423 213 465 pore
237 415 283 454 et
307 411 473 465 spiritu
495 411 636 454 habet
659 415 756 454 tres
780 413 1092 466 operationes,
1118 425 1257 454 unam
1281 414 1587 467 corporalem,
1613 414 1752 456 aliam
1778 415 1868 468 spi-

99 482 330 536 ritualem,
350 483 490 525 aliam
509 483 701 524 mixtam
722 495 782 524 ex
801 495 995 536 corpore
1017 486 1062 525 et
1082 483 1263 536 spiritu.
1297 484 1352 525 Et
1373 483 1627 526 secundum
1648 485 1734 526 hoc
1755 486 1868 527 anti-

98 553 177 606 qui
205 556 302 596 tres
332 552 648 596 distinxerunt
673 553 791 596 vitas
820 554 1021 596 maxime
1051 555 1353 607 excellentes,
1384 554 1469 596 hoc
1499 558 1568 597 est
1599 567 1625 597 a
1652 555 1868 608 plurimis

97 624 297 666 maxime
328 623 682 679 desideratas:a)
716 625 856 666 vitam
887 625 1226 679 voluptuosam,
1258 637 1347 679 que
1379 625 1587 668 consistit
1618 638 1677 667 ex
1707 638 1868 679 opera-

97 695 308 738 cionibus
342 696 595 749 corporeis,
629 695 769 737 vitam
804 696 1013 749 activam,
1049 708 1139 749 que
1174 696 1382 738 consistit
1417 709 1476 738 ex
1511 696 1868 750 operacionibus

97 766 267 820 mixtis,
294 766 435 809 vitam
460 766 881 820 contemplativam,
911 779 1002 820 que
1029 767 1238 810 consistit
1263 779 1325 810 ex
1351 768 1710 822 operacionibus
1739 780 1867 810 mere

97 837 407 880 intellectivis.

215 919 374 962 Dicam
400 932 549 973 pauca
575 920 632 961 de
661 919 869 973 qualibet
896 923 942 962 et
969 919 1089 962 facio
1116 920 1276 962 i'inem.
1316 919 1424 962 Dixi
1452 922 1617 974 primo,
1647 921 1770 974 quod
1796 924 1867 963 est

95 991 190 1034 vita
216 990 507 1044 voluptuosa,
537 1003 626 1044 que
655 991 863 1034 consistit
891 1004 951 1033 ex
978 990 1330 1045 operationibus
1358 993 1610 1045 corporeis.
1651 992 1745 1034 Hoc
1773 1004 1866 1034 non

95 1061 399 1104 communicat
431 1074 535 1104 cum
569 1062 765 1115 ratione,
798 1061 923 1104 unde
959 1062 1123 1104 dicitur
1159 1061 1508 1105 irrationabilis.
1557 1063 1611 1105 Et
1645 1066 1716 1106 est
1750 1075 1867 1105 com-

94 1133 247 1175 munis
280 1133 496 1176 omnibus
530 1133 694 1176 bestiis
727 1136 772 1175 et
804 1136 1018 1175 versatur
1052 1133 1252 1175 maxime
1287 1134 1335 1175 in
1368 1133 1472 1187 hiis,
1506 1146 1596 1187 que
1629 1133 1866 1188 pertinent

95 1203 155 1247 ad
178 1205 581 1247 conservationem
607 1205 781 1258 speciei
807 1207 852 1246 et
879 1204 1108 1246 individui
1133 1208 1180 1246 et
1205 1204 1438 1246 constituit
1462 1204 1608 1246 finem
1634 1204 1683 1246 in
1707 1205 1866 1257 volup-

93 1265 273 1318 tatibus
300 1275 555 1318 secundum
589 1288 792 1318 sensum.
839 1275 1037 1318 Videtur
1071 1279 1224 1318 autem
1260 1276 1378 1318 tales
1413 1277 1711 1329 operationes
1745 1275 1865 1318 iuste

94 1346 453 1400 exprobrabiles
482 1358 604 1400 esse,
635 1346 853 1400 quoniam
883 1359 977 1388 non
1009 1346 1263 1389 secundum
1295 1346 1418 1399 quod
1447 1346 1660 1389 homines
1691 1359 1864 1399 sumus,

93 1417 141 1460 in
162 1417 299 1460 nobis
322 1417 541 1471 existunt,
565 1417 650 1461 sed
672 1417 928 1460 secundum
951 1417 1075 1471 quod
1097 1418 1261 1460 bestie.
1298 1417 1489 1460 Talibus
1511 1417 1635 1459 enim
1657 1417 1863 1471 gaudere

93 1491 139 1531 et
161 1489 363 1532 maxime
388 1488 586 1542 diligere
610 1488 736 1542 talia,
762 1489 961 1531 bestiale
993 1487 1127 1543 [est].
1166 1488 1280 1530 Cum
1305 1489 1430 1531 enim
1454 1489 1592 1531 homo
1616 1488 1673 1531 sit
1698 1491 1864 1530 natura

93 1559 350 1614 rationalis,
376 1560 605 1602 electione
634 1572 685 1602 se
712 1560 1000 1602 coordinavit
1027 1559 1204 1613 bestiis,
1232 1559 1372 1602 vita-m
1399 1560 1655 1601 bestiarum
1683 1559 1864 1612 eligens

93 1634 138 1674 et
164 1631 292 1674 velut
316 1630 588 1673 irrationale
617 1631 789 1673 animal
819 1631 878 1673 ad
904 1631 1189 1684 voluptatem
1216 1630 1472 1673 secundum
1500 1642 1690 1673 sensum
1718 1630 1864 1683 respi-

93 1702 234 1745 ciens.
271 1702 491 1756 Quisquis
515 1702 655 1756 igitur
678 1705 823 1744 tutam
849 1714 988 1755 agere
1015 1701 1155 1743 vitam
1180 1702 1317 1755 volet,
1342 1702 1461 1744 hanc
1486 1713 1647 1744 sanam
1673 1704 1718 1743 et
1743 1701 1864 1743 salu-

92 1772 224 1816 brem
255 1773 348 1815 vite
380 1772 580 1815 formam
611 1776 782 1826 teneat,
814 1776 862 1814 ut
894 1773 1077 1826 corpori
1111 1785 1194 1815 suo
1225 1776 1403 1814 tantum
1436 1771 1689 1825 indulgeat,
1721 1784 1863 1824 quan-

91 1847 187 1886 tum
222 1844 343 1887 bone
381 1844 641 1898 valitudini,
679 1847 901 1897 quantum
939 1844 1186 1897 honestati,
1224 1846 1446 1897 quantum
1484 1842 1741 1886 substantie
1780 1854 1861 1885 sue

93 1916 204 1958 satis
236 1918 319 1958 est.
363 1915 529 1969 Magne
559 1915 726 1957 delicie
759 1918 864 1957 sunt
894 1914 1000 1968 legi,
1031 1914 1121 1956 iuri
1151 1917 1317 1956 nature
1348 1927 1398 1957 se
1431 1926 1723 1967 componere.
1767 1913 1862 1955 Hos

92 1985 285 2030 rationis
313 1986 539 2029 terminos
570 1987 648 2028 lex
680 1986 762 2028 illa
794 1986 969 2038 statuit3
1001 1998 1096 2028 non
1127 1985 1325 2039 esurire,
1357 1997 1452 2026 non
1482 1982 1698 2040 algere‚b)
1733 1984 1861 2026 cibus

91 2057 263 2100 famem
302 2057 448 2112 sedet,
487 2060 623 2112 potus
663 2056 786 2100 sitim
824 2057 1078 2112 extinguat,
1116 2057 1260 2099 vestis
1301 2059 1455 2098 arceat
1494 2055 1658 2110 frigus,
1699 2055 1861 2098 domus

91 2129 426 2172 munimentum
458 2128 516 2172 sit
547 2128 774 2171 adversus
805 2127 978 2170 infesta
1011 2127 1208 2181 corpori.
1257 2127 1415 2180 Itaque
1450 2126 1704 2169 secundum
1737 2125 1861 2179 regis

91 2201 250 2254 optimi
276 2199 520 2242 consilium
546 2199 792 2242 fremande
819 2202 925 2242 sunt
951 2198 1069 2241 tales
1096 2198 1357 2252 passiones,
1384 2211 1475 2251 que
1500 2198 1676 2240 occulta
1702 2197 1861 2250 volup-

91 2273 182 2313 tate
225 2271 436 2313 alliciunt
477 2270 681 2313 animum
722 2273 767 2312 et
808 2271 856 2312 in
898 2270 1133 2312 deteriora
1175 2269 1376 2312 trahunt.
1436 2269 1630 2322 Ingenui
1671 2267 1859 2321 quidem

91 2341 231 2384 animi
265 2345 335 2384 est
368 2353 589 2384 revocare
623 2344 826 2383 mentem
860 2353 886 2383 a
919 2340 1137 2383 sensibus
1172 2343 1217 2382 et
1251 2352 1276 2382 a
1310 2351 1504 2393 corpore
1540 2339 1598 2381 ad
1632 2338 1858 2392 spiritum,

91 2416 311 2466 quantum
340 2411 565 2466 possibile
595 2415 667 2454 est
695 2424 745 2454 se
775 2411 1016 2454 reducere.
1059 2411 1153 2452 Hec
1182 2411 1239 2452 de
1269 2411 1433 2464 prima.

206 2495 312 2537 Dixi
339 2494 559 2548 secundo,
586 2493 710 2548 quod
736 2497 805 2537 est
832 2494 924 2536 vita
952 2494 1113 2546 activa,
1141 2505 1230 2546 que
1258 2493 1466 2535 consistit
1492 2505 1551 2534 ex
1579 2491 1858 2544 operationi-

90 2564 175 2608 bus
205 2565 374 2609 mixtis.
415 2566 512 2608 Hec
543 2565 847 2607 communicat
878 2564 1059 2617 rationi,
1090 2567 1137 2606 ut
1169 2567 1239 2606 est
1269 2563 1469 2606 obedilis
1499 2566 1545 2604 et
1575 2560 1857 2604 exaudibilis

91 2635 332 2691 rationis.0)
379 2636 434 2678 Et
464 2636 630 2678 dicitur
660 2635 901 2678 rationalis
931 2634 1307 2688 participacione.
1349 2634 1404 2675 Et
1435 2633 1481 2674 in
1511 2633 1595 2675 hac
1626 2633 1857 2674 exsistunt

89 2706 282 2750 virtutes
307 2707 510 2750 morales
536 2710 581 2749 et
606 2706 839 2749 constituit
865 2706 1011 2748 finem
1039 2718 1173 2748 suum
1199 2706 1247 2746 in
1272 2705 1394 2746 bono
1420 2704 1613 2746 rationis
1639 2702 1854 2756 practice.

89 2775 216 2819 Hanc
249 2777 564 2820 distinxerunt
599 2777 774 2830 antiqui
810 2776 1071 2830 tripliciter:
1122 2777 1169 2817 in
1205 2775 1444 2827 moralem,
1480 2773 1776 2816 iconomicam
1811 2774 1855 2813 et

89 2846 334 2899 politicam.
384 2848 605 2890 Moralem
642 2847 875 2900 dixerunt,
910 2859 999 2900 que
1034 2846 1269 2889 concernit
1303 2845 1552 2896 hominem,
1588 2847 1635 2885 ut
1670 2846 1739 2885 est
1774 2842 1854 2884 ali-

90 2917 200 2969 quid
220 2931 363 2961 unum
385 2919 433 2961 in
453 2919 641 2961 racione
663 2919 880 2970 humana,
901 2917 1214 2969 iconomicam,
1237 2928 1327 2970 que
1349 2915 1583 2957 concernit
1605 2913 1852 2965 hominem,

146 3063 148 3066 ’
191 3074 221 3103 a)
242 3071 270 3096 Β
289 3070 526 3098 consideratas.
574 3070 606 3103 b)
629 3072 665 3097 c:
686 3069 841 3104 allegere.
889 3075 917 3102 c)
938 3070 970 3095 et
991 3067 1194 3096 exaudibilis
1215 3066 1353 3094 rationis
1373 3065 1452 3099 fehlt
1470 3066 1497 3091 ς’.
