2227 3434
774 163 863 197 1416
888 163 976 197 Feb.
1004 163 1019 197 1
1046 184 1087 188 —
1113 162 1202 197 Feb.
1226 164 1257 197 2.
1814 164 1899 207 429

131 280 242 325 Feb.
277 282 357 336 2.¹)
398 309 445 313 —
483 281 802 324 Johannes
843 281 1096 324 Gerson.

252 363 426 397 Druck·
445 373 455 397 .·
496 362 641 397 Ger-son
669 364 732 406 Op.
761 363 808 398 II.
834 364 911 397 2⁴51.

250 422 271 463 I
287 435 313 464 η
332 423 355 463 h
375 424 491 465 alt:
533 421 919 474 Μανίθηρνράῖρις
948 423 1222 464 Petitsache.

248 493 676 545 Suscepimus,
717 493 901 545 Deus,
941 493 1447 535 misericordiam
1487 496 1645 535 tuam
1687 495 1743 535 in
1783 506 1900 535 me-

132 563 230 607 dio
276 565 495 617 templi
555 565 658 607 tui.
708 564 778 608 Ps.
814 565 884 616 47,
921 565 974 606 10
1010 564 1229 617 scriptum
1264 568 1334 606 est
1370 569 1413 607 et
1450 565 1494 606 in
1534 566 1721 606 introitu
1759 566 1898 606 misse

131 635 363 687 presentis
396 635 724 677 iocundissime
757 635 1064 678 solemnitatis
1099 670 1106 677 .
1143 669 1150 676 .

131 754 240 797 Feb.
275 755 314 797 2.
353 781 400 785 —
437 755 788 808 Anonymus
829 754 957 796 Orci.
998 754 1224 796 Praem.

252 837 276 869 'I'
292 846 312 869 e
327 838 377 869 s!
397 846 407 870 .·
447 836 508 873 SI?
531 837 577 870 33
600 837 625 879 Ῑ.
649 837 704 869 94.

249 895 281 927 Ι)
296 904 314 927 r
331 905 349 928 ιι
367 905 384 928 c
401 895 423 928 Α·
443 904 453 928 .·
497 892 619 928 Walch
649 895 676 931 Ι,
702 895 733 931 2,
760 896 836 928 730⁸.

248 953 353 995 Jnh
374 954 490 995 alt:
534 953 738 1006 Reform,
765 953 948 995 Frende
976 953 1092 994 iiber
1119 953 1208 994 den
1243 954 1431 1005 Vertrass
1464 967 1546 995 ron
1574 954 1834 995 Narbonae.

247 1035 484 1076 Nemini
521 1035 855 1088 quidquam
893 1034 1212 1087 debeatis,
1250 1035 1374 1076 nisi
1412 1039 1470 1077 ut
1508 1035 1772 1076 invicem
1812 1034 1899 1075 di-

130 1106 364 1160 ligatis.
413 1106 687 1149 Scribuntur
723 1106 1012 1158 originaliter
1050 1107 1133 1147 hec
1170 1106 1314 1148 verba
1351 1106 1462 1147 Rom
1500 1106 1612 1147 XIII
1651 1119 1747 1159 cap.
1786 1105 1898 1147 reci-

128 1177 266 1219 tative
301 1189 412 1219 vero
447 1178 492 1218 in
528 1177 993 1230 epistola‘presentis
1028 1178 1256 1218 dominice
1293 1177 1545 1219 secundum
1582 1177 1898 1219 ordinanciam

128 1251 172 1289 et
202 1248 586 1292 consuetudinem
618 1248 761 1290 nostri
798 1248 1244 1290 Premonstratensis
1277 1248 1454 1290 ordinis
1488 1282 1495 1289 .
1532 1282 1539 1289 .
1576 1282 1583 1289 .

127 1366 237 1409 Feb.
272 1366 310 1409 2.
350 1394 397 1397 —
434 1367 756 1409 Johansnes
801 1353 1202 1419 Huquonettfi.

246 1448 272 1482 ἰ’
288 1450 372 1482 ext
392 1458 403 1482 .·
442 1448 504 1482 Eri
528 1449 596 1482 676
618 1449 643 1491 γ’.
667 1449 730 1485 34:
756 1447 834 1482 Kre
858 1449 878 1481 4
901 1448 927 1491 f.
953 1448 1038 1489 220¹,-
1065 1448 1127 1481 Mn
1157 1449 1267 1482 1:3421
1292 1448 1317 1490 γ.
1341 1448 1404 1488 ···57‚·
1432 1450 1493 1481 sle
1517 1450 1562 1481 ‚355
1584 1448 1610 1490 l·-
1635 1448 1712 1481 243.

243 1507 428 1549 Facta
454 1511 547 1549 est
572 1507 1029 1559 tranquillitas
1056 1519 1282 1560 magna.
1311 1507 1467 1549 Verba
1495 1508 1580 1548 hec
1607 1505 1897 1559 originaliter

129 1578 395 1620 scribuntur
418 1578 477 1620 Mt
497 1578 625 1620 VIII.
648 1579 864 1631 capitulo,
885 1578 1122 1620 recitative
1145 1581 1298 1620 autem
1321 1578 1366 1618 in
1389 1578 1647 1630 ewangelio
1669 1576 1897 1618 dominice

128 1649 374 1701 presentis.
422 1649 817 1691 Reverendissimi
855 1662 905 1691 ac
941 1649 1190 1690 reverendi
1225 1652 1383 1702 patres
1418 1652 1462 1690 et
1498 1648 1669 1690 domini
1707 1682 1715 1689 .
1751 1681 1759 1689 .
1796 1662 1803 1689 ;
1851 1646 1895 1688 Si

127 1720 272 1762 nostri
305 1723 433 1763 ortus
464 1720 672 1772 exordia,
705 1720 742 1762 si
775 1723 931 1762 nostre
965 1719 1363 1772 peregrinacionis
1394 1719 1587 1760 exilium
1621 1753 1628 1760 .
1665 1753 1672 1760 .
1710 1753 1717 1760 .
1751 1719 1788 1760 si
1823 1718 1899 1759 de-

128 1803 250 1832 mum
283 1791 484 1833 humane
518 1791 811 1834 mortalitatis
845 1803 1033 1833 occasus
1067 1791 1113 1831 in
1147 1791 1231 1832 hoc
1265 1791 1406 1832 maris
1440 1790 1688 1843 procellosi
1725 1789 1898 1831 diluvio

127 1862 474 1915 perpendamus
499 1862 738 1914 attencius,
762 1861 1022 1903 videbimus
1047 1862 1166 1902 hunc
1191 1861 1411 1902 mundum
1435 1861 1734 1904 tenebrosum
1758 1860 1897 1901 velud

128 1945 255 1975 mare
285 1932 737 1974 turbulentissimum
770 1933 816 1973 in
846 1936 909 1975 tot
940 1936 984 1974 et
1016 1932 1062 1973 in
1093 1933 1232 1974 tantis
1263 1932 1397 1974 nobis
1431 1932 1598 1984 iugiter
1629 1930 1896 1973 comminari

129 2002 423 2056 naufragium
451 2037 459 2045 .
495 2037 503 2044 .
540 2038 548 2045 .
589 2003 656 2045 De
683 2003 789 2045 navi
818 2016 902 2045 seu
926 2003 1142 2045 navicula
1169 2003 1341 2056 triplex
1367 2002 1583 2044 ventilari
1610 2005 1769 2055 posset
1797 2014 1899 2042 con-

129 2074 374 2116 sideracio:
415 2075 565 2127 prima
603 2074 857 2116 secundum
897 2087 1084 2116 sensum
1123 2074 1391 2116 historicum
1430 2077 1476 2115 et
1514 2073 1761 2114 litteralem
1801 2106 1808 2114 .
1846 2106 1853 2113 .

127 2145 331 2187 secunda
357 2144 674 2187 consideracio
701 2145 954 2186 secundum
983 2157 1172 2186 sensum
1200 2145 1422 2186 moralem
1453 2178 1459 2185 .
1497 2177 1504 2185 .
1541 2177 1548 2185 .
1577 2144 1719 2185 tercia
1747 2145 1897 2196 potest

127 2227 232 2258 esse
266 2216 398 2258 navis
434 2216 697 2268 speculacio
731 2215 984 2258 secundum
1018 2215 1304 2268 allegoriam,
1339 2215 1514 2257 scilicet
1547 2215 1605 2256 de
1641 2214 1746 2256 navi
1783 2214 1897 2255 mili-

127 2286 265 2329 tantis
291 2285 487 2328 ecclesie
517 2319 525 2328 .
561 2319 569 2327 .
606 2319 613 2328 .

246 2356 364 2398 Dum
399 2356 597 2409 quadam
634 2360 765 2398 nocte
803 2356 1045 2398 silencium
1082 2359 1297 2398 tenerent
1334 2356 1487 2397 omnia
1523 2359 1567 2397 et
1603 2368 1693 2397 nox
1731 2355 1776 2396 in
1813 2368 1896 2395 suo

126 2439 263 2469 cursu
290 2427 492 2469 medium
520 2427 606 2469 iter
632 2430 893 2480 perageret,
921 2427 1102 2469 diurnis
1128 2427 1325 2479 agitatus
1353 2427 1563 2468 laborum
1590 2429 1635 2467 et
1661 2425 1896 2478 cogitacio-

127 2510 234 2540 num
258 2498 463 2551 angariis
484 2510 679 2550 sompno
699 2498 764 2539 fui
787 2498 1050 2539 vehementi
1073 2510 1382 2550 compressus.
1417 2497 1530 2538 Cum
1552 2500 1703 2538 autem
1729 2497 1770 2537 in
1797 2497 1895 2548 ipso

126 2572 231 2610 tunc
258 2569 657 2621 peregrinacionis
685 2572 894 2626 tempore
924 2568 968 2609 in
998 2567 1197 2620 quadam
1225 2568 1330 2610 navi
1361 2567 1475 2609 mire
1505 2567 1823 2620 amplitudinis
1852 2569 1895 2607 et

127 2639 310 2681 decoris
349 2639 407 2681 ad
449 2642 653 2681 sanctam
695 2639 923 2680 civitatem
965 2639 1262 2680 jherusalem
1304 2638 1520 2680 celeriter
1560 2638 1805 2690 navigante
1849 2637 1893 2677 in

127 2710 305 2751 visione
331 2710 430 2762 ipsa
456 2721 525 2751 me
551 2709 845 2751 constitutum
869 2710 1128 2762 aspicerem
1153 2721 1253 2750 cum
1278 2710 1503 2750 viatorum
1528 2712 1664 2760 atque
1689 2707 1894 2759 peregri-

126 2791 288 2821 norum
324 2780 558 2832 presentis
592 2780 735 2821 seculi
771 2780 1064 2821 multitudine
1099 2780 1284 2832 copiosa
1321 2813 1328 2819 .
1365 2813 1372 2820 .
1409 2816 1415 2822 .
1454 2779 1692 2831 ipsamque
1728 2789 1892 2818 navem

128 2862 247 2891 nunc
289 2850 623 2903 tranquillitate
666 2850 887 2902 gaudere,
931 2862 1050 2891 nunc
1094 2850 1347 2902 piratarum
1394 2849 1577 2890 insidiis
1620 2847 1892 2900 expositam,

126 2932 247 2961 nunc
285 2920 507 2962 horrifica
546 2920 770 2962 fluctuum
810 2923 946 2972 atque
985 2923 1308 2972 tempestatum
1351 2919 1627 2971 impulsione
1669 2917 1890 2959 devictam

251 3063 281 3103 ¹)
320 3061 391 3101 1311.
416 3071 481 3094 :ur
505 3061 715 3102 [Mulieruny
740 3059 909 3101 seha-ab,
935 3060 1081 3093 (ierson
1105 3062 1160 3094 31.
