2227 3434
503 183 544 220 A.
584 183 783 220 Fmastres
811 183 927 220 Gesta
953 184 1104 220 concilii
1129 184 1445 221 Constantiensis.
1772 187 1855 230 167

92 306 138 347 et
159 303 434 347 contractari
459 301 692 345 manibus!
732 302 908 356 Itaque,
931 301 1201 345 beatissime
1226 304 1374 356 pater,
1400 303 1458 346 sit
1482 302 1704 346 imitatrix
1729 315 1857 347 sanc-

90 375 197 418 titas
219 376 375 417 vestra
398 373 526 416 illius
548 372 708 415 vicarii
734 372 903 416 Christi
930 373 1069 425 Petri,
1094 374 1223 416 cuius
1249 373 1408 416 sedem
1433 375 1616 427 tenetis,
1643 374 1700 417 sit
1722 374 1854 416 Pauli

91 443 289 488 doctoris
317 443 609 497 sanctissimi,
638 443 767 487 cuius
795 444 983 487 labores
1010 443 1239 487 notissimi
1271 447 1378 487 sunt
1406 444 1464 487 ad
1492 444 1856 487 convertendum

90 515 290 570 populos
327 515 385 558 ad
422 514 568 557 fidem
608 514 792 567 Christi,
831 527 917 556 nec
955 515 1214 568 proteletur
1253 515 1452 568 amplius
1490 516 1732 568 negocium
1770 515 1857 558 hoc

91 585 398 629 clarissimum
439 586 486 627 in
525 585 722 639 longius,
763 585 845 627 sed
887 588 1058 639 quanto
1097 585 1236 628 cicius
1277 589 1552 639 rumpantur
1591 599 1719 628 more
1758 586 1857 629 mit·

0 698 3 718 :
89 659 336 710 tanturque
359 656 418 699 ad
440 656 547 699 illas
568 659 727 710 partes
748 669 951 710 persone
972 655 1167 709 ydonee,
1191 669 1279 709 que
1305 669 1386 699 sua
1409 656 1646 699 odorifera
1668 669 1857 699 conver-

91 727 275 771 sacione
311 729 561 780 sanctaque
594 726 687 769 vita
721 726 945 770 edificent
978 727 1084 770 illos
1118 728 1317 780 populos
1351 727 1631 780 trahantque
1665 727 1724 770 ad
1756 728 1856 770 uni-

88 800 227 842 tatem
254 800 411 841 sancte
438 798 600 841 matris
627 797 839 851 ecclesie,
868 801 913 840 et
940 798 1067 841 Deus
1093 797 1220 851 pacis
1247 801 1292 840 et
1317 798 1462 840 tocius
1489 797 1758 841 dileccionis
1786 811 1856 841 co-

0 862 4 866 *
89 868 358 923 operabitur
390 868 449 912 ad
477 868 564 911 hoc
595 882 712 922 opus
743 868 1101 912 sanctissimum!
1146 868 1242 911 Hec
1275 871 1431 912 sancta
1462 869 1676 912 voluntas
1709 869 1858 922 coegit

89 952 175 993 me,
210 942 344 994 pater
376 939 662 993 beatissime,
696 939 782 983 hos
817 939 1005 982 labores
1041 940 1354 992 assumpsisse
1389 942 1435 981 et
1470 939 1528 982 ad
1562 939 1855 993 presenciam

89 1009 342 1054 sanctitatis
371 1013 525 1053 vestre
556 1009 744 1053 venisse
773 1023 875 1052 cum
904 1009 1105 1053 maximo
1136 1023 1293 1053 amore
1322 1013 1368 1052 et
1397 1009 1666 1053 dileccione.
1708 1009 1856 1064 Spero

89 1084 241 1125 autem
264 1093 338 1123 me
361 1081 570 1124 visurum
595 1094 665 1135 ea,
689 1094 779 1135 que
802 1081 991 1135 speravi
1014 1081 1061 1123 in
1084 1084 1240 1123 vestra
1264 1082 1519 1133 sanctitate,
1544 1081 1761 1134 quatinus
1784 1093 1855 1123 re-

88 1151 189 1195 dire
216 1151 414 1195 debeam
440 1152 541 1195 visa
569 1151 740 1206 optima
769 1152 1005 1195 voluntate
1035 1155 1081 1194 et
1108 1151 1420 1205 disposicione
1450 1151 1508 1194 ad
1534 1152 1620 1194 hoc
1649 1154 1855 1195 sanctum

88 1235 204 1278 opus
242 1225 398 1266 vestre
439 1222 708 1276 sanctitatis,
750 1235 888 1276 quam
929 1235 1116 1276 semper
1157 1222 1284 1266 Deus
1323 1222 1587 1265 incolumen
1628 1222 1856 1266 custodiat

87 1292 303 1337 feliciter!
346 1293 511 1337 Amen.

201 1364 312 1408 Post
340 1364 470 1408 illam
499 1364 711 1408 cedulam
739 1365 905 1407 lectam
936 1364 978 1407 d.
1006 1377 1129 1418 papa
1159 1363 1401 1417 respondit
1431 1364 1758 1418 congratulans
1788 1364 1855 1406 in-

85 1434 325 1491 tencioni⁸)
363 1435 503 1489 illius,
538 1438 584 1479 et
616 1435 740 1489 quod
774 1435 832 1478 ad
866 1436 997 1478 illum
1032 1438 1181 1478 actum
1212 1434 1556 1489 perficiendum
1590 1438 1636 1477 et
1668 1434 1853 1478 modum

85 1505 288 1550 faciendi
314 1506 603 1550 deliberaret
627 1509 673 1549 et
698 1506 821 1549 diem
847 1505 1121 1560 assignaret.

201 1577 370 1621 Postea
394 1577 587 1621 fuerunt
609 1577 728 1620 lecte
753 1577 909 1620 littere
936 1578 1061 1631 regis
1087 1576 1281 1620 Polonie
1306 1579 1353 1619 et
1378 1576 1420 1619 d.
1447 1575 1706 1619 Alexandri
1732 1573 1850 1627 velb)

83 1647 273 1692 Witoldi
302 1647 458 1703 magni
488 1648 617 1691 ducis
647 1648 895 1691 Lithuanie
927 1648 1101 1690 directe
1132 1647 1173 1692 d.
1205 1660 1326 1701 pape
1357 1660 1501 1701 super
1529 1647 1629 1690 hoc.
1671 1645 1853 1689 Deinde

87 1718 208 1763 idem
233 1718 489 1773 Gregorius
515 1718 894 1773 archiepiscopus
919 1718 1031 1762 fecit
1055 1731 1176 1772 pape
1204 1717 1523 1761 reverenciam
1549 1720 1595 1760 et
1620 1716 1853 1760 admissus

87 1789 145 1833 ad
165 1791 372 1834 osculum
392 1790 543 1844 pedis,
566 1803 732 1833 manus
753 1793 800 1833 et
820 1790 914 1833 oris
937 1793 982 1832 et
1004 1789 1065 1832 ita
1089 1790 1159 1832 sui
1183 1789 1307 1832 socii.
1344 1789 1400 1832 Et
1421 1789 1483 1832 ita
1507 1801 1744 1832 recessum
1768 1791 1851 1831 est.

200 1860 286 1904 Die
319 1860 501 1905 sabbati
531 1862 692 1915 quinta
727 1860 883 1904 Marcii
916 1873 1038 1904 anno
1070 1859 1320 1903 millesimo
1352 1859 1711 1903 CCCC⁰XVIII⁰
1741 1872 1853 1914 pon-

84 1931 287 1976 tificatus
313 1932 355 1975 d.
387 1931 570 1976 Martini
596 1944 719 1986 pape
745 1932 787 1975 V
813 1945 935 1975 anno
961 1932 1113 1986 primo
1139 1934 1185 1974 et
1211 1930 1392 1973 concilii
1419 1933 1584 1984 quarto
1611 1930 1652 1973 d.
1681 1930 1853 1984 Grego-

86 2001 182 2047 rius
201 2003 350 2047 Ornos
372 2003 616 2057 utriusque
639 2003 756 2046 iuris
778 2003 950 2056 doctor,
973 2001 1325 2045 archidiaconus
1348 2001 1582 2054 Elnensis,
1603 2001 1784 2054 legatus
1807 2003 1853 2043 et

85 2077 354 2129 procurator
389 2074 431 2117 d.
465 2074 652 2117 Alfonsi
687 2073 812 2128 regis
845 2074 1111 2127 Aragonum
1147 2075 1193 2116 et
1225 2072 1378 2115 insule
1414 2071 1581 2116 Secilie
1616 2071 1674 2115 ad
1710 2071 1852 2114 infra-

87 2145 256 2199 scripta
277 2145 481 2200 speciale
505 2144 773 2188 mandatum
793 2145 975 2188 habens
996 2144 1183 2198 publice
1207 2144 1254 2186 in
1277 2144 1379 2186 loco
1402 2142 1626 2186 sessionis
1651 2142 1852 2185 sedenti-

84 2213 171 2260 bus
202 2228 325 2271 papa
359 2218 405 2259 et
439 2215 632 2259 concilio
668 2215 768 2259 sine
804 2215 1084 2259 solennitate
1119 2213 1231 2257 fecit
1264 2214 1529 2256 oracionem
1564 2212 1851 2267 congratula-

85 2284 228 2331 cionis
255 2286 441 2331 unionis
471 2286 669 2330 ecclesie
700 2289 745 2330 et
775 2286 1024 2329 eleccionis
1055 2285 1096 2328 d.
1128 2298 1249 2340 pape
1279 2288 1325 2328 et
1352 2284 1642 2339 presentavit
1670 2284 1850 2326 litteras

86 2357 209 2412 regis
235 2357 278 2401 d.
304 2370 427 2412 pape
457 2357 515 2401 de
544 2357 723 2411 eodem,
753 2370 842 2411 que
870 2357 1055 2411 publice
1084 2357 1202 2399 lecte
1232 2356 1436 2398 fuerunt.
1478 2354 1660 2397 Deinde
1688 2353 1851 2408 petivit

85 2428 270 2472 nomine
290 2428 610 2483 procuratorio
633 2427 954 2472 investituram
977 2440 1227 2481 regnorum
1252 2427 1404 2470 insule
1427 2425 1609 2478 Secilie‚
1633 2424 1849 2469 Sardinie

86 2500 130 2541 et
155 2498 355 2554 Corsice,
383 2498 596 2543 offerens
621 2502 836 2554 prestare
862 2498 1141 2553 homagium,
1168 2497 1342 2552 ligium,
1370 2496 1696 2550 vassalagium,
1724 2498 1769 2538 et
1793 2495 1850 2537 fi-

86 2567 288 2614 delitatis
318 2569 642 2614 iuramentum.
685 2570 784 2623 Quo
814 2570 959 2624 petito
991 2569 1182 2612 fuerunt
1213 2569 1330 2611 lecte
1364 2566 1718 2610 infeudaciones
1751 2566 1850 2608 illo-

86 2651 186 2682 rum
216 2653 465 2695 regnorum
497 2641 617 2684 facte
648 2654 735 2696 per
766 2641 815 2684 P.
850 2640 908 2683 de
940 2640 1084 2693 Luna,
1117 2638 1420 2682 Benedictum
1450 2650 1619 2692 papam
1653 2636 1770 2679 XIII
1802 2636 1847 2678 in

87 2722 169 2753 sua
200 2711 487 2765 obediencia,
521 2724 612 2766 que
645 2712 814 2756 multas
847 2712 1023 2755 habent
1056 2710 1365 2763 condiciones,
1399 2708 1559 2752 modos
1594 2711 1640 2750 et
1672 2707 1848 2749 formas

86 2779 384 2825 sel-viciorum
414 2785 460 2826 et
490 2782 659 2837 quibus
688 2795 833 2837 regna
864 2782 945 2826 illa
975 2784 1171 2836 possunt
1201 2780 1369 2824 cadere
1400 2780 1446 2822 in
1479 2779 1771 2821 commissum
1804 2779 1849 2818 et

87 2850 308 2905 applicari
340 2854 536 2897 ecclesie
565 2853 788 2907 Romane,
819 2866 908 2907 que
940 2866 1042 2896 cum
1071 2851 1391 2907 procuratorio
1422 2850 1507 2893 sub
1539 2849 1694 2902 sigillo
1725 2846 1848 2900 regis

88 2923 192 2964 sunt
217 2922 264 2965 in
290 2923 542 2977 apostolica
567 2936 764 2968 camera.
802 2924 979 2977 Quibus
1003 2922 1135 2966 lectis
1162 2921 1403 2965 descendit
1428 2920 1550 2963 idem
1576 2920 1847 2973 procurator

87 2990 146 3034 ad
176 3004 343 3047 papam
376 2996 423 3037 et
453 2993 564 3038 fecit
594 2994 873 3049 homagium,
906 2994 1067 3048 ligium
1102 2996 1147 3037 et
1179 2991 1491 3045 vassalagium
1525 2992 1572 3033 et
1603 2987 1846 3031 fidelitatis

187 3094 218 3128 a)
237 3096 275 3126 Β.
293 3096 318 3124 0
332 3096 537 3125 intensionis.
595 3098 628 3129 b)
648 3097 730 3131 fehtt
751 3098 788 3124 Β.
