2102 3444
250 129 305 170 42
771 130 796 163 Ι.
838 130 1049 165 Abschnitt.
1102 130 1501 176 Konzilstagebiicher.

374 248 495 289 Inter
522 248 606 290 hec
636 252 788 290 autem
817 252 923 291 ante
954 262 1188 292 recessum
1219 251 1342 305 regis
1369 252 1626 305 predictum
1655 253 1713 295 de
1743 253 2015 296 Constancia
2042 245 2047 247 “

250 322 479 360 venerunt
528 331 646 361 nova
698 321 793 373 regi
846 324 891 362 et
938 321 1146 373 concilio,
1196 323 1318 375 quod
1368 323 1574 376 episcopi
1626 324 1924 367 Ebroicensis
1973 328 2016 366 et

250 389 652 442 Carcassonensis,
688 391 1050 433 ambassiatores
1085 394 1209 445 regis
1246 393 1438 436 Francie
1474 398 1519 436 et
1553 395 1697 447 aliqui
1732 395 1886 437 nuncii
1920 395 2016 438 uni-

248 460 481 503 versitatis
514 461 794 504 Parisiensis
827 463 954 504 missi
988 463 1045 505 ad
1077 463 1335 517 concilium,
1365 468 1411 506 et
1443 478 1558 518 quos
1591 478 1674 506 rex
1707 466 2015 508 Romanorum

247 533 544 584 premittebat
584 533 641 574 ad
681 546 839 586 regem
880 534 1074 576 Francie
1115 547 1200 587 pro
1240 535 1360 578 facto
1400 536 1725 579 convencionis
1764 550 1864 578 cum
1906 549 2015 590 rege

247 603 512 656 Aragonum
536 617 621 657 pro
644 604 815 646 unione
839 605 1036 647 ecclesie
1060 606 1223 648 volens
1246 608 1447 649 transire
1473 620 1558 660 per
1582 607 1839 660 Franciam,
1861 611 2015 650 tamen

246 687 337 716 non
366 676 636 729 transivit,²¹)
668 679 712 717 et
740 675 901 717 videre
932 689 1089 729 regem
1117 680 1162 719 et
1189 677 1425 731 principes
1455 678 1585 731 regni
1615 679 1761 720 eciam
1790 691 1876 732 pro
1901 691 2014 732 pace

221 745 351 787 vdicti
381 746 512 799 regni
540 759 640 787 cum
668 759 778 800 rege
805 747 974 800 Anglie
1003 748 1123 790 inter
1149 748 1359 791 eiusdem
1387 749 1518 802 regni
1547 750 1785 802 principes
1812 762 1896 792 nec
1921 762 2012 792 non

245 817 406 870 plures
448 829 650 870 persone
692 818 1007 861 ecclesiastice
1049 832 1196 872 usque
1241 820 1297 862 ad
1341 833 1585 862 numerum
1629 823 1812 862 centum
1854 820 2014 874 viginti

243 901 482 941 equorum,
513 889 590 943 qui
622 889 679 930 de
710 889 903 932 concilio
933 890 1061 932 ibant
1093 889 1358 944 Parisius,'¹)
1392 892 1511 944 capti
1543 891 1731 933 fuerant
1762 892 1809 932 in
1838 891 2014 934 finibus

244 960 541 1013 Lotharingie
570 963 614 1002 et
644 960 847 1002 Barresii
877 974 962 1014 per
990 962 1223 1014 quendam
1252 962 1503 1003 Henricum
1532 963 1589 1004 de
1619 962 1766 1004 Turre
1794 963 1880 1005 hoc
1905 961 2014 1004 fieri

243 1031 442 1073 faciente
473 1031 672 1084 quodam
703 1031 870 1074 Carolo
900 1032 957 1073 de
988 1033 1181 1086 Dueil‘),
1212 1033 1398 1075 domino
1427 1033 1565 1075 castri
1594 1033 1651 1074 de
1682 1033 1940 1075 Removille
1969 1036 2014 1076 et

243 1102 467 1155 quosdam
491 1103 622 1155 alios,
645 1106 692 1145 et
712 1116 875 1145 verum
897 1104 1051 1158 erat.¹)

360 1174 526 1216 Postea
549 1177 779 1216 venerunt
801 1187 935 1228 nova,
960 1175 1083 1227 quod
1108 1175 1201 1217 dux
1227 1175 1474 1218 Barrensis
1498 1188 1600 1216 cum
1625 1176 1834 1217 exercitu
1859 1176 2012 1218 statim

242 1245 321 1287 ivit
345 1248 503 1287 contra
528 1248 743 1299 castrum,
768 1245 848 1287 ubi
872 1246 1010 1299 positi
1034 1249 1181 1288 erant.
1221 1246 1362 1288 Cuius
1388 1246 1638 1288 adventum
1663 1247 1905 1300 presciens
1930 1247 2011 1288 ille

240 1317 468 1359 Henricus
491 1317 548 1358 de
571 1317 718 1358 Turre
740 1318 977 1359 transtulit
999 1317 1218 1360 meliores
1239 1321 1284 1359 et
1306 1317 1476 1359 dictum
1498 1320 1699 1359 castrum
1720 1320 1903 1371 captum
1925 1317 2012 1360 fuit

240 1392 284 1430 et
305 1388 540 1441 diruptum
561 1391 605 1430 et
625 1388 826 1442 liberati,
847 1389 924 1441 qui
947 1392 1285 1441 remanserant,
1309 1389 1429 1430 inter
1451 1401 1566 1441 quos
1588 1391 1722 1430 erant
1742 1389 1812 1430 illi
1834 1388 1892 1430 de
1912 1389 2011 1430 uni-

239 1460 459 1502 versitate
498 1459 778 1502 Benedictus
817 1459 1042 1502 Genciani
1080 1460 1332 1502 monachus
1371 1460 1418 1501 in
1456 1459 1690 1513 theologia
1727 1462 1774 1502 et
1810 1459 2011 1502 Jacobus

238 1531 296 1572 de
331 1531 547 1574 Partibus
580 1531 627 1572 in
660 1531 889 1573 medicina
923 1531 1145 1584 magistri.
1191 1531 1245 1573 Et
1279 1531 1551 1584 supervenit
1585 1530 1679 1572 dux
1711 1530 2009 1584 Lotharingie

238 1615 339 1644 cum
363 1602 478 1644 duce
503 1603 739 1645 Barrensi.
779 1602 924 1644 Iidem
949 1605 1102 1645 autem
1125 1602 1267 1645 duces
1290 1602 1352 1644 ita
1375 1602 1625 1655 diligenter
1648 1601 1888 1655 prosequti
1910 1601 2010 1643 fue-

238 1677 358 1727 runt,
396 1674 519 1727 quod
556 1675 602 1715 in
639 1674 711 1716 via
747 1673 956 1727 prefatos
994 1673 1228 1726 meliores,
1264 1673 1482 1715 videlicet
1518 1673 1763 1726 episcopos
1797 1675 1844 1715 et
1879 1672 2009 1725 alios,

238 1745 315 1797 qui
373 1744 807 1797 transducebantur,
867 1745 1189 1787 liberaverunt
1245 1748 1291 1786 et
1348 1744 1639 1786 reduxerunt
1694 1746 1850 1786 tamen
1908 1743 2009 1785 sine

241 1816 372 1858 bonis
399 1816 508 1869 suis,
535 1829 624 1869 que
652 1817 742 1858 iam
769 1816 917 1858 divisa
943 1819 1077 1857 erant
1104 1817 1225 1857 inter
1250 1816 1500 1869 predones.
1539 1815 1594 1857 Et
1619 1815 1682 1858 ita
1707 1827 1868 1857 omnes
1895 1814 2010 1856 libe-

239 1888 325 1929 rati
348 1890 466 1931 sunt.
504 1888 558 1929 Et
579 1888 687 1940 quia
711 1888 792 1929 ille
814 1888 1045 1929 Henricus
1068 1888 1125 1928 de
1148 1888 1295 1928 Turre
1318 1888 1392 1928 vel
1415 1887 1612 1929 Carolus
1634 1886 1691 1928 de
1716 1886 1852 1928 Dueil
1875 1888 2009 1928 erant

236 1958 431 2000 subiecti
452 1959 554 2000 duci
576 1959 874 2011 Lotharingie
895 1961 939 2000 et
959 1958 1139 2011 vasalli,
1159 1958 1282 2000 idem
1303 1958 1397 2000 dux
1418 1958 1572 2011 posuit
1593 1958 1651 2000 ad
1671 1968 1856 1999 manum
1879 1968 2008 1999 suam

237 2033 387 2072 castra
421 2033 466 2071 et
501 2030 655 2072 omnia
693 2029 812 2071 bona
848 2029 954 2071 dicti
990 2029 1193 2081 Henrici,
1228 2030 1354 2071 velut
1389 2029 1641 2071 confiscata
1677 2027 1850 2080 dicens,
1886 2027 2008 2081 quod

236 2102 390 2143 omnia
413 2102 494 2144 illa
514 2101 741 2143 venderet
759 2114 845 2154 pro
865 2101 1202 2153 recuperandis
1224 2101 1439 2153 dampnis
1460 2101 1685 2142 dictorum
1706 2099 2006 2152 captivorum.

356 2173 463 2215 Post
486 2173 570 2214 hec
594 2185 704 2225 rege
729 2172 878 2214 adhuc
901 2175 1051 2214 stante
1076 2173 1122 2213 in
1147 2171 1422 2214 Constancia
1446 2174 1676 2212 venerunt
1699 2171 1854 2212 littere
1878 2169 2008 2212 ducis

237 2244 503 2297 Burgundie
528 2257 670 2297 super
693 2243 904 2296 captione
929 2243 1152 2285 dictorum
1178 2242 1563 2285 ambassiatorum
1588 2242 1785 2284 formam
1811 2253 2007 2294 sequen-

236 2319 327 2357 tem
350 2315 596 2357 habentes:

352 2386 662 2429 Serenissime
693 2387 913 2440 princeps
946 2389 990 2428 et
1022 2385 1322 2428 invictissime
1356 2398 1439 2427 rex
1473 2397 1659 2438 semper
1691 2387 1899 2438 auguste,
1930 2383 2007 2426 do-

236 2458 359 2499 mine
383 2461 429 2499 et
453 2458 798 2510 consanguinee
824 2457 1082 2499 carissime!
1122 2457 1193 2498 Ad
1219 2468 1368 2498 meam
1393 2456 1608 2509 pervenit
1632 2455 1848 2497 noticiam
1872 2467 2006 2508 quos-

235 2529 340 2571 dam
366 2532 617 2571 extraneos
645 2530 826 2581 aliquos
853 2542 912 2570 ex
940 2527 1354 2570 ambassiatoribus
1381 2527 1423 2569 d.
1452 2527 1542 2568 mei
1571 2527 1694 2580 regis
1723 2527 2005 2568 Francorum

234 2601 394 2652 procul
426 2613 451 2642 a
483 2600 705 2642 limitibus
737 2601 827 2642 mei
860 2599 1121 2642 dominatus
1152 2599 1332 2641 noviter
1363 2599 1623 2651 captivasse
1654 2597 2004 2651 pretendentes,

235 2674 281 2713 ut
310 2671 445 2713 michi
475 2673 672 2713 relatum
703 2675 786 2724 est,
814 2672 932 2714 hanc
961 2670 1249 2713 occasionem
1279 2670 1552 2722 sumpsisse,
1580 2670 1689 2722 quia
1716 2668 2005 2710 didiscerunt

235 2743 361 2795 ipsos
386 2743 432 2784 in
459 2742 809 2785 Constancienci
835 2742 1029 2784 concilio
1053 2745 1099 2784 et
1122 2741 1234 2784 alibi
1259 2742 1483 2783 honorem
1508 2753 1660 2782 meum
1686 2740 2004 2793 multipliciter

234 2814 496 2856 offendisse
527 2826 612 2867 per
642 2815 726 2856 hoc
758 2814 1003 2856 credentes
1035 2814 1109 2855 vel
1142 2825 1292 2855 meam
1323 2824 1523 2865 querere
1555 2811 1756 2866 graciam
1788 2812 1862 2853 vel
1896 2822 2004 2863 que-

338 2933 368 2962 a)
389 2930 497 2956 tamen
519 2951 525 2962 ,
545 2952 551 2957 .
572 2950 577 2956 .
599 2930 757 2957 transivit
776 2930 856 2963 fehlt
877 2932 913 2956 B.
952 2931 984 2959 b)
1006 2930 1099 2957 ibant
1119 2950 1125 2957 .
1145 2950 1150 2955 .
1172 2948 1177 2955 .
1200 2929 1347 2956 parisius
1367 2929 1447 2961 fehlt
1470 2930 1504 2955 R.

339 2980 368 3002 cl
393 2978 430 3007 B,
453 2979 483 3004 (2
509 2978 552 3003 D:
573 2978 600 3002 221
610 2978 658 3010 riq
680 2977 809 3009 l)ucile;
832 2979 882 3004 ein
901 2986 991 3011 pacm·
1013 2977 1119 3004 Zeilen
1140 2978 1303 3004 clarzmter
1324 2977 1441 3008 richtia
1461 2976 1524 3002 alle
1545 2976 1632 3002 [Is-ei.
1659 2975 1764 3003 Dueil.

353 3025 383 3067 1)
411 3026 531 3060 Hardt
555 3025 621 3067 IV,
645 3026 732 3069 459;
760 3027 886 3061 Mansi
909 3026 979 3060 XX
991 3026 1069 3068 VII,
1094 3027 1172 3061 771.
