2102 3444
232 85 317 129 584
675 82 741 116 ΙΙΙ.
770 80 980 116 Abschnitt.
1020 79 1173 113 Reform
1203 79 1278 113 und
1308 77 1556 122 Verfassung.

233 203 368 245 hodie
406 202 665 244 elecciones
706 200 808 241 ideo
846 211 937 240 non
977 198 1292 244 admittuntur,
1331 199 1381 238 ut
1418 196 1592 239 scilicet
1629 197 1736 250 plus
1774 196 1995 240 offerenti

232 274 302 314 vel
332 272 674 324 consanguineo
702 270 882 311 dentur.

347 343 507 384 Utrum
535 354 653 394 papa
679 340 846 381 debeat
871 340 982 381 dare
1007 339 1078 380 vel
1104 338 1252 390 possit
1276 338 1524 390 beneficia,
1549 350 1638 390 que
1663 341 1797 380 extra
1821 338 1995 381 curiam

232 418 404 462 vacant,
430 425 527 454 cum
556 424 645 452 non
672 411 816 463 possit
843 411 960 452 scire
987 409 1303 450 condicionem
1330 408 1551 450 beneficii
1575 421 1661 450 nec
1686 408 1832 451 eciam
1855 398 1996 452 bene-

232 484 350 533 ficia,
386 487 429 524 et
466 483 528 523 si(-
567 482 744 534 pluries
779 480 932 522 taliter
968 478 1239 532 providetur
1276 478 1552 531 inordinate,
1588 479 1711 532 quod
1746 479 1913 522 transit
1948 480 1994 521 in

231 566 441 605 magnum
475 551 779 605 preiudicium
812 550 1149 591 beneficiorum
1182 553 1227 592 et
1256 550 1356 603 exa)
1391 550 1490 602 hoc,
1522 550 1630 602 quia
1660 549 1837 592 faciunt
1866 562 1996 592 num-

229 637 362 675 quam
392 622 717 673 residenciam3
747 634 851 674 ymo
875 621 1044 663 cadunt
1072 621 1226 662 omnia
1254 620 1310 662 ad
1338 623 1525 672 terram,
1553 620 1642 673 ipsi
1667 633 1760 663 non
1788 618 1991 676 curanth)

228 694 314 735 nisi
342 694 398 736 de
423 694 562 735 bursa
590 706 672 735 sua
697 695 781 734 etc..

342 765 504 806 Utrum
531 775 651 816 papa
678 764 824 816 possit
850 775 934 804 nec
962 762 1129 804 debeat
1156 761 1268 804 dare
1293 761 1529 804 beneficia
1555 764 1601 804 et
1625 761 1785 804 officia
1811 761 1995 816 religio-

228 847 395 886 sorum,
436 833 635 876 maxime
678 834 877 885 illorum,
920 832 996 885 qui
1035 832 1282 886 privilegia
1324 833 1371 874 in
1413 833 1694 874 contrarium
1733 833 1908 877 habent
1949 835 1994 875 et

226 906 430 957 insuper,
465 917 564 946 cum
599 917 691 946 non
726 904 817 946 sint
849 904 934 946 sibi
970 906 1209 946 reservata
1244 903 1332 945 nisi
1367 902 1454 956 ipsi
1493 903 1701 956 religiosi
1735 904 1856 946 male
1889 916 1994 957 pro-

225 975 437 1017 viderent
462 978 617 1017 contra
643 974 915 1027 religionem
941 975 1015 1015 vel
1041 973 1184 1016 fidem
1211 973 1495 1016 catholicam.

339 1045 501 1088 Utrum
531 1058 652 1099 papa
680 1045 851 1087 debeat
880 1046 1070 1098 exigere
1101 1046 1289 1087 totalem
1319 1047 1560 1086 vacantem
1589 1044 1855 1088 immediate
1886 1048 1992 1088 ante

224 1117 565 1169 promocionem
591 1119 640 1158 ut
664 1129 800 1169 nunc,
827 1116 901 1157 vel
927 1116 1082 1158 saltim
1110 1116 1262 1158 statim
1289 1119 1394 1169 post
1418 1115 1765 1168 promocionem
1790 1117 1996 1158 maxime

225 1200 249 1229 a
275 1187 455 1229 noviter
478 1190 688 1240 promoto
712 1190 757 1229 et
782 1187 904 1239 quod
929 1187 1064 1240 peius
1091 1189 1174 1239 est,
1202 1189 1449 1239 antequam
1475 1186 1646 1229 habeat
1668 1186 1838 1230 bullas.
1879 1186 1991 1230 Cum
2092 1241 2098 1244 .

224 1257 434 1299 videatur
474 1258 566 1299 tale
610 1270 726 1311 opus
769 1258 1083 1310 symoniacum
1127 1260 1252 1300 esset
1295 1261 1340 1299 et
1383 1256 1598 1299 similiter
1638 1257 1746 1301 talis
1784 1257 1992 1311 provisio

222 1328 328 1370 fieri
357 1341 512 1370 amore
538 1329 736 1382 pecunie
763 1332 809 1370 et
833 1341 926 1370 non
952 1328 1196 1380 probitatis
1222 1341 1308 1370 nec
1334 1328 1548 1370 sciencie.
2049 1322 2051 1325 ’

338 1410 499 1452 Utrum
524 1422 646 1463 papa
674 1411 820 1463 possit
847 1410 959 1452 dare
987 1422 1071 1452 seu
1097 1410 1338 1463 imponere
1367 1410 1593 1453 decimam
1621 1411 1670 1452 in
1696 1414 1821 1453 certo
1846 1422 1992 1464 regno

222 1481 294 1522 vel
320 1480 456 1523 terris
483 1483 528 1523 et
552 1482 654 1523 e'am
679 1481 887 1523 tribuere
912 1480 1204 1534 principibus
1230 1480 1535 1534 secularibus,
1559 1484 1610 1524 ut
1634 1481 1726 1524 sint
1750 1481 1840 1524 sibi
1865 1481 1991 1524 favo-

221 1551 395 1594 rabiles
427 1551 552 1594 iuxta
585 1565 717 1595 suum
750 1550 1036 1595 desiderium
1069 1551 1166 1593 sive
1198 1565 1432 1594 consensu
1462 1553 1610 1605 partis
1640 1552 1856 1606 maxime,
1889 1564 1989 1594 cum

221 1621 320 1674 ipsa
350 1621 527 1664 decima
557 1623 616 1664 sit
645 1622 749 1665 data
779 1636 804 1665 a
834 1622 932 1665 Deo
961 1634 1049 1675 pro
1076 1623 1383 1665 servitoribus
1414 1622 1584 1666 Christi
1612 1626 1659 1666 et
1685 1623 1989 1676 pauperibus,
2041 1623 2045 1628 '
2096 1617 2102 1629 ²

220 1692 302 1745 et“)
333 1692 371 1733 si
397 1705 512 1745 opus
539 1692 694 1746 fuerit,
722 1693 779 1735 ad
807 1681 1179 1753 deffendendum
1205 1693 1350 1736 fidem
1376 1697 1423 1736 et
1446 1693 1508 1736 ad
1535 1693 1861 1736 redimendum
1885 1706 1990 1748 cap-

219 1763 337 1805 tivos
368 1763 423 1804 de
454 1763 667 1806 manibus
698 1753 976 1817 infidelium,
1005 1777 1099 1806 non
1130 1765 1187 1807 ad
1218 1764 1458 1807 ditandum
1487 1764 1739 1818 principes,
1770 1764 1848 1818 qui
1878 1763 1989 1808 satis

219 1833 391 1875 habent
419 1836 464 1876 et
489 1834 655 1877 missas
682 1847 775 1877 non
801 1835 973 1878 dicunt.
2015 1826 2022 1828 “

335 1915 498 1957 Utrum
523 1929 647 1969 papa
674 1918 821 1970 possit
847 1917 959 1960 dare
989 1931 1071 1960 seu
1099 1917 1341 1960 invadiare
1369 1922 1521 1961 terras
1549 1930 1631 1961 seu
1659 1917 1987 1972 patrimonium

220 1985 414 2027 ecclesie
452 1986 588 2028 simili
627 1987 761 2029 modo
797 1988 896 2030 sine
933 1988 1128 2031 concilio
1163 1990 1373 2042 generali
1410 1992 1584 2042 vocato,
1619 2002 1722 2032 cum
1758 1990 1860 2043 ipse
1897 1989 1988 2033 sint

220 2055 390 2098 Christi
421 2060 466 2098 et
493 2070 585 2099 non
617 2071 713 2110 sue,
744 2059 820 2111 qui
852 2072 945 2101 non
973 2063 1045 2102 est
1073 2059 1162 2102 nisi
1193 2059 1569 2104 usufructuarius
1597 2073 1685 2103 nec
1712 2061 1831 2103 tales
1860 2063 2003 2103 terre-

220 2127 397 2178 possint
432 2128 631 2170 transire
670 2129 727 2171 ad
764 2142 912 2182 genus
946 2143 1082 2183 pape.
1132 2130 1210 2174 Set
1247 2130 1412 2174 diebus
1449 2131 1622 2174 nostris
1656 2131 1986 2185 patrimonium

219 2196 413 2239 ecclesie
443 2197 529 2241 fuit
556 2197 898 2252 inpignoratum
927 2204 1085 2244 contra
1114 2201 1360 2254 ipsammet
1388 2202 1648 2255 ecclesiam,
1677 2201 1821 2245 eciam
1851 2202 1987 2245 comi-

218 2270 338 2309 tatus
366 2267 645 2320 Venayssini
676 2270 721 2311 in
752 2274 882 2323 parte
913 2285 997 2324 per
1027 2272 1074 2315 P.
1107 2273 1164 2315 de
1195 2272 1339 2326 Luna,
1370 2272 1687 2316 cardinalibus
1716 2273 1986 2316 conscienti-

220 2336 306 2379 bus
347 2337 524 2380 duobus
565 2342 786 2395 exceptis,
827 2346 871 2384 et
911 2342 1033 2395 quod
1073 2344 1209 2396 peius
1250 2346 1321 2386 est
1358 2357 1480 2397 papa
1521 2344 1774 2386 modernus
1811 2347 1984 2387 terram

220 2408 422 2461 episcopi
446 2409 687 2453 Avinionis
711 2411 837 2454 dedit
858 2413 1218 2465 particularibus
1240 2414 1458 2468 personis
1480 2415 1772 2458 secularibus
1795 2418 1842 2458 et
1863 2415 1985 2458 simi-

219 2477 279 2519 lia
304 2477 364 2519 ibi
391 2479 511 2521 bona
538 2493 587 2522 ac
613 2480 811 2525 diversis
836 2483 963 2526 locis.

334 2559 496 2603 Utrum
536 2575 655 2615 papa
695 2564 841 2616 possit
882 2566 993 2608 dare
1034 2567 1267 2610 beneficia
1308 2568 1444 2621 plura
1484 2567 1850 2622 incompatibilia
1888 2567 1982 2621 uni,

219 2642 317 2671 cum
346 2630 555 2675 Christus
583 2633 718 2677 dicat:
759 2635 902 2679 Nemo
928 2640 1081 2689 potest
1107 2637 1288 2681 duobus
1316 2638 1516 2681 dominis
1545 2639 1778 2694 servire,¹)
1810 2641 1855 2682 et
1881 2639 1982 2692 ipsa

219 2699 401 2751 signare
433 2715 518 2754 per
550 2704 788 2758 anteferri,
822 2707 867 2748 in
902 2720 992 2760 quo
1024 2708 1253 2751 comititur
1286 2710 1416 2752 fraus
1449 2709 1606 2763 inique
1640 2712 1798 2753 contra
1829 2708 1982 2764 proxi-

218 2783 353 2823 mum,
383 2772 580 2815 maxime
609 2788 709 2817 cum
739 2777 844 2819 talis
873 2779 1079 2830 provisio
1107 2780 1413 2823 communiter
1440 2793 1533 2823 non
1561 2780 1618 2824 fit
1645 2781 1734 2824 nisi
1764 2780 1980 2835 indignis,

320 2917 348 2934 ειι
375 2910 416 2935 sss
437 2913 476 2937 ct.
535 2913 565 2938 b)
590 2913 632 2940 Hs
654 2921 772 2941 ruram.
831 2924 858 2940 r·
883 2917 925 2943 Hs
947 2926 972 2943 ν.

334 2969 364 3012 ¹)
395 2969 523 3005 Mami.
550 2972 582 3014 6,
605 2972 660 3008 24.

2024 3307 2102 3444 vi
