2102 3444
190 155 247 198 24
713 155 738 189 Ῑ.
779 154 990 189 Abschnitt.
1043 154 1443 199 Konzilstagebiicher.

191 276 495 326 congregaret
534 273 579 314 in
621 274 720 315 loco
761 273 909 325 solito,
950 277 1197 326 antequam
1237 278 1362 317 esset
1401 278 1692 328 congregata,
1732 277 1962 317 venerunt

191 356 352 386 omnes
380 344 548 396 prelati
579 347 623 385 et
652 344 864 386 doctores
894 348 1031 397 atque
1061 345 1406 388 ambaxiatores
1435 358 1596 399 regum
1625 348 1671 387 et
1699 344 1962 398 principum

190 414 386 456 duarum
419 414 664 456 nacionum
699 415 950 457 Germanic
985 419 1030 456 et
1062 416 1244 468 Anglie.
1298 416 1458 469 Ibique
1492 419 1723 457 venerunt
1755 416 1961 469 quinque

189 485 453 528 cardinales
484 488 717 538 tamquam
749 486 806 527 de
840 487 920 528 illa
951 487 1161 539 nacione,
1192 487 1410 529 videlicet
1441 487 1668 529 Ostiensis
1699 486 1961 540 episcopus,

164 560 168 564 ’
191 555 557 610 Cameracensis,
583 556 727 598 sancti
756 557 909 609 Marci,
935 557 992 598 de
1019 556 1285 610 Challanco,
1309 558 1575 611 presbiteri,
1602 561 1647 600 et
1672 557 1961 599 Saluciarum

189 626 438 679 dyaconus.

305 698 433 739 Tunc
464 699 736 751 supervenit
767 712 851 741 rex
883 699 1196 740 Romanorum
1224 712 1326 741 cum
1358 700 1574 752 pluribus
1605 699 1813 752 ducibus,
1844 711 1962 741 mar-

188 768 432 811 chionibus
466 772 511 810 et
544 769 813 811 baronibus.
862 770 916 811 Et
950 769 1036 811 fuit
1069 772 1191 812 totus
1226 770 1353 812 locus
1386 771 1569 823 plenus,
1604 769 1728 822 quod
1760 769 1962 823 oportuit

188 840 350 892 plures
372 840 579 892 prelatos
602 840 892 901 descendere
917 840 974 882 ad
998 841 1098 883 loca
1121 840 1299 893 infima,
1322 844 1370 882 ut
1393 841 1559 882 darent
1583 841 1733 882 locum
1756 840 1961 883 ambaxi-

188 910 396 952 atoribus
423 910 589 964 regisa)
621 911 830 953 Francie.
871 912 1027 954 Eciam
1056 911 1117 954 ita
1144 911 1355 954 fecerant
1381 912 1514 965 prius
1543 911 1601 953 ad
1629 911 1833 953 dandum
1861 912 1961 954 loca

187 981 585 1023 ambaxiatoribus
610 994 771 1034 regum
798 982 965 1035 Anglie
991 986 1036 1024 et
1061 982 1253 1024 Polonie
1279 985 1324 1025 et
1348 983 1546 1024 aliorum
1572 982 1847 1035 principum.

304 1051 404 1094 Hiis
444 1053 735 1106 congregatis
775 1065 861 1094 rex
900 1054 1156 1106 proposuit,
1197 1053 1321 1106 quod
1360 1053 1582 1096 naciones
1623 1052 1875 1095 Germanie
1916 1056 1962 1095 et

185 1123 353 1176 Anglie
388 1123 769 1166 deliberaverant
802 1137 944 1177 super
975 1124 1308 1167 constitucione
1339 1127 1693 1178 procuratorum
1723 1124 1885 1166 fienda
1915 1127 1962 1166 et

186 1194 308 1247 quod
352 1195 461 1236 illuc
502 1198 731 1237 venerant
771 1195 829 1237 ad
870 1195 1176 1238 intimandum
1218 1199 1263 1237 et
1304 1195 1736 1238 communicandum
1775 1195 1960 1237 nacioni

186 1263 470 1319 Gallicaneb)
513 1278 675 1307 eorum
714 1265 1123 1319 deliberacionem,
1164 1269 1208 1308 et
1247 1266 1526 1308 videbantur
1565 1266 1689 1308 velle
1728 1267 1959 1308 interesse

185 1336 522 1379 deliberacioni
550 1337 848 1379 Gallicorum.
889 1337 994 1379 Fuit
1020 1350 1313 1390 responsum,
1341 1337 1465 1390 quod
1490 1337 1693 1379 libenter
1719 1337 1960 1379 audiretur

186 1407 473 1450 deliberacio
512 1411 557 1450 et
596 1411 760 1461 postea
801 1408 969 1450 Gallici
1011 1408 1333 1451 deliberarent
1372 1411 1417 1451 et
1457 1407 1852 1450 communicarent
1890 1407 1960 1450 eis

186 1491 317 1520 suam
341 1478 752 1521 deliberacionem.

302 1550 440 1592 Lecta
468 1550 555 1592 fuit
586 1550 871 1592 deliberacio
901 1550 1126 1592 dictarum
1157 1550 1354 1593 duarum
1383 1550 1630 1592 nacionum
1661 1549 1958 1603 concludens,

185 1621 309 1674 quod
346 1622 535 1663 omnino
572 1634 694 1674 papa
732 1621 910 1663 faceret
946 1624 1275 1674 procuratores
1313 1621 1361 1662 in
1398 1621 1552 1663 forma
1588 1634 1675 1675 per
1713 1621 1958 1663 concilium

183 1692 506 1734 nominandos.
544 1693 642 1744 Qua
668 1693 787 1735 lecta
813 1693 1138 1746 expectabant,
1165 1692 1288 1746 quod
1314 1692 1480 1735 Gallici
1505 1705 1660 1734 coram
1685 1693 1756 1735 eis
1782 1692 1958 1734 delibe-

183 1766 356 1805 rarent.
403 1763 507 1805 Fuit
539 1764 609 1806 eis
643 1763 827 1816 dictum,
862 1764 985 1816 quod
1019 1763 1185 1806 Gallici
1218 1776 1305 1817 per
1338 1776 1388 1806 se
1422 1763 1690 1806 deliberare
1723 1763 1957 1816 volebant,

182 1834 306 1887 quod
332 1847 417 1876 rex
445 1847 556 1887 egre
584 1834 701 1876 tulit.
742 1835 917 1876 Tamen
943 1834 1054 1876 fecit
1082 1834 1188 1877 illos
1217 1834 1442 1877 recedere
1470 1837 1515 1877 et
1544 1834 1674 1887 dixit,
1702 1833 1826 1892 quod
1853 1834 1954 1888 ipse

181 1918 282 1946 cum
306 1905 501 1948 concilio
525 1919 608 1947 suo
632 1906 818 1947 volebat
843 1906 1087 1948 interesse.
1124 1906 1179 1947 Et
1201 1918 1303 1947 cum
1328 1906 1652 1959 replicaretur,
1677 1904 1807 1958 dixit,
1831 1904 1955 1958 quod

180 1989 274 2018 non
303 1980 438 2018 erant
468 1977 618 2018 solum
648 1976 706 2018 de
737 1989 882 2029 regno
914 1976 1106 2018 Francie
1139 1980 1208 2019 set
1238 1980 1283 2018 et
1313 1976 1546 2019 Sabaudie
1578 1979 1623 2019 et
1653 1975 1954 2030 Provincie0)‚

180 2060 269 2100 que
301 2047 499 2089 subsunt
530 2048 741 2100 imperio.
786 2048 911 2089 Tunc
943 2046 1177 2101 recessit‘l)
1213 2050 1259 2089 et
1290 2050 1384 2089 tota
1414 2048 1496 2090 illa
1528 2047 1831 2101 congregacio
1860 2050 1954 2089 tur-

178 2119 285 2161 bata
314 2118 415 2160 fuit.
457 2119 512 2160 Et
540 2119 703 2172 plures
732 2118 878 2160 eciam
909 2121 1220 2160 recesserunt.
1261 2118 1469 2160 Tandem
1497 2118 1585 2160 fuit
1613 2117 1878 2171 pacificatus
1908 2120 1954 2160 et

179 2189 356 2232 resedit
375 2189 620 2231 concilium
642 2193 687 2231 et
708 2189 1001 2231 deliberavit.

296 2261 351 2303 Et
371 2260 539 2303 auditis
560 2260 987 2303 deliberacionibus
1008 2260 1301 2302 dominorum
1320 2260 1628 2302 cardinalium
1650 2263 1695 2302 et
1715 2260 1951 2302 ambaxia-

179 2335 330 2374 torum
358 2332 483 2384 regis
512 2331 721 2384 Francie,
749 2331 872 2384 regis
901 2330 1120 2372 Ludovici
1147 2331 1316 2373 Secilie
1345 2334 1390 2372 et
1416 2331 1541 2384 regis
1569 2330 1765 2384 Cypric),
1794 2330 1872 2384 qui
1901 2343 1952 2373 se

178 2405 434 2456 posuerant
472 2403 518 2444 in
555 2403 751 2444 nacione
790 2402 1046 2454 Gallicana,
1086 2405 1223 2454 atque
1261 2401 1617 2443 universitatum
1655 2401 1952 2454 Parisiensis,

177 2473 534 2516 Aurelianensis
564 2476 609 2515 et
639 2473 901 2516 Tholosane
932 2473 1020 2515 fuit
1048 2473 1326 2526 ordinatum,
1356 2472 1480 2526 quod
1509 2473 1756 2526 opiniones
1785 2473 1952 2515 daren-

176 2548 251 2586 tur
280 2544 327 2586 in
358 2543 555 2597 scriptis.

297 2616 351 2658 Et
378 2615 486 2668 quia
512 2615 758 2668 opiniones
786 2616 1155 2657 ambaxiatorum
1183 2618 1228 2656 et
1254 2614 1608 2656 universitatum
1635 2614 1950 2668 predictorum

174 2687 379 2739 fuerunt,
402 2686 525 2739 quod
547 2699 669 2739 papa
691 2686 868 2728 faceret
891 2688 1218 2739 procuratores
1241 2685 1288 2726 in
1310 2682 1511 2739 forma,f)
1537 2698 1653 2738 quos
1675 2686 1819 2728 vellet
1841 2698 1945 2728 con-

173 2757 343 2810 cilium,
368 2760 414 2799 et
439 2757 748 2810 senciebatur,
772 2757 895 2810 quod
919 2757 1041 2798 idem
1067 2756 1242 2798 diceret
1267 2756 1413 2798 maior
1436 2769 1561 2810 pars,
1585 2769 1707 2810 papa
1730 2756 1817 2799 hoc
1841 2769 1945 2798 sen-

173 2829 301 2871 ciens
333 2831 465 2870 nocte
499 2828 619 2870 inter
651 2828 869 2870 mercurii
902 2831 947 2870 et
980 2827 1097 2870 iovis
1129 2830 1233 2881 post
1265 2827 1465 2869 mediam
1497 2830 1693 2880 noctem,
1725 2827 1944 2870 videlicet

177 2899 299 2941 XXI.
328 2899 500 2952 Marcii,
526 2900 719 2941 recessit
742 2912 828 2952 per
853 2912 1034 2953 aquam,
1059 2899 1175 2940 duce
1199 2898 1387 2940 Austrie
1414 2898 1664 2941 Frederico
1688 2899 1820 2941 illum
1844 2912 1948 2941 con-

286 3020 316 3043 a)
332 3014 419 3046 regis
439 3034 445 3040 .
466 3034 472 3040 .
493 3034 499 3040 .
519 3014 704 3048 principum
725 3014 806 3047 fehlt
830 3015 860 3047 (¹,
886 3015 923 3040 D.
969 3013 1001 3047 b)
1027 3012 1195 3040 Gallicane
1217 3033 1223 3039 .
1244 3033 1249 3039 .
1272 3032 1278 3038 .
1299 3012 1544 3040 deliberacione
1564 3013 1645 3046 fehlt
1665 3015 1703 3040 B.
1758 3014 1787 3047 c)
1810 3014 1839 3041 B
1864 3013 1948 3049 solat

167 3063 200 3089 et
219 3061 280 3088 sub
301 3061 376 3095 imp.
415 3061 446 3091 (l)
468 3062 491 3088 Ο
510 3060 593 3095 folqt
613 3068 675 3088 von
695 3060 784 3088 korr.
809 3061 907 3088 Hand
931 3060 1043 3087 iratus.
1085 3060 1114 3092 e)
1140 3061 1167 3087 B
1186 3059 1271 3094 folqt
1291 3061 1325 3087 et
1344 3059 1481 3087 Navare.
1520 3060 1544 3094 f)
1565 3060 1598 3087 in
1619 3060 1640 3089 f.
1661 3060 1743 3094 fehlt
1766 3062 1803 3089 B.
