2102 3444
271 140 355 184 184
804 139 830 174 I.
857 139 1068 175 Abschnitt.
1105 138 1505 183 Konzilstagebticher.

271 262 316 301 et
351 258 393 301 d.
430 258 616 302 Branda
652 259 923 301 Placentino
958 257 1075 300 tituli
1114 257 1258 300 sancti
1295 257 1548 301 Clementis
1583 258 1873 312 presbyteris
1909 270 1960 300 ac
1995 257 2037 300 d.

271 329 512 382 Raynaldo
534 330 591 371 de
615 328 913 371 Branchaciis
936 329 1079 371 sancti
1104 329 1195 370 Viti
1221 329 1265 369 in
1293 328 1487 370 Macello
1510 332 1555 370 et
1578 329 1617 373 d.
1646 328 1891 371 Francisco
1913 340 2040 371 sanc-

271 403 420 442 torum
451 399 616 443 Cosme
645 403 689 442 et
720 399 930 442 Damiani
962 399 1233 441 diaconibus
1263 399 1592 451 cardinalibus,
1621 399 1952 441 commissariis
1982 398 2038 441 ad

272 471 356 512 hoc
379 483 465 524 per
488 470 531 513 d.
554 473 764 512 nostrum
789 483 957 524 papam
983 469 1230 523 deputatis,
1253 471 1514 522 ceterisque
1540 469 1733 523 prelatis
1756 472 1801 511 et
1824 481 2040 522 procura-

272 540 449 584 toribus
477 533 767 583 dominorum
799 542 843 582 in
873 541 992 583 dicto
1021 541 1216 582 concilio
1243 541 1552 583 existentibus
1580 541 1625 582 in
1656 539 1779 583 stufa
1808 540 1905 582 sive
1934 540 2040 582 aula

271 623 437 665 magna
468 611 635 665 palacii
670 611 909 664 apostolici
942 611 1326 653 convenientibus
1359 615 1462 664 post
1495 612 1746 664 aliqualem
1780 609 2041 664 disceptati-

272 694 408 724 onem
436 683 558 724 inter
585 695 666 725 eos
693 682 899 725 habitam
926 682 1113 724 tandem
1141 695 1227 735 per
1254 695 1334 725 eos
1363 682 1674 724 deliberatum
1703 684 1786 733 est,
1815 680 1938 735 quod
1965 681 2040 723 die

272 753 452 795 sabbati
474 753 617 795 tercia
639 753 814 796 mensis
836 753 1045 796 eiusdem
1070 753 1334 795 immediate
1358 753 1570 806 sequenti
1594 752 1837 794 concilium
1859 752 2042 794 inchoa-

272 827 400 866 retur
435 826 480 880 et
513 824 753 877 processio
789 824 928 866 fieret
965 825 1091 866 iuxta
1126 836 1315 866 morem.
1363 823 1506 875 Quam
1543 823 1731 877 quidem
1768 822 2042 865 deliberaci-

272 907 408 936 onem
434 907 535 936 cum
560 894 732 948 prefati
759 895 1063 937 commissarii
1091 895 1132 936 d.
1158 897 1316 937 nostro
1342 907 1463 948 pape
1491 894 1740 946 referrent,
1767 893 2043 947 approbavit

272 964 483 1008 eandem.
526 965 635 1008 Post
663 965 787 1018 quod
815 965 915 1019 ipse
946 966 986 1009 d.
1018 968 1177 1008 noster
1205 978 1326 1019 papa
1356 965 1413 1007 de
1443 965 1623 1018 palacio
1653 964 1946 1007 descendens
1973 976 2043 1007 ca-

271 1036 533 1078 thedralem
563 1036 808 1078 ecclesiam
839 1039 909 1079 est
938 1036 1179 1089 ingressus
1209 1040 1254 1078 et
1286 1036 1459 1078 ibidem
1491 1037 1679 1078 missam
1708 1034 2043 1089 pontificaliter

272 1106 525 1150 celebravit
559 1107 867 1160 dominusque
902 1107 1142 1149 Johannes
1177 1107 1354 1160 Poling,
1389 1107 1638 1149 canonicus
1674 1105 2043 1149 Constantiensis

273 1178 564 1220 decretorum
590 1178 760 1231 doctor,
786 1191 1049 1219 sermonem
1074 1178 1184 1220 fecit
1206 1178 1263 1220 ad
1288 1178 1476 1219 clerum.

390 1248 476 1292 Die
500 1249 683 1292 sabbati
706 1249 851 1292 tercia
873 1249 1070 1303 predicti
1096 1250 1286 1303 mensis,
1311 1262 1411 1291 cum
1437 1249 1478 1291 d.
1503 1252 1662 1292 noster
1686 1261 1807 1302 papa
1831 1248 1873 1291 d.
1897 1247 2044 1290 cardi-

271 1320 458 1363 nalibus
493 1320 755 1373 ceterisque
789 1320 984 1374 prelatis
1020 1319 1218 1363 sociatus
1252 1333 1336 1374 pro
1374 1319 1672 1362 inchoacione
1707 1320 1826 1362 sacri
1862 1318 2042 1361 concilii

273 1386 330 1433 de
351 1392 533 1445 palacio
554 1392 808 1445 apostolico
828 1390 1150 1443 descenderet,
1173 1391 1444 1444 supervenit
1466 1390 1554 1433 sibi
1577 1390 1808 1443 quoddam
1829 1389 2044 1433 accidens

273 1475 332 1504 ex
362 1462 672 1516 indigestione
703 1462 997 1516 causatumffi)
1028 1465 1221 1515 propter
1251 1462 1373 1515 quod
1404 1463 1554 1515 ipsum
1587 1460 1883 1504 retrocedere
1913 1463 1958 1503 et
1987 1460 2045 1503 ad

274 1533 483 1576 remedia
505 1533 812 1586 expediencia
834 1545 1080 1575 recurrere
1103 1533 1350 1586 opportuit.
1386 1533 1604 1585 Tuncque
1629 1531 1939 1574 deliberatum
1961 1534 2045 1584 est,

273 1604 396 1657 quod
427 1604 664 1646 inchoacio
694 1604 892 1658 predicti
925 1604 1107 1646 concilii
1138 1616 1286 1657 usque
1320 1603 1377 1646 ad
1409 1603 1531 1645 diem
1564 1603 1673 1645 lune
1704 1602 1912 1656 quintam
1942 1615 2046 1656 pre-

275 1675 382 1718 dicti
404 1675 579 1718 mensis
602 1678 947 1728 prorogaretur.
984 1675 1039 1717 Et
1061 1675 1122 1717 ita
1144 1674 1232 1717 fuit
1255 1674 1470 1717 omnibus
1493 1673 1765 1716 intimatum.
1799 1673 1899 1716 Non
1920 1674 2044 1716 enim

274 1747 424 1789 visum
451 1749 521 1789 est
547 1746 808 1799 honestum,
837 1746 959 1799 quod
987 1746 1163 1799 absque
1192 1746 1431 1799 presentia
1461 1745 1627 1788 summi
1655 1744 1892 1799 pontificis
1921 1743 2046 1786 inici-

275 1820 432 1859 aretur
462 1816 719 1859 concilium.
764 1816 941 1871 Dieque
972 1817 1181 1870 predicta
1212 1817 1392 1859 sabbati
1423 1816 1635 1869 prefatus
1665 1815 1706 1858 d.
1737 1818 1896 1858 noster
1924 1826 2045 1869 papa

275 1888 362 1931 fuit
398 1887 618 1942 gravibus
655 1887 895 1930 doloribus
932 1888 1141 1941 corporis
1178 1900 1325 1940 usque
1364 1887 1421 1929 ad
1460 1899 1566 1930 sero
1602 1886 1816 1941 agitatus3
1855 1886 1902 1928 in
1940 1898 2046 1928 sero

274 1971 387 2002 vero
415 1959 661 2002 convaluit.

393 2030 479 2072 Die
501 2030 611 2072 lune
634 2030 794 2083 quinta
817 2030 991 2072 mensis
1012 2030 1286 2072 Novembris
1309 2029 1365 2071 de
1390 2029 1607 2071 mandato
1626 2028 1800 2082 prefati
1822 2028 1864 2070 d.
1887 2027 2046 2070 Jacobi

274 2101 483 2155 episcopi
521 2100 753 2143 Lunensis
792 2113 1022 2143 cameram
1061 2099 1266 2153 regentis
1304 2099 1690 2142 convenientibus
1728 2098 1785 2141 de
1825 2111 1960 2141 mane
1999 2098 2045 2141 in

273 2173 456 2226 palacio
486 2172 739 2225 apostolico
771 2184 856 2225 pro
886 2170 1119 2213 iniciando
1151 2183 1331 2213 sacrum
1362 2171 1606 2212 concilium
1638 2173 1683 2212 et
1714 2182 1801 2223 pro
1829 2168 2046 2212 faciendo

275 2243 623 2297 processionem
669 2246 714 2285 et
756 2242 1040 2284 celebrando
1084 2242 1285 2294 missam,
1331 2245 1377 2283 ut
1421 2244 1492 2283 est
1534 2241 1690 2293 moris,
1734 2240 2046 2294 infrascriptis

276 2313 432 2356 revmis
461 2314 488 2356 i.
519 2313 625 2357 Chr.
653 2327 697 2367 p.
725 2313 944 2356 videlicet
972 2313 1013 2355 d.
1043 2313 1256 2355 Johanne
1284 2311 1549 2354 Vivariensi
1577 2311 1834 2366 Ostiensi,¹)
1866 2311 2046 2365 Angelo

275 2385 510 2428 Laudensi
551 2385 829 2427 Penestrino
868 2387 912 2426 et
952 2384 1158 2426 Jordano
1198 2383 1254 2425 de
1294 2383 1479 2425 Ursinis
1517 2383 1774 2424 Albanensi
1814 2381 2046 2435 episcopis

275 2470 325 2498 ac
367 2456 613 2498 Francisco
653 2455 962 2497 Veneciarum
1003 2455 1122 2496 tituli
1165 2457 1321 2496 sancte
1361 2453 1509 2495 crucis
1551 2453 1594 2494 in
1637 2453 1916 2506 Jerusalem,
1955 2453 2046 2494 An-

274 2527 401 2570 tonio
427 2526 731 2580 Aquilegensi
758 2526 878 2568 tituli
906 2529 1063 2568 sancte
1091 2525 1318 2576 Susanne,
1345 2525 1559 2566 Johanne
1587 2523 1898 2568 Ulixbonensi
1924 2523 2044 2566 tituli

276 2598 421 2641 sancti
458 2598 582 2640 Petri
620 2597 677 2639 ad
713 2596 923 2649 Vincula,
960 2596 1135 2639 Thoma
1171 2595 1476 2638 Tricaricensi
1515 2594 1634 2637 tituli
1672 2597 1936 2637 sanctorum
1971 2594 2046 2637 Jo-

274 2667 443 2711 hannis
471 2671 516 2711 et
545 2667 691 2720 Pauli,
722 2666 975 2710 Guillelmo
1002 2667 1123 2709 tituli
1152 2666 1296 2709 sancti
1327 2666 1484 2718 Marci,
1513 2666 1714 2708 Antonio
1743 2665 1800 2707 de
1829 2664 2046 2708 Challant

380 2767 409 2787 a)
433 2762 456 2785 (¹
473 2768 525 2786 am
538 2740 670 2794 ἡ1331111ιῆ
691 2767 749 2785 vnn
774 2761 921 2792 ,ςμιϊίνννν
943 2760 1038 2785 Ilum!
1060 2766 1082 2786 s.
1105 2759 1178 2784 ΧΓ]
1200 2758 1318 2784 malum
1341 2758 1478 2791 sig-mun.

395 2809 427 2851 1)
452 2808 552 2843 Nach
577 2808 661 2843 Div.
684 2808 768 2842 Joh.
793 2807 925 2842 XXIII
949 2810 983 2842 el
1008 2807 1164 2842 Martini
1196 2807 1220 2840 Γ
1242 2807 1289 2841 ab
1313 2817 1344 2841 a.
1370 2806 1553 2842 1413—20
1573 2806 1599 2850 Τ.
1620 2806 1667 2841 29
1687 2805 1811 2840 zahlte
1833 2806 1902 2840 das
1925 2803 2046 2840 Bank-

278 2868 373 2902 haus
399 2867 539 2902 Medici
563 2877 634 2911 per
658 2868 813 2902 modum
839 2866 961 2900 mutui
989 2866 1030 2901 14
1056 2876 1104 2900 (ιη
1128 2866 1196 2900 der
1223 2864 1343 2899 Kurz'e
1374 2864 1589 2899 ereilenden
1615 2863 1856 2898 Kardim'ilen
1881 2862 1947 2907 qui
1971 2862 2046 2898 dis-

276 2926 469 2969 ponebant
497 2926 679 2960 recedere
706 2926 754 2960 ad
784 2924 998 2965 concilium,
1027 2925 1118 2959 5357
1148 2923 1402 2965 Goldyuldem
1431 2924 1495 2957 die
1525 2922 1745 2967 lirzbischof
1771 2922 1944 2957 Dietrich
1972 2928 2045 2956 von

277 2984 379 3020 Κόῑη
403 2984 460 3019 als
484 2984 672 3020 Ser-vitiem
699 2984 832 3018 :alelen
860 2984 1000 3028 mulne.
1049 2983 1121 3017 l'on
1149 2983 1222 3017 den
1251 2982 1348 3016 oben
1373 2983 1589 3025 ,certamnen
1619 2982 1661 3017 15
1684 2980 1925 3016 Kardiniilen
1949 2979 2046 3024 fehlt

277 3042 360 3078 Otto
387 3041 567 3078 Colonna.
