2227 3434
534 189 578 225 A.
617 189 817 225 Fillastres
845 188 963 225 Gesta
987 189 1139 226 concilii
1164 189 1481 226 Constantiensis.
1808 192 1894 236 153

125 307 447 363 adjungendos
468 307 786 350 cardinalibus
809 308 1053 361 eligerent,
1077 308 1229 350 simile
1255 311 1471 361 respectu
1495 309 1682 351 illorum
1707 310 1890 352 mutatis

122 378 357 422 mutandis
378 382 647 433 prestarent
673 379 998 431 iuramentum,
1025 379 1155 431 quod'
1173 379 1394 421 naciones
1419 379 1466 420 in
1493 379 1711 432 eligendo
1738 393 1892 423 serva-

123 453 304 503 verunt,
322 452 373 492 ut
392 449 611 502 creditur,
634 449 833 491 maxime
855 448 1112 502 Gallicana,
1135 450 1244 502 quia
1265 462 1427 492 omnes
1450 450 1771 493 laudaverunt.

244 520 359 563 Item
379 520 504 574 quod
526 520 584 562 de
607 520 817 573 qualibet
838 520 1034 562 nacione
1059 520 1396 572 deputarentur
1420 520 1512 563 duo
1533 524 1579 563 et
1601 520 1658 562 de
1683 521 1890 564 cardina-

123 591 247 635 libus
269 590 374 643 duo,
395 590 475 644 qui
494 590 797 633 conveni-rent
819 590 984 632 eodem
1007 589 1081 632 die
1104 594 1149 633 et
1170 591 1475 644 sequentibus
1498 590 1664 634 diebus
1685 592 1732 633 in
1755 591 1891 634 domo

122 660 470 704 Predicatorum
496 660 555 704 ad
581 660 973 703 considerandum
999 664 1044 703 et
1070 660 1414 714 perficiendum
1442 661 1596 704 omnia
1620 662 1891 704 necessaria

120 743 208 786 pro
228 731 433 776 conclavi
453 734 499 774 et
520 731 638 775 alias
659 734 766 774 ante
787 732 1050 784 ingressum
1072 732 1318 785 conclavis,
1338 734 1496 785 utpote
1516 745 1603 785 pro
1623 732 1890 776 custodibus

121 805 168 845 et
204 802 478 846 iuramentis
517 802 574 844 ab
610 802 682 844 eis
718 802 1000 856 prestandis,
1039 805 1084 845 et
1122 803 1228 845 aliis
1266 802 1562 855 necessariis,
1599 806 1646 845 et
1686 804 1748 846 ita
1787 816 1890 846 con-

121 875 364 916 venerunt.

239 943 350 987 Erat
373 945 527 987 autem
550 944 782 987 conclavis
807 944 935 986 locus
960 956 1127 997 magna
1151 943 1289 986 valde
1316 943 1479 986 domus
1505 946 1760 988 communis
1785 944 1891 987 civi-

121 1014 228 1058 tatis
253 1014 342 1058 sita
366 1026 509 1068 super
535 1015 684 1056 lacum
710 1017 756 1056 et
780 1015 899 1056 nulli
926 1014 1081 1056 domui
1107 1014 1334 1068 contigua,
1360 1014 1408 1056 in
1435 1027 1526 1068 qua
1551 1018 1685 1057 erant
1710 1027 1890 1057 merces

122 1097 282 1127 rerum
303 1085 527 1138 omnium;
554 1084 735 1128 habens
759 1084 849 1128 tria
872 1097 1039 1138 magna
1065 1085 1196 1138 atria,
1220 1084 1421 1128 inferius
1445 1098 1530 1139 per
1553 1089 1743 1139 terram,
1768 1085 1891 1139 quod

122 1156 346 1199 remansit
367 1155 544 1198 civibus
567 1155 760 1210 plenum
783 1156 1030 1209 mercibus,
1053 1155 1258 1198 medium
1283 1159 1328 1198 et
1351 1155 1582 1210 superius.
1617 1157 1672 1199 Et
1695 1157 1778 1200 illa
1799 1156 1892 1199 duo

121 1225 311 1269 fuerunt
339 1239 426 1280 pro
456 1226 676 1280 conclavi,
709 1227 757 1268 in
788 1226 958 1280 quibus
990 1226 1110 1269 facte
1143 1230 1249 1270 sunt
1279 1227 1383 1269 LVI
1414 1227 1546 1270 celle.
1591 1227 1735 1270 Erant
1765 1227 1891 1270 eni-m

121 1296 232 1340 LIII
259 1297 489 1340 electores
517 1300 563 1339 et
589 1300 687 1340 tres
716 1297 1026 1340 servabantur
1052 1310 1139 1352 pro
1167 1297 1453 1340 absentibus.

98 1369 107 1375 ‘
236 1368 347 1410 Post
370 1368 457 1410 hec
482 1366 691 1422 quelibet
714 1367 847 1411 nacio
872 1371 917 1410 et
943 1368 1189 1421 collegium
1214 1368 1522 1411 cardinalium
1549 1369 1891 1422 deputaverunt

121 1440 270 1482 certos
298 1438 357 1481 ad
385 1438 744 1481 deliberandum
771 1441 816 1481 et
845 1438 1170 1492 ordinandum,
1201 1452 1291 1493 que
1319 1440 1519 1482 ulterius
1549 1439 1729 1493 agenda
1757 1441 1891 1482 erant

121 1507 240 1552 circa
270 1509 488 1552 conclave
520 1512 570 1552 et
594 1509 885 1563 pertinencia
917 1510 976 1553 ad
1006 1510 1249 1552 materiam
1279 1510 1530 1553 eleccionis
1560 1513 1606 1552 et
1636 1509 1891 1553 custodiam

121 1579 365 1634 conclavis,
390 1581 468 1634 qui
493 1592 606 1634 sepe
631 1583 950 1623 convenerunt
973 1582 1022 1623 in
1046 1580 1183 1624 domo
1206 1580 1555 1623 Predicatorum
1578 1581 1627 1623 in
1651 1580 1739 1624 ede
1762 1580 1890 1635 pacis

80 1666 83 1667 ⁷
121 1650 329 1705 predicta
349 1653 395 1694 et
414 1651 751 1694 ordinaverunt
770 1664 840 1705 ea,
863 1664 952 1705 que
974 1651 1175 1694 inferius
1195 1651 1533 1694 describentur.

238 1721 355 1764 Item
379 1721 600 1765 naciones
626 1723 871 1776 elegerunt
898 1722 1106 1775 quelibet
1132 1723 1197 1765 VI
1226 1722 1547 1776 adjungendos
1574 1722 1889 1765 cardinalibus

122 1792 180 1835 ad
199 1792 468 1847 eligendum
489 1805 659 1847 papam
683 1793 936 1836 secundum
959 1793 1157 1836 formam
1182 1793 1358 1836 decreti
1380 1793 1701 1847 suprascripti,
1723 1794 1801 1847 qui
1824 1793 1890 1835 in-

122 1862 270 1907 ferius
294 1863 635 1906 describuntur.
675 1864 728 1906 In
752 1863 916 1918 primis
941 1865 1075 1907 nacio
1099 1863 1279 1907 Ytalica
1303 1863 1445 1918 elegit
1468 1867 1514 1906 et
1540 1866 1708 1907 cetera.

238 1934 455 1988 Deputati
477 1935 810 1978 convenientes
829 1948 915 1989 pro
937 1935 1144 1977 conclavi
1165 1938 1210 1977 et
1228 1935 1513 1988 pertinentia
1534 1935 1592 1978 ad
1613 1935 1889 1978 electionem

121 2003 468 2059 ordinaverunt,
503 2005 627 2059 quod
660 2005 988 2059 redigerentur
1021 2005 1069 2047 in
1104 2005 1287 2059 scriptis
1321 2018 1407 2059 per
1441 2006 1661 2048 articulos
1695 2018 1765 2059 ea,
1799 2017 1888 2059 que

121 2075 384 2120 cardinales
420 2076 468 2118 in
507 2077 735 2118 electione
774 2077 1028 2119 observare
1067 2079 1286 2119 tenentur
1325 2076 1579 2119 secundum
1616 2076 1815 2118 formam
1852 2089 1887 2118 c.

122 2145 229 2199 „ubi
255 2146 433 2189 maius“
462 2147 520 2189 de
546 2147 678 2190 elect.
706 2147 739 2189 li
766 2147 847 2189 VI⁰
874 2150 919 2190 et
946 2147 1042 2190 Cle.
1071 2160 1157 2200 „ne
1185 2147 1407 2190 Romani“
1437 2148 1484 2189 in
1511 2147 1818 2190 Clementinis
1845 2149 1890 2189 et

122 2216 542 2271 Extravagantibus
579 2217 884 2261 Clementinis
917 2218 996 2271 VI,
1034 2230 1124 2272 que
1160 2217 1320 2272 incipit
1356 2218 1553 2272 „Licet“,
1591 2217 1721 2261 cuius
1755 2221 1889 2260 tenor

122 2287 332 2340 sequitur
357 2290 403 2330 et
427 2291 499 2331 est
523 2288 649 2331 talis:
692 2288 910 2331 Clemens
938 2292 1021 2331 etc.

237 2357 453 2402 Extracta
480 2361 633 2402 autem
660 2359 718 2402 ab
747 2359 842 2402 illis
869 2359 1050 2403 iuribus
1078 2363 1184 2403 sunt
1211 2360 1313 2402 hec:
1357 2360 1450 2403 Ista
1478 2362 1597 2412 sunt,
1625 2372 1714 2413 que
1743 2358 1889 2402 cardi-

121 2428 253 2473 nales
281 2432 327 2472 et
353 2429 434 2473 alii
462 2429 674 2473 doctores
703 2433 786 2473 etc.
827 2430 922 2473 Hec
950 2433 1157 2473 extracta
1184 2430 1519 2473 ordinaverunt
1547 2430 1648 2472 dari
1678 2430 1777 2484 regi
1803 2429 1889 2471 Ro-

122 2509 376 2554 manorum,
407 2500 627 2554 magistro
657 2500 823 2543 civium
853 2504 900 2543 et
929 2502 1098 2544 ceteris
1127 2500 1397 2544 custodibus
1428 2501 1673 2543 conclavis.
1717 2501 1771 2543 Et
1799 2503 1889 2543 tra-

33 2603 40 2606 .
121 2567 215 2613 dita
238 2568 444 2624 fuerunt,
467 2574 519 2613 ut
541 2571 623 2614 illa
649 2571 858 2613 iurarent
883 2572 1031 2614 eciam
1054 2571 1360 2625 interpretata
1386 2573 1433 2613 in
1459 2571 1733 2614 theotonico.
1773 2571 1888 2614 Con-

123 2643 373 2693 sequenter
399 2641 734 2684 ordinaverunt
761 2642 920 2695 eciam,
949 2642 1087 2696 quod,
1114 2655 1217 2684 cum
1242 2646 1403 2685 essent
1430 2642 1476 2684 in
1505 2642 1698 2685 concilio
1726 2642 1887 2695 plures

122 2711 274 2765 magni
296 2712 530 2756 notabiles
557 2713 696 2767 legati
722 2726 883 2766 regum
911 2713 1203 2756 diversarum
1229 2713 1488 2766 nacionum,
1514 2716 1802 2767 ponerentur
1828 2724 1886 2753 ex

122 2779 216 2824 illis
251 2781 309 2824 de
346 2783 555 2836 qualibet
589 2783 783 2826 nacione
820 2784 1024 2826 habente
1061 2784 1233 2827 milites
1271 2787 1316 2826 et
1352 2784 1410 2826 de
1447 2784 1655 2837 qualibet
1691 2783 1885 2825 nacione

122 2861 241 2895 unus
267 2853 489 2897 notabilis
517 2853 577 2896 ad
603 2854 829 2897 honorem
859 2866 1021 2908 regum
1051 2854 1335 2897 mittencium
1363 2857 1410 2897 et
1438 2866 1559 2896 unus
1588 2854 1797 2908 prelatus
1828 2851 1887 2896 ad

122 2921 374 2966 custodiam
401 2924 632 2967 conclavis
660 2923 1010 2978 deputarentur.

242 2991 355 3035 Item
391 2993 725 3037 ordinaverunt
763 2995 810 3037 in
847 2996 1060 3038 sessione
1097 2995 1297 3049 publica,
1337 2995 1459 3048 quod
1494 2994 1739 3037 concilium
1780 2994 1884 3035 illos

123 3061 334 3107 custodes
361 3062 621 3118 deputaret.
