2227 3434
614 203 652 236 Β.
676 201 923 237 Avisamente
944 203 1013 236 ‹Ier
1033 202 1350 237 ReformatorIen.
1780 205 1864 247 667

214 319 254 361 2.
295 319 448 373 Item¹)
475 319 599 371 quod
623 319 776 362 omnia
800 319 1047 373 privilegia
1072 325 1117 363 et
1142 320 1435 374 indulgencie
1461 334 1679 363 concesse
1708 321 1866 362 inferi-

97 388 256 431 oribus
283 390 483 442 -prelatis
514 389 570 430 de
602 389 776 431 utendo
806 390 1169 443 pontificalibus,
1201 391 1364 443 mitris,
1396 391 1604 433 sandalis
1635 394 1680 432 et
1711 392 1866 433 huius-

98 458 219 501 modi
265 459 324 501 ad
370 458 640 512 dignitatem
684 460 1002 512 pontificalem
1048 461 1391 513 pertinentibus
1438 461 1495 503 ab
1541 461 1668 503 obitu
1714 461 1866 503 felicis

97 529 441 572 recordacionis
467 530 507 573 d.
537 530 751 583 Gregorii
778 531 899 572 citra·
919 530 1182 573 indistincte
1209 534 1499 574 revocentur.

215 599 493 642 Conclusum
518 603 602 653 est,
626 601 749 653 quod
775 600 1037 643 indistincte
1063 615 1089 643 a
1113 606 1321 654 tempore
1347 602 1499 644 felicis
1524 602 1867 644 recordacionis

96 669 311 723 Gregorii
340 670 419 712 XI.
445 671 561 713 citra
589 683 751 713 omnes
780 671 1105 714 concessiones
1135 672 1430 725 indulgencie
1459 675 1504 714 et
1532 672 1779 726 privilegia
1809 672 1866 713 de

97 740 242 794 signis
280 741 630 794 episcopalibus
672 741 889 784 ferendis·
926 743 1160 784 concessis
1201 742 1459 784 minoribus
1500 743 1694 795 prelatis
1737 755 1866 785 revo-

95 810 312 864 centur.⁸)
336 868 342 872 .

735 882 757 906 εκ
1205 883 1226 906 *

968 928 990 952 *

446 996 637 1040 XXVII.
698 998 734 1040 1.
792 998 862 1041 De
904 997 1228 1060 ignorantibus
1269 999 1509 1052 ydioma.2)

216 1078 329 1121 Item
357 1077 520 1133 quodb)
555 1079 671 1121 nulli
703 1079 761 1121 ad
790 1079 1025 1122 beneficia
1055 1080 1367 1122 ecclesiastica
1396 1082 1594 1134 curatas)
1626 1094 1866 1135 promove-

95 1152 231 1191 antur
266 1150 312 1191 in
348 1149 503 1203 aliquo
538 1162 696 1203 regno,
730 1149 820 1192 nisi
854 1150 1038 1203 yvdioma
1073 1151 1264 1204 vulgare
1299 1151 1512 1194 eiusdem
1549 1152 1697 1205 patrie
1733 1152 1866 1195 suffi-

95 1220 272 1262 cienter
293 1219 560 1273 intelligant
580 1224 630 1262 et
653 1221 914 1273 loquantur.
954 1219 1049 1276 Etd)
1079 1221 1143 1263 ibi
1169 1222 1436 1263 conclusum
1463 1222 1564 1275 fuit,
1590 1223 1712 1275 quod
1738 1222 1866 1264 inno-

94 1294 228 1333 vetur
253 1291 524 1338 constitucio
548 1291 763 1344 Gregorii
790 1291 869 1333 XI.
892 1295 941 1334 et
965 1291 1246 1334 extendatur
1272 1292 1330 1334 ad
1356 1292 1632 1335 ordinarios.

211 1420 251 1463 2.
292 1420 528 1475 Domino-³)
558 1420 796 1464 Aniciensi
822 1421 1093 1474 presidente
1121 1421 1306 1474 prefato
1333 1421 1420 1464 fuit
1447 1422 1645 1475 repetita
1673 1421 1866 1464 materia

95 1491 153 1534 de
190 1504 282 1534 non
315 1491 637 1545 dispensando
677 1505 818 1545 super
857 1491 1108 1534 idoneitate
1144 1492 1222 1534 die
1262 1492 1377 1534 iovis
1418 1492 1500 1534 ΙΙΙ.
1538 1492 1762 1535 Octobris.
1813 1493 1866 1534 Et

96 1574 239 1615 super
262 1562 347 1604 hoc
371 1562 460 1606 fuit
483 1562 753 1605 constitucio
775 1563 819 1604 d.
847 1562 1062 1616 Gregorii
1087 1562 1181 1615 XI.,
1206 1575 1297 1615 que
1324 1563 1631 1617 sequitur.⁴)⁰)

733 1657 755 1681 *
1203 1658 1225 1681 *

970 1704 992 1727 *

271 1783 487 1827 XXVIII.
540 1785 609 1827 De
647 1784 941 1828 beneficiatis
979 1785 1091 1828 citra
1129 1786 1375 1838 episcopos
1413 1788 1458 1828 et
1495 1785 1689 1828 abbates

724 1868 815 1899 non
860 1856 1234 1909 residentibus.⁵)

212 1937 342 1989 Quod
368 1950 529 1980 omn-es
557 1937 784 1981 habentes
811 1938 1044 1980 beneficia
1071 1972 1080 1980 .
1115 1972 1123 1980 .
1160 1972 1168 1980 .
1196 1938 1254 1980 ad
1281 1935 1641 1992 residenciamf)

732 2020 755 2044 *
1202 2021 1223 2044 »κ

971 2067 993 2091 *

330 2135 494 2179 XXIX.
541 2137 577 2179 1.
622 2136 748 2188 Quod
779 2135 1001 2179 tollantur
1028 2137 1188 2189 iniqua
1216 2138 1386 2179 statuta
1413 2139 1459 2179 et
1486 2147 1630 2188 prave

601 2207 964 2250 consuetudines
993 2207 1354 2260 ecclesiarum.‘²)

213 2277 611 2320 Reverendissimi
642 2281 800 2331 patres
828 2281 874 2320 et
903 2278 1090 2320 domini.
1135 2278 1187 2319 In
1216 2278 1456 2331 plerisque
1489 2277 1600 2320 locis
1629 2277 1867 2330 provincie

97 2347 390 2391 Coloniensis
429 2348 630 2401 capitula
671 2348 1007 2390 cathedralium
1049 2361 1132 2391 seu
1173 2348 1520 2401 collegiatarum
1562 2349 1865 2407 ecclesiarum

96 2417 186 2460 iam
211 2418 293 2460 diu
321 2418 534 2460 fecerunt
561 2422 605 2460 et
633 2418 789 2460 facere
819 2421 1044 2460 conantur
1070 2419 1276 2471 pessima
1305 2422 1349 2460 et
1375 2418 1536 2471 ¹iniqua
1566 2421 1747 2471 statuta,
1776 2430 1865 2471 que

94 2489 311 2541 personis
352 2488 398 2530 in
438 2489 701 2532 huiusmodi
743 2489 956 2532 ecclesiis
996 2489 1339 2531 beneficiandis
1381 2490 1573 2531 multum
1614 2492 1723 2531 sunt
1762 2502 1864 2530 con-

203 2610 233 2635 a)
267 2604 325 2630 Ληι
348 2604 479 2630 Ranae:
518 2603 728 2630 Dcclaratum
756 2603 977 2630 deliberatum
999 2603 1051 2629 (IIc
1073 2603 1206 2631 xxx'ul.
1228 2603 1393 2631 octobris.
1467 2603 1499 2635 b)
1522 2603 1606 2629 Fehle
1628 2604 1655 2630 S.
1734 2609 1762 2635 c)
1783 2603 1865 2633 Stat!

93 2650 172 2677 eccl.
194 2658 260 2677 cur.
288 2652 310 2677 S
327 2650 541 2685 parochialia.
627 2650 658 2679 ιΙ)
680 2652 712 2677 ct
733 2650 777 2677 ibi
799 2651 878 2683 fehlt
903 2652 946 2685 E‚·
966 2652 1027 2677 (las
1047 2651 1196 2685 fol-(sende
1218 2659 1268 2676 am
1293 2652 1413 2677 Raude.
1483 2652 1511 2679 e)
1533 2650 1592 2677 Λυι
1616 2640 1744 2676 Nande:
1779 2649 1850 2675 Deli

95 2698 220 2725 ber-ata.
246 2713 269 2717 —
293 2697 492 2725 Conclusum
517 2699 576 2730 est,
596 2699 682 2732 qumi
706 2698 882 2724 innovetur
902 2699 934 2724 ct
958 2698 1156 2725 extendatur
1176 2698 1216 2724 ad
1238 2697 1434 2724 ordinarios.
1504 2698 1529 2726 s>
1554 2698 1586 2729 (J,
1612 2698 1637 2723 1¹]
1657 2706 1706 2722 nm
1733 2698 1866 2723 Raude:

96 2744 184 2771 Hanc
206 2745 452 2772 conclusionem
474 2745 576 2771 habes
598 2745 660 2772 VII.
681 2745 896 2777 Novembris3
917 2746 941 2772 (J
957 2745 1041 2779 solat
1066 2747 1142 2772 1415.

211 2794 242 2835 1)
269 2793 359 2828 Coei.
395 2793 427 2828 V.

210 2852 242 2893 ²)
272 2851 311 2891 C,
338 2851 382 2892 Ῑ),
409 2852 449 2892 Ε,
475 2852 510 2886 S.

177 2915 184 2921 ·
211 2910 242 2951 3)
273 2909 363 2943 Cod.
400 2909 434 2943 V.

210 2968 242 3009 ⁴)
271 2966 381 3000 Felzlt
407 2967 510 3001 aber.

211 3026 244 3066 5)
269 3025 358 3059 Cod.
380 3024 419 3066 C,
439 3025 484 3066 D,
507 3025 546 3066 E,
569 3025 610 3066 S;
634 3025 753 3059 Hardl
776 3024 793 3058 I
814 3026 892 3059 6:27.

211 3082 243 3125 6)
268 3083 349 3117 Nur
382 3082 415 3117 V.
