2102 3444
289 137 372 180 752
723 134 791 168 III.
823 133 1034 168 Abschnitt.
1077 133 1231 169 Reform
1262 137 1339 169 und
1373 134 1623 180 Vert'assung.

287 268 423 296 onum
463 267 603 307 super
642 253 818 295 eisdem
854 251 1063 295 articulis
1103 253 1162 296 sit
1199 264 1418 295 recursus

287 326 503 376 omnium,
553 337 746 377 quorum
797 324 1026 365 interesse
1073 326 1225 376 potest
1272 323 1418 365 eciam

288 396 575 437 dominorum
606 394 925 436 cardinalium.

464 478 616 519 Placet
651 477 885 529 articulus,
920 479 1056 528 prout
1088 475 1218 518 iacet.

379 573 488 613 Item
522 572 741 613 naciones
775 571 874 624 ipse
907 584 933 612 a
965 570 1173 623 qualibet
1206 570 1296 623 die,
1329 582 1419 623 qua

287 643 559 695 premissam
599 641 864 694 porcionem
903 642 1203 684 articulorum
1240 641 1418 683 eisdem

287 714 341 754 de
371 712 736 767 reformatorio²¹)
767 710 1057 767 missorumb)
1087 712 1290 755 habeant
1318 725 1420 765 sep—

286 788 375 825 tem
409 784 508 825 dies
541 784 598 825 ad
631 783 906 836 copiandum
940 787 985 824 et
1016 783 1075 825 ad
1108 783 1420 836 premeditan-

287 855 407 906 dum,
431 859 677 907 antequam
703 867 845 907 super
866 854 957 896 hiis
980 854 1026 895 in
1050 853 1244 896 nacione
1267 854 1419 896 dicant

289 930 388 967 vola
428 938 509 967 sua
548 929 593 968 et
633 926 696 966 sic
736 925 916 967 articuli
956 925 1002 966 in
1042 937 1134 967 una
1174 925 1419 967 ebdomata

288 997 537 1048 mittantur,
569 997 612 1037 in
643 996 732 1038 alia
761 996 1008 1038 ebdomata
1035 1009 1121 1049 per
1149 999 1252 1038 vota
1280 1008 1420 1049 expe-

287 1067 470 1108 diantur
510 1070 552 1108 et
594 1067 657 1108 sic
698 1067 1054 1119 subsequenter.
1107 1067 1283 1118 Quibus
1322 1067 1420 1120 qui-

287 1138 390 1178 dem
411 1138 528 1179 votis
549 1138 717 1179 auditis
739 1140 784 1179 et
804 1141 851 1179 ut
873 1139 937 1179 sic
959 1138 1022 1179 ibi
1043 1138 1288 1192 conclusis,
1311 1151 1420 1191 que-

286 1209 397 1250 libet
427 1208 558 1250 nacio
588 1208 777 1261 deputet
808 1208 923 1251 duos
952 1208 1186 1251 notabiles
1215 1210 1290 1250 vel
1321 1210 1420 1262 plu-

287 1292 375 1329 rcs,
402 1279 520 1320 inter
545 1292 660 1331 quos
685 1280 831 1321 eciam
857 1280 916 1321 sit
938 1292 1058 1322 unus
1080 1279 1298 1322 >dominus
1325 1293 1420 1322 car-

286 1349 468 1401 dinalis,
491 1351 527 1391 si
551 1350 728 1392 eisdem
749 1351 948 1402 placeat;
972 1350 1049 1403 qui
1071 1363 1234 1393 omnes
1254 1351 1314 1393 ad
1335 1351 1420 1393 hoc

286 1421 551 1473 specialiter
591 1420 798 1474 deputati
839 1421 1084 1463 conferant
1123 1421 1181 1464 ad
1222 1422 1419 1463 invicem

284 1494 328 1532 ct
360 1491 638 1533 concordant
668 1495 771 1534 vota
802 1495 847 1534 et
879 1491 1251 1534 deliberaciones
1283 1492 1420 1535 dicta—

285 1575 384 1602 rum
419 1562 663 1603 nacionum
699 1575 840 1616 super
874 1563 1118 1616 premissis
1151 1567 1259 1605 tun-c
1291 1563 1420 1605 habi-

284 1635 352 1674 tas
382 1645 463 1674 seu
490 1633 661 1686 habita,
690 1633 751 1675 ita
780 1633 916 1687 quod,
942 1634 983 1676 si
1011 1634 1103 1677 sint
1130 1634 1316 1677 diversa
1343 1635 1418 1676 vel

284 1703 495 1756 adversa,
520 1707 740 1756 quantum
766 1707 985 1757 poterunt
1007 1705 1259 1758 commode,
1283 1705 1419 1747 redu-

283 1777 387 1816 cant
405 1775 462 1816 ad
483 1775 774 1817 concordiam
797 1778 841 1817 et
862 1775 1032 1817 deinde
1056 1777 1120 1818 sic
1141 1776 1417 1819 concordata

282 1857 366 1897 per
395 1857 474 1887 eos
504 1846 670 1887 iterum
699 1846 909 1888 referant
936 1851 982 1890 et
1009 1848 1165 1900 legant
1193 1847 1239 1888 in
1266 1847 1418 1889 nacio-

282 1916 432 1968 nibus,
468 1920 516 1959 ut
552 1917 661 1958 inde
699 1920 920 1970 sequatur
957 1930 1148 1960 concors
1185 1917 1418 1960 conclusio

283 1987 486 2028 omnium
540 1988 785 2029 nacionum
840 1991 884 2030 et
938 2001 1134 2041 quorum
1186 1988 1416 2031 interesse

282 2060 445 2110 potest,
488 2057 549 2100 ita
594 2059 717 2110 quod
758 2071 851 2100 non
893 2062 1038 2101 restet
1079 2059 1170 2102 nisi
1213 2059 1417 2102 tenenda

282 2128 443 2181 sessio,
474 2129 660 2181 quando
688 2129 962 2172 nacionibus
992 2133 1038 2172 et
1066 2130 1418 2183 presidentibus

284 2198 464 2241 videtur
494 2200 733 2252 expedire.

459 2282 614 2324 Placet
648 2283 885 2336 articulus,
917 2287 1055 2336 prout
1086 2283 1217 2326 iacet.

371 2364 448 2405 De
498 2364 992 2417 presidentibus
1038 2366 1384 2420 nacionis,“)

374 2446 485 2488 Item
518 2447 703 2500 quando
735 2448 910 2502 aliquid
941 2450 1031 2491 erit
1060 2449 1417 2502 proponendum

284 2517 327 2557 in
355 2518 548 2559 nacione
576 2518 633 2560 ad
660 2519 1033 2573 deliberandum,
1060 2533 1247 2573 semper
1272 2520 1417 2573 presi-

282 2587 398 2630 dens
427 2589 650 2642 nacionis,
679 2593 727 2632 ut
755 2590 1050 2644 premittitur,
1079 2592 1153 2633 vel
1180 2591 1317 2645 alius,
1344 2591 1417 2632 cui

283 2659 382 2711 ipse
406 2659 451 2700 in
474 2659 691 2712 iunxerit,
708 2660 785 2713 qu=i
802 2660 1018 2704 videlicet
1034 2661 1259 2715 interfuit,
1276 2674 1418 2715 quan-

283 2729 339 2770 do
368 2730 561 2772 materia
589 2730 855 2773 avisabatur
881 2744 968 2784 per
994 2732 1114 2786 illos,
1142 2733 1220 2786 qui
1247 2733 1307 2775 ad
1332 2733 1417 2774 hoc

283 2804 387 2843 sunt
412 2800 634 2854 deputati,
660 2801 776 2844 sicut
799 2806 869 2845 est
894 2803 941 2844 in
965 2803 1067 2845 loco
1092 2803 1416 2857 deputatorum

281 2871 571 2922 generalium
608 2873 683 2915 vel
720 2873 1079 2916 reformatorum
1114 2875 1190 2916 vel
1225 2873 1417 2927 deputra-

281 2944 430 2982 torum
458 2942 823 2996 particularium,
848 2944 1105 2986 »secundum
1132 2945 1256 2998 quod
1283 2958 1416 2988 casus

1491 254 1548 296 sit
1576 267 1827 298 concursus
1855 290 1864 299 .
1900 290 1909 299 .
1944 291 1953 300 .

1492 396 1811 440 cardinalium.

1552 575 1666 617 Item
1700 609 1708 617 .
1745 609 1753 617 .
1789 609 1797 618 .

1492 1353 1644 1405 placet
1681 1387 1690 1395 .
1726 1387 1735 1395 .
1770 1387 1779 1396 .

1492 1495 1772 1539 concordent
1809 1530 1817 1538 .
1853 1529 1862 1538 .
1897 1530 1906 1538 .

1489 2131 1838 2183 presidentibus
1862 2136 1913 2176 et
1937 2133 2058 2176 naci-

1489 2202 1657 2245 onibus
1703 2203 1938 2246 videbitur
1980 2216 2058 2246 ex-

1489 2272 1667 2325 pedire.

1552 2450 1664 2494 Item
1698 2485 1706 2493 .
1742 2485 1750 2493 .
1787 2485 1795 2494 .

389 3051 418 3073 a)
442 3047 486 3072 Hs
507 3046 784 3073 res«›summi-inni.
848 3048 879 3076 b)
902 3048 947 3074 Hs
969 3047 1126 3082 ipsorum.
1149 3047 1311 3075 Verbum?
1369 3054 1397 3078 c>
1422 3049 1481 3076 Am
1504 3049 1625 3075 Raude.
