2102 3444
316 128 398 170 70ss
751 123 814 156 111.
850 120 1057 155 Abs—chniu.
1100 118 1252 152 Reform
1286 118 1362 151 und
1396 115 1645 162 Verfassung.

318 244 444 285 libito
490 256 572 283 suo
618 239 889 292 temporalia
937 236 1139 279 omnium
1182 234 1503 289 ecclesiarum,
1549 235 1674 288 quod
1716 238 1872 278 tamen
1917 235 2081 278 iuriste

316 317 497 365 negant,
530 312 603 364 qui
639 311 804 357 dicunt,
838 308 959 360 quod
993 319 1113 359 papa
1146 319 1238 348 non
1271 309 1422 358 potest
1455 318 1524 359 ea,
1558 318 1642 359 per
1675 318 1766 359 que
1798 306 2081 349 universalis

315 388 457 426 status
500 382 693 423 ecclesie
739 381 810 421 vel
859 379 1179 419 immutaretur
1220 378 1294 418 vel
1338 376 1701 420 decoloraretur.
1756 377 1887 429 Quod
1928 380 2082 419 autem

314 455 509 495 ecclesia
545 454 626 493 lio(-
661 450 818 504 possit,
855 462 1004 501 nemo,
1039 452 1088 491 ut
1122 451 1246 501 puto,
1278 460 1395 490 sane
1432 448 1599 490 mentis
1634 451 1840 502 negaret.
1887 448 1935 492 si
1968 461 2081 491 vero

313 526 456 566 eciam
497 522 648 575 specie
687 522 929 572 differunt,
968 519 1075 572 quia
1114 518 1329 560 videlicet
1366 531 1459 560 una
1497 522 1567 560 est
1603 522 1837 572 tamquam
1874 522 2080 573 potestas

313 595 510 641 domine,
554 593 631 634 alii
676 604 786 632 vero
829 591 943 632 sicut
986 589 1185 631 ministri
1228 602 1312 631 seu
1350 589 1759 644 administratoris,
1802 593 1923 644 tunc,
1966 590 2080 633 sICut

312 664 495 705 (lomina
524 663 660 705 habet
695 660 1011 715 [potestatem]
1046 660 1341 714 prescribere
1370 661 1521 713 legem
1549 660 1762 703 ministro
1787 663 1833 703 et
1859 673 2079 703 revocare

311 734 763 776 administracionem
797 732 912 785 eius,
946 731 1131 784 quando
1164 732 1274 784 vult,
1307 731 1369 773 ita
1401 731 1570 784 poterit
1600 731 1800 774 ecclesia
1831 730 1988 774 face-re
2021 731 2079 773 de

311 817 445 857 papa:
493 805 609 846 alias
641 816 731 845 non
765 803 913 855 video,
947 814 1090 854 quare
1123 814 1244 855 papa
1276 801 1471 844 deberet
1503 802 1591 844 dici
1624 803 1837 844 minister
1867 802 2079 856 ecclesie,

309 888 460 927 ymmo
483 888 600 927 eque
626 874 840 916 dominus
864 874 939 915 vel
962 872 1107 925 magis
1132 885 1269 925 quam
1293 872 1505 915 ecclesia.
1541 873 1632 914 Nec
1656 873 1820 927 obstat,
1845 873 1968 926 quod
1992 874 2078 916 iste

310 946 518 987 minister
538 946 595 987 sit
617 946 748 987 datus
770 944 966 986 ecclesie
989 957 1016 986 a
1035 956 1208 996 sponso
1228 957 1325 997 suo,
1348 943 1522 986 scilicet
1545 943 1742 997 Christo,
1763 944 1886 998 quia,
1907 956 1968 986 ex
1988 956 2078 997 quo

308 1016 517 1059 Christus
548 1016 673 1058 dedit
702 1016 899 1057 ecclesie
931 1015 1096 1067 legem,
1126 1027 1262 1067 quam
1293 1027 1378 1056 nec
1409 1015 1498 1067 ipsi
1529 1027 1614 1056 nec
1644 1014 1780 1057 ali-cui
1811 1014 1868 1057 de
1898 1015 2078 1057 familia

307 1087 406 1129 eius
439 1087 543 1128 licet
575 1087 821 1139 preterire,
854 1086 1080 1139 permisit,
1114 1086 1236 1138 quod
1270 1085 1327 1127 de
1360 1085 1542 1138 cetenis,
1575 1098 1663 1139 que
1696 1098 1789 1128 non
1818 1088 1929 1128 sunt
1959 1098 2077 1128 com-

306 1158 538 1210 prehensa
571 1158 617 1198 in
647 1170 705 1199 ea
739 1158 856 1210 lege,
890 1157 964 1198 vel
998 1169 1090 1198 non
1123 1159 1284 1209 aperte
1319 1156 1642 1210 determinata,
1672 1169 1849 1210 sponsa
1879 1157 2078 1210 prescri-

307 1229 435 1270 beret
466 1229 614 1281 legem
644 1232 734 1270 tam
767 1227 1021 1270 universali
1052 1228 1264 1269 ministro
1295 1239 1433 1280 quam
1462 1227 1823 1280 particularibus
1852 1231 1898 1270 et
1926 1227 2076 1270 deter-

306 1300 515 1350 mInarct,
546 1302 681 1352 prout
708 1299 799 1340 sibi
830 1298 1086 1350 videretur;
1119 1311 1205 1339 nec
1234 1299 1331 1340 ulla
1361 1298 1464 1351 lege
1495 1298 1746 1352 prohibuit,
1777 1299 1889 1352 quin
1918 1301 2077 1352 posset

306 1370 558 1422 quemlibet
586 1382 746 1411 eorum
775 1382 995 1411 revocare
1019 1373 1069 1412 et
1091 1369 1378 1411 substituere
1408 1369 1564 1422 alium,
1589 1369 1710 1412 sicut
1736 1382 1830 1411 uno
1856 1382 1882 1411 a
1909 1371 2076 1412 natura

305 1445 530 1493 revocato,
564 1441 648 1482 hoc
684 1443 753 1482 est
788 1440 1020 1493 defuncto,
1055 1440 1214 1493 voluit,
1249 1440 1372 1492 quod
1405 1443 1565 1493 posset
1595 1440 1881 1482 substituere
1916 1440 2074 1482 alium.

304 1512 524 1553 Preterea
556 1511 593 1553 si
626 1511 727 1564 ipse
761 1511 973 1552 minister
1004 1513 1157 1564 potest
1188 1523 1214 1553 a
1242 1523 1296 1552 se
1330 1523 1551 1553 revocare
1580 1514 1631 1553 et
1662 1522 1887 1565 separare
1917 1510 2074 1553 huius-

302 1583 422 1624 modi
442 1586 715 1635 potestatem
739 1581 1094 1624 administrandi
1112 1581 1290 1624 scilicet
1310 1582 1520 1624 cedendo
1538 1582 1744 1636 papatui,
1763 1582 1909 1625 multo
1927 1582 2074 1636 magi-s

303 1653 470 1705 poterit
501 1652 687 1695 domina
719 1654 776 1695 ab
807 1653 910 1706 ipso
941 1665 1044 1695 eam
1077 1665 1316 1706 separare,
1350 1653 1460 1706 quia
1490 1665 1584 1695 non
1616 1653 1757 1695 debet
1786 1653 1934 1706 magis
1964 1663 2071 1695 esse

301 1736 422 1776 papa
451 1724 497 1764 in
528 1727 753 1776 potestate
786 1724 955 1767 suimet
984 1736 1121 1776 quam
1153 1723 1365 1778 ecclesie,
1392 1724 1526 1766 cuius
1554 1727 1602 1766 et
1632 1723 1844 1766 minister
1872 1726 1919 1766 et
1947 1735 2071 1777 pars.

302 1795 536 1847 Preterea,
563 1794 599 1836 si
628 1798 732 1836 sunt
758 1795 942 1837 diverse
971 1795 1057 1836 iste
1079 1797 1351 1848 potestates,
1378 1795 1475 1837 sive
1499 1794 1730 1838 differ-ant
1752 1807 1951 1837 numero
1974 1797 2072 1837 tan-

301 1868 393 1905 tum
419 1865 515 1907 sive
538 1878 644 1918 non,
668 1868 774 1907 tunc
796 1866 870 1907 vel
891 1869 1001 1908 sunt
1021 1866 1218 1918 equales
1242 1866 1316 1907 vel
1338 1865 1603 1918 inequales3
1628 1866 1667 1907 si
1688 1865 1950 1919 inequales,
1974 1865 2069 1918 ill-a,

300 1948 388 1987 que
422 1939 491 1978 est
525 1936 684 1988 maior,
719 1939 788 1978 est
822 1936 1054 1989 superior:
1090 1948 1202 1990 ergo
1236 1949 1329 1978 non
1363 1939 1433 1979 est
1466 1936 1513 1978 in
1547 1939 1743 1989 utroque
1777 1935 2069 1990 „-suprema“‚

301 2006 423 2058 quod
451 2019 543 2048 non
573 2010 642 2049 est
668 2007 717 2048 in
745 2010 942 2060 utroque
971 2007 1217 2060 plenitudo
1243 2007 1499 2061 potestatis,
1527 2007 1619 2050 nisi
1650 2007 1841 2062 dic-atur,
1871 2007 1995 2061 quod
2021 2006 2070 2048 in

301 2080 494 2129 utroque
521 2078 762 2130 plenitudo
789 2090 870 2122 sue
898 2079 1154 2131 potestatis,
1182 2078 1305 2131 quod
1331 2078 1448 2120 niihil
1472 2081 1547 2120 est
1567 2078 1743 2132 dicere,
1768 2077 1878 2131 quia
1904 2077 2068 2120 eodem

299 2148 434 2189 modo
463 2148 508 2189 in
538 2148 745 2200 quolibet
772 2149 992 2202 episcopo
1017 2154 1065 2192 et
1094 2149 1305 2202 quolibet
1332 2152 1490 2191 curato
1519 2151 1645 2192 esset
1671 2149 1916 2202 plenitudo
1942 2151 2068 2202 pote-

299 2217 467 2271 dicere,
501 2219 607 2271 quia
639 2219 803 2261 eodem
835 2220 971 2261 modo
1004 2220 1050 2261 in
1083 2220 1292 2273 quolibet
1323 2223 1480 2262 curato
1511 2223 1639 2262 esset
1668 2219 1913 2273 plenitudo
1942 2222 2067 2274 pote-

298 2289 439 2331 statis.
482 2288 527 2330 Si
559 2302 669 2331 vero
700 2293 804 2332 sunt
835 2291 1043 2343 equales,
1075 2290 1298 2344 sequitur,
1329 2291 1466 2344 quod,
1495 2291 1615 2334 sicut
1642 2290 1887 2333 concilium
1913 2292 2066 2344 potest
2100 2342 2102 2345 Ι

297 2371 517 2411 separare
549 2363 592 2401 et
624 2360 988 2403 iurisdictionem
1015 2365 1063 2403 et
1091 2361 1422 2404 execucionem
1453 2374 1479 2404 a
1509 2374 1645 2415 papa,
1675 2360 2064 2414 quemadmodum

298 2430 465 2471 iactum
502 2434 571 2472 est
606 2432 663 2473 ab
698 2432 782 2473 hoc
819 2432 1013 2474 concilio
1049 2431 1401 2475 Constanciensi
1441 2432 1554 2487 (nisi
1588 2432 1676 2475 iste
1714 2434 1920 2474 assertor
1954 2430 2065 2474 velit

297 2512 509 2541 asserere
532 2501 558 2542 J
562 2501 791 2543 ohannem
813 2515 906 2543 non
926 2515 1031 2545 esse
1053 2503 1314 2556 depositum
1338 2503 1421 2546 sed
1442 2510 1548 2545 esse
1569 2503 1718 2545 adhuc
1736 2515 1920 2556 papam,
1942 2500 2063 2556 quod

296 2583 385 2611 non
417 2571 592 2624 credo),
623 2571 683 2614 ita
712 2585 833 2625 papa
862 2577 1015 2626 potest
1045 2586 1267 2626 separare
1299 2586 1324 2615 a
1354 2574 1549 2616 concilio
1578 2573 1675 2616 sive
1706 2573 1764 2615 ab
1791 2572 1991 2615 ecclesia
2018 2573 2094 2614 et·

294 2640 657 2683 iurisdictionem
697 2646 742 2685 et
781 2644 1125 2698 execucionem,
1165 2644 1288 2697 quod
1328 2647 1397 2687 est
1436 2646 1595 2686 contra
1632 2644 1832 2697 primam
1867 2641 2062 2687 asserci-

295 2724 443 2753 onem.
480 2712 700 2755 Preterea
724 2715 854 2756 nullo
877 2717 1086 2767 tempore
1108 2717 1218 2756 sunt
1241 2715 1435 2767 equales
1459 2715 1546 2757 ist-e
1570 2717 1838 2767 potestates.
1874 2714 1995 2767 Ergo
2017 2715 2063 2756 et

294 2794 583 2834 consequens
616 2784 852 2837 probatur,
886 2785 1008 2837 quod
1040 2797 1162 2838 pap-a
1194 2785 1398 2838 legitime
1431 2784 1704 2838 presidente
1736 2788 1781 2827 et
1811 2784 2062 2836 residente,

295 2851 393 2903 ipse
427 2853 565 2896 habet
600 2858 644 2896 et
677 2854 1043 2907 jurisdictionem
1074 2859 1122 2897 et
1154 2855 1483 2898 execucionem
1517 2859 1563 2898 et
1594 2868 1688 2897 non
1721 2855 1981 2909 concilium,
2013 2855 2062 2896 ut

295 2924 389 2965 vult
411 2923 455 2964 3ιῚ
480 2924 695 2977 assercio,
719 2925 820 2977 ipso
842 2938 953 2967 vero
974 2939 1067 2968 non
1090 2927 1295 2979 legitime
1318 2926 1588 2979 presidente
1612 2926 1687 2968 vel
1708 2938 1802 2968 non
1823 2925 2059 2968 residente

295 2993 535 3035 concilium
574 2995 713 3038 habet
750 2999 795 3037 et
833 2996 1198 3039 iurisdictionem
1235 3000 1282 3039 et
1316 3000 1469 3050 potest
1503 3009 1674 3050 papam
1706 2996 1948 3050 vdeponere
1985 2993 2059 3038 vel
