2227 3434
216 134 255 172 C.
296 136 373 171 Der
397 134 637 171 literarische
663 133 807 179 Kampf
831 145 893 170 um
921 135 984 169 <lie
1010 132 1183 178 Stellung
1209 133 1278 169 des
1305 131 1464 177 Papstes
1489 144 1573 168 zum
1603 132 1748 168 Konzil.
1782 133 1864 176 ’707

99 255 265 297 saltem
290 254 533 296 declarare
559 255 710 308 ipsum
737 253 998 307 depositum
1024 265 1145 306 esse,
1171 255 1220 295 ut
1245 251 1446 295 inferius
1470 255 1699 305 tangetur.
1737 251 1866 302 Quod

98 337 196 367 non
222 328 376 378 potest
410 337 544 378 papa.
594 325 737 377 Igitur
770 327 853 366 etc.
902 324 1125 366 Preterea
1158 323 1387 376 quomodo
1420 325 1571 376 potest
1606 322 1709 375 dici,
1744 322 1866 375 quod

99 395 191 438 sint
215 396 424 449 equales,
451 396 560 448 quia
586 407 708 448 papa
735 395 939 448 legitime
962 394 1236 447 presidente
1262 397 1309 436 et
1334 393 1570 435 residente
1597 405 1690 434 non
1718 393 1867 435 solum

98 479 192 508 non
226 470 298 508 est
334 466 517 519 equalis
551 469 758 519 potestas
795 465 842 506 in
877 477 1001 518 papa
1037 469 1082 507 et
1118 465 1166 506 in
1202 464 1399 506 ecclesia
1437 463 1678 516 militante,
1714 475 1867 516 ymmo

97 537 245 578 eciam
272 549 367 579 non
394 539 467 578 est
493 536 674 589 equalis
705 536 751 577 in
779 536 978 577 ecclesia
1006 535 1232 577 militante
1261 538 1307 577 et
1337 535 1429 577 alio
1458 535 1621 587 quovis
1649 533 1868 587 episcope

98 607 371 661 presidente
410 607 607 649 ecclesie
648 606 933 659 particulari,
974 606 1081 658 quia
1122 605 1228 647 talis
1270 606 1520 658 episcopus
1561 607 1713 658 potest
1754 604 1866 646 dare

99 678 263 720 saltem
287 677 365 719 XL
392 677 494 720 dies
518 677 575 718 de
601 676 924 730 indulgenciis,
951 676 1148 718 ecclesia
1173 688 1285 718 vero
1309 675 1593 717 universalis
1618 687 1704 716 nec
1727 686 1866 716 unam

99 748 221 791 diem
249 751 400 802 potest
430 747 545 790 dare
572 747 827 789 secundum
855 747 967 789 istas
997 741 1304 799 asserciones,
1335 746 1443 799 quia
1472 750 1579 789 tunc
1606 758 1700 787 non
1728 745 1868 787 habet

98 819 440 861 execucionem.
485 818 540 860 Et
573 819 611 861 si
645 817 836 871 dicatur,
868 817 991 870 quod
1023 817 1105 859 illa
1136 820 1343 870 potestas
1372 820 1443 859 est
1474 816 1521 858 in
1552 816 1728 870 habitu,
1760 816 1867 858 licet

97 902 189 932 non
218 889 265 931 in
295 892 411 942 actu,
441 888 719 942 respondeo,
751 888 873 941 quod
903 888 1078 930 frustra
1108 891 1179 930 est
1206 888 1584 940 calceamentum,
1614 887 1745 928 cuius
1774 898 1867 928 non

96 963 168 1003 est
197 960 432 1012 calciator;
464 963 511 1002 et
538 972 632 1001 non
661 971 802 1012 posse
831 959 964 1000 exire
996 959 1043 1000 in
1075 961 1238 1011 actum,
1269 958 1481 1001 defectus
1509 961 1582 1000 est
1611 957 1867 1011 potestatis.

97 1031 345 1085 Quando,⁰)
372 1031 412 1073 si
437 1043 560 1084 papa
583 1033 734 1084 potest
759 1029 1026 1083 prohibere,
1053 1027 1138 1083 eth)
1167 1029 1367 1071 ecclesia
1393 1041 1478 1072 seu
1502 1029 1749 1070 concilium
1774 1040 1868 1069 non

98 1104 251 1155 potest
270 1102 357 1143 hoc
378 1101 436 1143 de
456 1113 593 1154 papa,
616 1100 916 1143 manifestum
937 1103 1022 1153 est,
1044 1099 1168 1153 quod
1190 1099 1337 1141 maior
1358 1102 1430 1140 est
1450 1102 1656 1152 potestas
1679 1099 1726 1139 in
1747 1111 1868 1152 papa

98 1184 235 1225 quam
259 1172 307 1213 in
330 1172 527 1214 ecclesia
551 1174 595 1214 et
619 1174 960 1224 consequenter
984 1183 1077 1212 non
1101 1174 1172 1213 est
1195 1170 1242 1211 in
1265 1173 1461 1223 utroque
1487 1182 1720 1222 suprema,
1746 1168 1867 1222 quod

98 1247 169 1286 est
201 1246 360 1285 contra
394 1243 700 1284 asserciones.
749 1241 882 1284 Circa
913 1241 1104 1283 terciam
1139 1241 1454 1283 assercionem
1487 1239 1712 1293 queritur,
1747 1239 1869 1292 quod

99 1313 366 1367 significent
404 1313 491 1355 ista
531 1313 676 1355 verba
717 1313 951 1366 „legitime
993 1311 1308 1365 presidente“.
1362 1311 1526 1354 Utrum
1565 1310 1868 1363 intelligatur,

98 1384 222 1437 quod
257 1383 314 1427 sit
350 1383 581 1437 legitimus
616 1395 738 1436 papa
773 1386 819 1425 et
855 1382 1058 1436 legitime
1093 1382 1298 1424 electus?
1350 1378 1405 1425 Et
1441 1381 1695 1424 secundum
1730 1380 1867 1422 istum

99 1454 384 1497 intellectum
407 1467 501 1496 non
527 1454 699 1508 dubito,
726 1453 849 1507 quod
875 1453 1088 1495 dominus
1114 1456 1320 1495 assertor
1345 1456 1594 1506 assereret,
1620 1451 1743 1504 quod
1768 1451 1869 1492 Bal-

99 1525 252 1578 dazar,
292 1525 402 1567 olim
442 1525 696 1578 Johannes,
737 1524 941 1577 legitime
981 1523 1266 1577 presidebat,
1306 1524 1431 1578 nece)
1475 1523 1646 1576 aliquis
1687 1523 1744 1564 de
1784 1533 1869 1564 sua

99 1595 388 1649 obediencia,
419 1596 497 1649 qui
528 1595 744 1638 habuerit
773 1607 879 1636 eum
910 1608 995 1648 pro
1023 1607 1161 1648 papa,
1191 1594 1277 1636 hoc
1307 1596 1514 1647 negaret.
1557 1594 1630 1635 An
1660 1605 1772 1635 vero
1804 1593 1869 1634 in-

98 1666 336 1720 telligatur
369 1667 603 1720 „legitime
638 1664 1001 1719 presidente“d):
1040 1665 1159 1707 iuste
1195 1669 1241 1708 et
1276 1665 1364 1707 rite
1399 1664 1766 1707 administrante.
1815 1664 1870 1706 Et

99 1736 353 1779 secundum
382 1737 467 1779 hoc
495 1741 620 1791 put0,
651 1736 775 1790 quod
802 1749 940 1779 nemo
967 1739 1038 1778 est
1067 1739 1158 1778 tam
1187 1735 1399 1789 perditus
1428 1738 1474 1777 et
1502 1738 1595 1777 tam
1623 1735 1869 1777 dolorosus

99 1807 157 1849 de
187 1808 335 1861 ipsius
364 1807 714 1861 dampnacione,
743 1807 821 1860 qui
848 1807 934 1849 hoc
963 1807 1020 1849 de
1050 1819 1106 1849 eo
1135 1806 1330 1849 auderet
1359 1818 1588 1848 asserere.
1631 1805 1869 1858 Capiendo

100 1879 240 1932 igitur
258 1878 460 1932 primum
481 1878 682 1932 modum,
705 1890 866 1931 quero,
889 1878 992 1931 quis
1014 1878 1105 1919 erit
1126 1877 1297 1920 iudex‘?
1335 1876 1383 1920 Si
1407 1877 1597 1929 dicatur,
1620 1876 1744 1930 quod
1766 1888 1869 1918 con-

99 1949 268 2003 cilium,
301 1950 410 2003 quia
437 1949 487 1991 *in
520 1949 600 1991 tali
633 1961 773 1991 eausa
802 1948 943 1991 habet
973 1948 1319 2001 execucionem,
1351 1951 1458 1990 tunc
1490 1947 1713 2000 sequitur,
1747 1945 1869 2000 quod

99 2020 343 2062 concilium
366 2019 498 2074 illud,
520 2020 645 2073 quod
666 2032 760 2062 non
784 2019 963 2062 dubitat
985 2019 1042 2061 de
1068 2019 1238 2072 aliquo,
1260 2021 1414 2060 utrum
1438 2019 1496 2060 sit
1518 2030 1641 2071 papa
1663 2018 1737 2059 vel
1760 2030 1868 2070 non,

98 2090 239 2133 habet
263 2091 415 2144 ipsum
438 2103 524 2144 pro
546 2103 660 2133 vero
683 2102 805 2143 papa
827 2102 914 2132 nec
937 2093 1147 2132 movetur
1171 2089 1260 2131 sibi
1285 2089 1470 2142 questio
1492 2088 1549 2131 de
1572 2088 1706 2131 titulo
1726 2100 1869 2141 papa-

99 2164 172 2204 tus
190 2166 266 2205 ⁴set
287 2162 436 2204 solum
460 2161 518 2203 de
540 2161 639 2214 hoc,
663 2164 711 2203 ut
734 2161 854 2203 alius
876 2160 1010 2203 cedat
1031 2160 1257 2214 putativo3
1282 2163 1387 2201 tunc
1411 2159 1450 2202 si
1471 2159 1551 2201 ille
1575 2159 1763 2201 rennuit
1783 2159 1869 2200 hoc

99 2231 272 2285 facere,
294 2244 387 2274 non
411 2231 580 2285 poterit
604 2231 848 2273 concilium
871 2231 1128 2284 procedere
1154 2233 1312 2273 contra
1337 2243 1443 2272 eum
1466 2233 1687 2283 tanquam
1711 2232 1868 2272 contra

100 2302 330 2345 fautorem
367 2301 607 2355 scismatis,
645 2301 768 2355 quod
805 2305 875 2344 est
911 2304 1069 2343 contra
1107 2301 1416 2343 determinata
1453 2303 1499 2342 et
1534 2301 1786 2354 practicata
1820 2299 1868 2341 in

99 2373 188 2415 isto
217 2372 424 2415 concilio.
467 2372 514 2415 Si
545 2384 657 2414 vero
687 2372 894 2426 capiatur
926 2371 1131 2414 secundo
1162 2371 1297 2413 modo
1328 2371 1562 2424 „legitime
1593 2370 1867 2424 presidere“

98 2443 315 2487 videlicet
344 2455 429 2497 pro
460 2444 579 2485 iuste
608 2446 655 2485 et
683 2443 769 2485 rite
800 2443 1142 2497 administrare,
1173 2454 1332 2495 quero,
1361 2441 1491 2484 cuius
1519 2442 1610 2484 erit
1639 2442 1724 2483 hoc
1755 2440 1868 2482 iudi-

97 2513 231 2567 cium,
257 2516 412 2555 utrum
443 2513 507 2556 sic
536 2513 829 2556 administret
856 2514 930 2555 vel
960 2513 1084 2555 non‘?
1127 2512 1174 2555 Si
1206 2512 1397 2566 dicatur,
1427 2512 1550 2565 quod
1577 2524 1701 2565 papa
1729 2511 1868 2553 habet

99 2584 184 2626 hoc
214 2583 435 2637 iudicare,
464 2584 720 2626 verisimile
752 2587 835 2636 est,
867 2583 990 2637 quod
1022 2595 1208 2636 semper
1239 2583 1361 2625 feret
1392 2583 1669 2625 sententiam
1700 2595 1786 2635 pro
1816 2594 1866 2623 se

99 2658 146 2698 et
183 2657 525 2708 consequenter
565 2654 789 2708 quidquid
831 2653 982 2707 faciat,
1025 2666 1211 2707 sem-per
1252 2653 1455 2707 legitime
1496 2652 1768 2706 presidebit.
1820 2651 1867 2693 Si

100 2727 253 2767 autem
277 2725 370 2767 erit
396 2724 615 2766 iudicium
642 2724 837 2778 concilii,
866 2727 972 2766 tunc
998 2724 1044 2766 in
1071 2726 1298 2777 potestate
1325 2723 1506 2765 concilii
1535 2723 1637 2776 erit,
1664 2721 1867 2775 quando-

100 2807 281 2848 cunque
301 2795 513 2848 voluerit,
534 2795 720 2848 privare
741 2807 910 2848 papam
933 2794 1250 2837 iurisdictione
1270 2797 1316 2836 et
1336 2793 1631 2845 execucione,
1652 2791 1867 2834 faciendo

101 2865 190 2907 sibi
216 2866 393 2908 moveri
420 2877 621 2918 causam,
648 2865 773 2918 quod
799 2865 918 2907 iuste
947 2868 993 2907 et
1018 2864 1104 2907 rite
1134 2863 1439 2916 administret,
1466 2866 1511 2905 et
1539 2862 1737 2904 ferendo
1764 2873 1866 2904 sen-

204 3017 234 3047 a)
258 3016 304 3042 Hs
323 3014 406 3048 solye
427 3015 542 3045 eciam.
618 3015 650 3048 b)
671 3016 718 3043 11⁸
741 3023 790 3041 nc.
863 3016 892 3048 c)
916 3016 961 3042 11⁸
980 3022 1029 3043 ue.
1103 3014 1135 3047 εἰ)
1159 3015 1203 3041 Hs
1223 3013 1306 3047 snlyl
1328 3013 1389 3040 1100
1411 3017 1470 3040 cst.

1570 3083 1652 3124 45*
