2227 3434
517 175 557 209 E.
603 174 733 210 Briefe
765 185 811 209 zu
843 174 1016 209 Reform·
1047 174 1124 208 und
1159 171 1565 217 Verfassungsfragen.
1840 173 1921 216 761

274 293 370 335 Hec
391 293 480 335 tria
499 296 687 346 peccata
709 291 755 334 in
776 294 952 336 tantum
975 295 1080 334 sunt
1100 290 1328 344 completa
1349 293 1396 333 et
1415 293 1683 332 consumata
1705 290 1780 342 ita,
1802 290 1924 342 quod

159 362 333 405 maiora
368 363 444 404 vix
481 375 585 405 esse
621 367 815 415 possent
849 365 893 404 et
927 364 1175 414 aggravata
1211 361 1351 403 nimis
1388 373 1541 403 coram
1578 360 1777 404 domino.
1826 361 1925 402 Non

159 432 283 474 enim
307 432 490 475 invenis
514 432 559 473 in
584 432 928 485 scriptis,·quod
952 444 977 474 a
1001 432 1091 484 die,
1115 444 1206 485 quo
1229 434 1411 473 creatus
1431 434 1506 473 est
1528 430 1690 483 Adam,
1713 430 1925 472 homines

160 503 206 544 in
226 502 365 545 terris
385 502 573 556 gravius
593 502 856 544 offendisse
879 502 1025 543 Deum
1046 514 1184 555 quam
1207 502 1404 544 ecclesia
1427 514 1523 553 sua,
1546 513 1718 554 sponsa
1739 500 1925 552 Christi,

158 572 358 615 offendit
393 585 498 614 eum
534 572 699 615 diebus
734 572 834 615 istis
869 573 1070 625 peccatis
1105 571 1339 625 predictis.
1386 571 1608 613 Nimirum
1642 583 1768 624 ergo,
1804 570 1926 623 quod

160 642 370 685 Christus
395 642 608 695 flagellat
632 655 850 695 sponsam
877 642 1198 695 adulteratam,
1225 655 1362 695 quam
1389 655 1414 684 a
1440 642 1671 695 principio
1695 641 1854 683 mundi
1879 641 1926 682 in

158 725 360 766 persona
391 713 538 766 patris
572 713 618 754 in
650 725 853 765 persona
886 712 975 754 filii
1006 712 1232 754 incarnati
1267 725 1352 766 per
1385 712 1572 754 labores
1604 724 1927 764 erumpnosos,

159 786 353 826 mortem
386 786 432 826 et
460 783 729 836 pas-sionem
761 783 864 825 eius
898 784 944 824 in
977 796 1180 836 persona
1215 783 1406 836 spiritus
1441 782 1584 825 sancti
1615 795 1702 835 per
1735 782 1927 835 angelos

159 866 282 906 suos,
305 854 593 908 patriarchas
617 856 663 896 et
685 853 953 906 prophetas,
978 855 1227 906 apostolos,
1252 854 1482 905 martires,
1505 853 1816 904 confessores,
1839 853 1928 893 vir-

157 925 292 978 gines
312 927 357 967 et
377 924 590 967 doctores
610 927 654 966 et
673 936 759 977 per
779 927 1041 967 sanctorum
1064 937 1251 967 suorum
1274 924 1461 966 labores
1482 927 1529 966 et
1548 923 1788 977 sanguinis
1808 923 1928 964 effu-

159 995 318 1038 siones
347 994 591 1048 acquisivit
617 998 665 1037 et
691 994 930 1038 edificavit
959 995 1017 1037 ab
1047 994 1243 1036 exordio
1271 994 1444 1036 mundi.
1487 994 1533 1036 Si
1565 994 1704 1047 igitur
1731 993 1928 1035 ecclesia

159 1065 245 1108 Dei
275 1078 447 1119 sponsa
476 1065 648 1108 Christi
675 1078 797 1107 nunc
826 1078 911 1118 per
938 1069 1141 1108 vestram
1169 1066 1459 1107 maiestatem
1489 1064 1632 1106 fuerit
1661 1064 1928 1115 reformata,

159 1135 352 1190 potestis
388 1137 558 1178 merito
594 1136 841 1178 sublimari
882 1148 1025 1189 super
1063 1148 1226 1178 omnes
1265 1136 1461 1178 virtutes
1500 1135 1546 1177 in
1586 1135 1725 1178 terris
1763 1137 1810 1177 et
1847 1135 1927 1176 uni

159 1207 418 1260 comparari
458 1207 515 1249 de
553 1206 781 1260 maximis,
820 1207 897 1260 qui
937 1206 1278 1249 edificaverunt
1315 1219 1432 1258 eam,
1473 1207 1581 1259 quia
1618 1219 1712 1248 non
1752 1204 1929 1259 inparis

158 1278 343 1321 virtutis
380 1280 452 1320 est
490 1280 536 1320 et
576 1276 727 1320 meriti
768 1277 948 1331 lapsam
990 1277 1234 1319 ecclesiam
1276 1280 1542 1319 restaurare
1585 1289 1723 1330 quam
1762 1289 1929 1318 novam

159 1347 396 1393 edificare.
438 1348 540 1390 Fiat
571 1348 723 1401 igitur,
751 1351 802 1390 ut
833 1348 1055 1390 memoria
1086 1351 1242 1390 vestra
1270 1360 1363 1390 non
1395 1347 1608 1391 deleatur
1639 1348 1686 1389 in
1718 1350 1929 1389 eternum

160 1431 186 1462 a
205 1419 346 1462 terris
370 1419 453 1462 sed
477 1418 705 1462 scribatur
727 1419 774 1461 in
797 1419 917 1461 libro
939 1418 1198 1461 vivencium
1223 1418 1269 1460 in
1292 1418 1405 1460 celis
1428 1421 1511 1460 etc.

276 1489 323 1533 Si
356 1502 470 1532 vero
501 1489 701 1532 ecclesia
734 1489 819 1531 Dei
851 1502 944 1532 non
978 1489 1121 1532 fuerit
1153 1489 1406 1532 reformata
1441 1489 1497 1531 ab
1532 1488 1632 1531 istis
1663 1488 1930 1542 peccat(is),

158 1559 418 1616 habeat(is)
454 1573 542 1614 pro
576 1560 729 1613 firmo,
766 1560 888 1614 quod
925 1561 970 1602 in
1009 1561 1226 1614 septuplo
1260 1559 1406 1613 magis
1440 1559 1703 1613 puniemur.
1752 1559 1806 1601 Et
1841 1560 1930 1601 erit

160 1631 389 1674 maiestati
428 1634 582 1674 vestre
622 1630 799 1685 grande
837 1631 1111 1685 periculum,
1153 1631 1190 1673 si
1232 1630 1383 1673 audeo
1421 1631 1566 1683 loqui:
1623 1630 1734 1672 Dico
1773 1633 1929 1672 tamen

159 1705 351 1756 propter
384 1702 581 1744 salutem
614 1705 816 1744 vestram
851 1702 1113 1754 maximam,
1148 1701 1254 1755 quia
1289 1702 1468 1754 sagitte,
1502 1713 1590 1754 que
1624 1700 1930 1754 previdentur

159 1775 280 1826 ante,
309 1772 462 1815 caveri
491 1776 699 1826 possunt,
728 1776 776 1815 ut
804 1773 958 1815 minus
987 1772 1155 1815 ferant.
1200 1772 1423 1814 Dominus
1454 1772 1578 1813 enim
1609 1771 1735 1814 Deus
1763 1784 1849 1824 per
1880 1783 1928 1813 se

158 1844 337 1886 locutus
354 1847 428 1887 est
446 1843 666 1897 dicens:¹)
689 1843 735 1886 Si
757 1843 821 1885 sic
840 1856 933 1886 non
954 1843 1138 1885 fueritis
1159 1843 1386 1894 conversi,
1403 1842 1575 1885 addam
1595 1842 1928 1884 correctionem

159 1917 362 1957 vestram
384 1914 432 1956 in
456 1915 719 1968 septuplum
745 1917 790 1956 et
812 1917 1046 1956 conteram
1072 1913 1296 1956 sublimes
1319 1917 1435 1965 tuos,
1462 1914 1506 1955 in
1531 1912 1700 1966 quibus
1719 1912 1930 1955 habebas

159 1985 394 2028 fiduciam.
444 1985 499 2027 Et
535 1984 778 2027 concilium
817 1985 939 2028 istud
977 1984 1283 2038 dissipabitur
1317 1987 1364 2026 et
1400 1983 1730 2037 reprobabitur
1768 1996 1793 2025 a
1831 1983 1930 2024 Deo

160 2056 276 2098 sicut
304 2055 523 2109 scriptum
552 2059 639 2098 est:
683 2055 1060 2109 Apprehendet2)
1093 2055 1330 2108 sapientes
1361 2055 1407 2096 in
1438 2053 1611 2097 astucia
1638 2066 1725 2096 sua
1754 2056 1799 2096 et
1827 2065 1930 2095 con-

158 2125 313 2168 silium
340 2138 590 2179 pravorum
621 2126 829 2179 dissipat.
872 2126 926 2168 Et
955 2125 1140 2168 iterum:
1172 2125 1422 2179 Adducet³)
1454 2124 1746 2167 consiliarios
1777 2127 1928 2167 autem

161 2197 208 2239 in
241 2197 431 2240 stultum
464 2196 626 2249 finem,
660 2200 705 2240 et
737 2209 922 2239 rursum
955 2198 1274 2249 cogitaverunt
1307 2196 1515 2248 consilia,
1549 2208 1639 2249 que
1673 2208 1767 2237 non
1801 2197 1929 2248 potu-

159 2273 295 2312 erunt
324 2267 537 2321 stabiliri,
564 2268 782 2310 dominus
812 2267 1007 2321 dissipat
1037 2267 1230 2310 consilia
1260 2267 1472 2321 gencium
1503 2269 1547 2309 et
1576 2266 1798 2320 reprobat
1825 2278 1929 2307 con-

160 2338 263 2381 silia
287 2338 549 2392 principum
573 2341 657 2381 etc.

278 2408 537 2452 Concordet
573 2408 713 2462 igitur
750 2408 994 2451 concilium
1034 2409 1156 2451 istud
1194 2421 1294 2450 cum
1334 2408 1529 2450 consilio
1565 2407 1651 2449 Dei
1688 2410 1735 2449 et
1771 2406 1927 2448 divina

159 2480 410 2532 voluntate,
434 2482 484 2522 ut
508 2478 704 2522 ecclesia
731 2482 1035 2522 restauretur.
1074 2480 1199 2521 Tunc
1223 2479 1397 2521 tribuet
1420 2478 1503 2520 tibi
1520 2476 1743 2520 vdominus
1770 2489 1929 2519 secun-

161 2549 269 2592 dum
303 2563 381 2592 cor
412 2553 539 2592 tuum
575 2553 621 2592 et
653 2563 788 2592 omne
824 2549 1066 2592 consilium
1101 2553 1229 2592 tuum
1265 2549 1522 2600 confirmet,
1559 2548 1673 2591 sicut
1709 2547 1926 2599 scriptum

161 2621 292 2674 est¹):
316 2621 370 2663 Et
388 2620 438 2662 in
459 2621 557 2663 Deo
578 2620 804 2663 faciemus
824 2620 1037 2663 virtutem
1059 2623 1107 2663 et
1126 2620 1226 2673 ipse
1249 2620 1306 2662 ad
1326 2619 1546 2661 nichilum
1569 2618 1766 2660 deducet
1785 2618 1928 2659 tribu-

161 2691 312 2735 lantes
338 2703 442 2743 nos;
472 2691 605 2744 iuste,
633 2691 755 2744 quod
783 2690 952 2733 iustum
979 2693 1062 2743 est,
1091 2702 1343 2743 exequare,
1372 2689 1486 2731 dixit
1515 2690 1640 2730 Deus
1670 2688 1812 2740 Moysi
1843 2690 1926 2728 ete.

282 2761 603 2804 Illustrissimo
620 2761 819 2815 principi
839 2760 1135 2814 Sigismundo
1154 2760 1251 2813 regi
1271 2760 1596 2810 Romanorum,
1617 2757 1821 2811 Ungarie
1842 2760 1925 2798 etc.

278 2831 394 2874 Data
450 2831 725 2874 Constancie
781 2834 991 2885 tempore
1047 2830 1227 2873 concilii
1284 2830 1520 2883 generalis
1577 2841 1698 2871 anno
1753 2825 1925 2868 domini

161 2901 459 2955 MCCCCXV,
486 2901 742 2944 indiccione
768 2902 897 2954 VIII,
925 2902 982 2944 de
1010 2913 1171 2943 mense
1201 2899 1458 2942 Februarii.

280 3054 311 3097 ¹)
338 3053 438 3088 Nach
467 3053 554 3088 λετ.
579 3052 635 3095 26,
663 3053 715 3087 18.
744 3073 784 3077 -
813 3053 845 3096 ²)
871 3052 944 3087 Job
968 3054 1000 3094 5,
1028 3054 1081 3088 13.
1111 3073 1150 3078 —
1179 3053 1210 3095 ³)
1237 3051 1309 3087 Job
1336 3052 1389 3092 11,
1418 3050 1468 3084 17.
1498 3070 1537 3074 -
1567 3050 1598 3091 11)
1626 3047 1763 3081 Psalm.
1790 3047 1844 3088 59,
1872 3046 1924 3081 14.
