2227 3434
529 139 574 176 A.
612 138 812 176 Fillastres
838 138 956 176 Gesta
981 139 1132 176 concilii
1158 139 1474 176 Constantiensis.
1801 142 1885 186 145

121 258 350 314 impediri,
381 261 736 302 consenserunt.
781 259 868 311 Qui
903 258 941 301 si
974 257 1177 301 fuissent
1211 259 1259 300 in
1293 258 1509 301 libertate
1543 261 1588 301 et
1623 259 1884 312 securitate,

118 330 388 373 nullatenus
413 329 775 372 consensissent.

235 400 293 443 Et
321 399 397 443 die
428 399 657 442 dominica
687 399 809 442 XIX.
841 399 1129 453 Septembris
1160 411 1282 442 anno
1313 398 1486 442 domini
1520 398 1885 442 MCCCC⁰XVII⁰

119 473 165 514 et
191 470 372 514 concilii
397 471 544 513 tercio
570 471 618 512 in
646 470 827 524 palacio
854 470 942 512 fuit
971 470 1215 523 collegium
1244 472 1571 524 congregatum
1598 472 1644 512 et
1671 482 1757 512 rex
1784 482 1886 512 cum

119 541 214 585 illis
241 540 406 595 legatis
433 544 479 583 et
506 541 722 595 pluribus
748 541 957 594 prelatis.
999 540 1114 583 Cum
1143 553 1252 594 rege
1281 540 1679 584 concordaverunt
1707 540 1755 582 in
1782 552 1886 594 pre-

119 611 287 666 missis,
311 611 493 665 fuitque
517 612 635 654 lecta
658 611 808 665 primo
831 611 996 654 cedula
1020 615 1066 653 et
1088 612 1320 665 premissa
1342 623 1428 665 per
1453 611 1730 665 cardinales,
1755 611 1886 654 cuius

118 685 253 726 tenor
281 681 390 725 talis
421 684 509 725 est:

235 752 351 796 Cum
370 765 434 796 ex
459 752 794 796 consuetudine
819 756 903 795 etc.
940 752 1111 795 Deficit
1133 756 1282 795 tenor.

235 824 291 867 Et
314 823 484 867 deinde
508 823 597 866 fuit
618 823 894 866 concordata
917 823 1136 878 amicicia,
1162 823 1219 866 de
1243 836 1335 877 qua
1358 835 1500 877 supra
1523 823 1570 866 in
1592 822 1771 877 cedula,
1794 835 1884 877 que

119 894 295 948 incipit:
335 895 452 947 Quia
479 894 707 937 bonorum
737 894 949 937 laborum
975 894 1208 948 gloriosus
1235 897 1282 936 et
1307 893 1499 947 fructus,
1528 906 1618 948 que
1647 897 1717 937 est
1745 905 1887 948 supra

120 968 226 1008 ante
246 964 394 1008 XXII.
418 965 541 1007 diem
563 964 689 1008 Julii.
725 965 818 1008 Sed
840 968 1088 1018 antequam
1111 965 1193 1007 illa
1216 964 1422 1007 amicicia
1444 965 1770 1018 perficeretur,
1791 977 1887 1007 car-

119 1035 301 1080 dinales
330 1035 522 1078 fuerunt
552 1036 808 1090 protestati,
841 1036 964 1090 quod
994 1037 1151 1089 vigore
1182 1035 1310 1079 illius
1341 1048 1435 1078 non
1465 1035 1771 1078 intendebant
1800 1047 1887 1078 nec

119 1106 337 1150 volebant
360 1107 419 1150 ad
442 1107 620 1160 aliquid
643 1108 810 1160 teneri,
834 1107 958 1160 quod
982 1110 1107 1149 esset
1132 1107 1179 1148 in
1201 1107 1511 1160 preiudicium
1536 1106 1660 1160 regis
1684 1109 1729 1148 et
1753 1106 1886 1160 regni

119 1177 415 1231 Francorum,
448 1181 584 1232 prout
617 1178 763 1221 eciam
797 1177 914 1221 alias
947 1177 1135 1220 fuerant
1166 1177 1422 1231 protestati.
1468 1177 1568 1219 Rex
1601 1177 1730 1230 dixit,
1763 1176 1886 1231 quod

119 1249 264 1292 eciam
285 1249 372 1292 hoc
394 1260 489 1291 non
514 1249 700 1291 volebat
724 1261 879 1302 neque
906 1249 1100 1291 alterius
1126 1248 1250 1302 regis
1277 1248 1605 1301 cuiuscunque,
1631 1247 1715 1291 sed
1739 1248 1885 1290 eciam

117 1330 221 1363 non*
239 1319 440 1373 volebat,
470 1319 594 1373 quod
625 1319 890 1363 cardinales
919 1322 1078 1362 essent
1107 1322 1265 1362 contra
1296 1320 1461 1372 ipsum.
1504 1319 1560 1361 Et
1588 1322 1696 1361 tunc
1725 1330 1811 1360 rex
1841 1320 1886 1361 et

119 1389 380 1434 cardinales
409 1390 576 1433 dictam
605 1390 860 1433 amiciciam
888 1393 933 1433 et
961 1389 1252 1432 concordiam
1281 1390 1555 1432 iuraverunt
1582 1392 1628 1432 et
1655 1388 1887 1431 dederunt

119 1461 325 1516 quelibet
350 1474 462 1516 pars
489 1460 626 1504 alteri
652 1473 795 1515 super
822 1461 907 1504 hoc
934 1461 1114 1504 litteras
1142 1461 1239 1504 suis
1268 1460 1434 1514 sigillis
1462 1459 1704 1513 sigillatas.
1744 1459 1800 1501 Et
1827 1459 1884 1501 de

118 1532 458 1587 protestacione
495 1535 542 1575 et
577 1532 822 1574 concordia
857 1531 1080 1586 predictis
1116 1532 1263 1585 petita
1298 1532 1606 1573 instrumenta
1642 1542 1669 1573 a
1705 1529 1885 1572 duobus

119 1602 417 1657 presentibus
449 1602 645 1646 notariis
679 1602 839 1645 Laban
873 1605 918 1645 et
954 1601 1095 1656 Cyno.
1142 1601 1243 1644 Rex
1279 1604 1432 1644 autem
1466 1600 1679 1655 promisit
1714 1599 1886 1643 accele-

120 1681 225 1717 rare
262 1673 559 1726 eleccionem,
599 1676 820 1727 quantum
857 1675 1030 1727 posset,
1070 1676 1115 1715 et
1154 1672 1398 1715 videbatur
1438 1671 1528 1715 sibi
1567 1673 1613 1714 et
1651 1670 1885 1725 sperabat,

120 1744 242 1798 quod
270 1744 395 1787 infra
424 1744 547 1787 diem
576 1744 853 1786 dominicam
883 1744 1144 1797 proximam
1174 1755 1250 1785 res
1281 1745 1406 1786 esset
1434 1744 1598 1796 parata
1627 1741 1686 1784 ad
1714 1741 1887 1795 eligen-

121 1814 228 1858 dum
253 1827 437 1869 papam.
478 1815 532 1858 Et
559 1816 622 1858 ita
650 1814 903 1868 sperabant
931 1813 1196 1857 cardinales
1224 1825 1383 1867 regem
1410 1815 1779 1866 procurat-urum,
1808 1812 1886 1865 qui

122 1888 227 1928 ante
251 1885 368 1928 illud
389 1885 595 1929 totaliter
618 1885 885 1929 differebat.
923 1884 1015 1928 Sed
1036 1897 1131 1927 non
1154 1885 1233 1937 sic,
1258 1887 1308 1926 ut
1330 1883 1545 1938 probavit
1568 1886 1777 1926 eventus

240 1967 365 2010 Inter
391 1967 477 2010 hec
506 1967 713 2021 deputati
742 1967 988 2009 nacionum
1017 1969 1063 2008 et
1090 1965 1438 2020 cardinaliuma)
1470 1964 1746 2007 revidebant
1774 1963 1888 2005 deli-

122 2036 282 2081 berata
308 2038 356 2081 in
382 2037 656 2080 nacionibus
684 2050 826 2091 super
852 2037 1194 2079 reformacione
1223 2040 1269 2079 et
1296 2049 1366 2090 ea,
1394 2036 1442 2078 in
1470 2035 1640 2089 quibus
1666 2035 1888 2077 naciones

123 2111 254 2151 erant
288 2108 555 2162 concordes,
591 2108 964 2162 sequestrabant,
1001 2120 1058 2150 ea
1091 2120 1218 2160 vero,
1254 2107 1303 2149 in
1340 2106 1509 2160 quibus
1546 2104 1887 2157 discordabant,

124 2177 390 2222 nitebantur
412 2177 709 2222 concordare.

238 2248 338 2292 Rex
370 2252 416 2292 et
448 2248 671 2292 Germani
704 2249 953 2292 voluerunt
987 2249 1098 2292 dare
1133 2261 1254 2291 nova
1287 2247 1488 2301 capitula
1521 2245 1888 2297 reformacionis,

125 2331 209 2373 per
231 2320 354 2374 quod
377 2320 690 2363 differebatur
714 2332 901 2373 semper
923 2319 1174 2362 eleccionis
1197 2319 1406 2361 materia.

239 2390 325 2433 Die
352 2391 570 2433 mercurii
597 2389 787 2446 XX11.b)
818 2389 1106 2444 Septembris
1133 2389 1224 2432 duo
1251 2388 1514 2432 cardinales
1542 2391 1588 2430 et
1613 2386 1759 2441 aliqui
1784 2398 1888 2441 pre-

125 2459 204 2502 lati
233 2463 547 2504 tractaverunt
575 2473 677 2503 cum
708 2460 874 2514 legatis
905 2460 1108 2503 Castelle
1141 2460 1198 2502 de
1232 2459 1417 2502 redditu
1448 2459 1495 2501 in
1527 2471 1611 2512 spe
1643 2456 1886 2501 concordie

123 2541 224 2573 cum
254 2529 636 2585 Aragonensibus
669 2534 714 2574 et
747 2530 1176 2585 Portugalensibus.
1223 2530 1276 2572 Et
1309 2529 1599 2572 reduxerunt
1632 2540 1727 2571 eos.
1777 2527 1887 2569 Illos

125 2601 279 2644 tamen
305 2613 400 2644 non
426 2605 677 2656 potuerunt
703 2601 1000 2654 concordare,
1027 2603 1220 2655 propter
1249 2599 1372 2654 quod
1400 2602 1445 2643 et
1472 2600 1694 2642 naciones
1722 2600 1768 2640 et
1795 2610 1890 2640 car-

126 2669 306 2715 dinales
338 2671 569 2715 dederunt
601 2672 845 2726 deputatos
879 2671 937 2715 ad
970 2670 1291 2714 terminandas
1321 2670 1592 2724 questiones
1626 2668 1748 2711 inter
1781 2668 1888 2710 illos

127 2740 369 2785 concordia
391 2743 466 2785 vel
491 2741 676 2785 iudicio.

243 2810 329 2856 Die
358 2813 546 2855 veneris
576 2812 774 2855 XXIIII.
806 2812 1095 2866 Septembris
1126 2811 1246 2854 sedit
1276 2811 1521 2854 concilium
1553 2811 1655 2853 sine
1688 2808 1890 2853 solenni-

130 2882 222 2924 tate
245 2884 292 2925 et
315 2881 405 2926 fuit
430 2883 549 2926 lecta
576 2883 659 2926 illa
686 2882 947 2926 commissio
975 2883 1208 2936 deputatis
1236 2881 1544 2924 cardinalium
1572 2883 1617 2922 et
1643 2880 1888 2922 nacionum

232 3031 263 3066 ι)
283 3033 316 3060 st
335 3032 553 3061 cardinalium
573 3033 654 3067 fehlt
674 3035 711 3061 B.
754 3034 787 3068 b)
809 3035 847 3068 Β,
869 3034 900 3068 0,
922 3034 952 3060 D
971 3033 1145 3067 falachlich
1172 3032 1254 3060 XXI:
1283 3032 1395 3060 eberiso
1416 3031 1549 3066 solyma
1567 3029 1662 3063 XXII,
1680 3029 1769 3063 XXV,
1788 3027 1890 3055 XXVI.

197 3099 337 3137 Finks,
354 3103 436 3132 Aeta
456 3103 592 3132 concilii
612 3103 889 3133 constanciensis.
909 3103 947 3131 Π.
1626 3089 1678 3130 10
