2227 3434
527 175 564 210 B.
607 175 684 210 Der
709 175 809 210 liber
832 177 1026 219 gestorum
1053 175 1121 210 des
1149 174 1390 210 Cerretanus.
1758 176 1839 219 331

78 294 131 336 Et
158 295 197 336 si
226 306 315 347 que
344 296 449 336 sunt
475 293 672 335 ecclesie
701 293 893 334 nimium
922 296 1127 345 onorate,
1155 292 1212 334 fit
1239 292 1397 335 debita
1424 293 1693 345 moderatio,
1722 297 1769 335 ut
1798 293 1842 334 id

76 365 271 417 solvant,
303 363 426 418 quod
457 363 693 406 commode
726 366 933 416 possunt.
978 363 1072 405 Hec
1106 375 1207 406 sum
1239 366 1476 416 expertus,
1509 363 1726 416 quoniam
1758 376 1843 417 pro

76 437 286 488 tempore
306 434 408 477 rexi
429 433 637 477 officium
659 446 842 476 camere
864 435 1062 487 collegii.
1096 434 1153 476 At
1173 434 1426 477 secundum
1448 436 1491 476 te
1510 434 1643 476 nulla
1662 435 1841 476 ratione

75 508 228 558 potest
249 508 479 548 arrestum
503 504 738 547 bullarum
763 504 935 547 licitum
958 517 1078 547 esse.
1115 505 1226 546 Nam
1252 505 1475 558 prelatus,
1498 507 1547 546 ut
1570 504 1724 547 bullas
1748 505 1843 546 exi-

74 579 164 629 gat,
193 576 296 619 sine
324 576 494 629 quibus
520 575 848 618 administrare
877 588 969 617 non
997 578 1164 628 potest,
1193 579 1272 618 aut
1299 588 1349 618 se
1378 575 1436 617 ad
1466 575 1737 618 solvendam
1767 587 1844 617 an-

74 649 229 690 natam
254 647 427 701 obligat
451 650 528 690 aut
553 646 713 690 solvat.
755 645 896 699 Igitur
920 646 994 688 hic
1018 647 1217 699 pecunia
1241 658 1427 688 causam
1453 645 1841 688 administrationi

76 716 307 771 spirituali
338 720 531 770 prestat.
577 718 673 769 Hic,
707 729 867 770 quero,
902 717 940 759 si
969 717 1228 770 contigerit,
1259 721 1310 759 ut
1341 720 1444 770 post
1475 716 1657 759 habitas
1689 717 1844 758 bullas

72 788 276 831 creditor
297 788 481 843 prelati,
505 788 564 831 ad
586 800 722 842 quem
746 791 1079 841 pervenerunt,
1103 800 1184 830 eas
1208 788 1421 841 retineat,
1446 800 1504 830 an
1529 788 1843 840 symoniacum

75 858 133 902 sit
153 859 280 913 ipsas
302 859 522 912 exigere?
558 859 657 901 Non
677 858 818 901 credo
840 859 1044 911 aliquem
1064 858 1151 900 hec
1172 858 1360 910 sentire,
1382 858 1599 911 quoniam
1620 858 1751 900 nulla
1770 857 1842 900 hic

74 930 400 983 temporalium
441 943 542 971 cum
583 929 905 982 spiritualibus
945 930 1252 971 commutatio.
1304 928 1516 982 Separati
1557 931 1663 971 sunt
1704 931 1842 972 actus,

73 1001 164 1044 Nec
195 1013 256 1043 ex
285 1001 371 1043 hoc
404 1000 760 1042 administrandi
792 1003 1068 1054 potestatem
1101 999 1310 1053 prelatus
1345 999 1520 1052 accipit,
1553 1000 1662 1052 quia
1695 999 1843 1042 solvit.

75 1071 226 1114 Habet
252 1071 378 1114 enim
408 1072 493 1113 hoc
523 1084 582 1113 ex
611 1071 746 1113 titulo
772 1072 1027 1124 prelature,
1057 1083 1143 1124 per
1173 1083 1309 1123 quem
1341 1070 1583 1124 spirituale
1615 1071 1845 1112 matrimo-

75 1143 204 1185 nium
223 1142 346 1185 inter
365 1143 518 1196 ipsum
539 1146 586 1185 et
603 1142 846 1185 ecclesiam
867 1144 1150 1184 contractum
1171 1144 1253 1183 est.
1287 1141 1412 1184 Sicut
1432 1144 1585 1184 autem
1605 1144 1712 1183 tunc
1734 1140 1844 1192 dixi,

78 1214 141 1256 ita
158 1213 227 1256 fit.
260 1213 405 1256 Vacat
425 1213 622 1256 ecclesia
644 1212 943 1264 cathedralis;
966 1212 1154 1266 eligitur
1176 1212 1406 1266 quispiam
1427 1213 1502 1254 vel
1522 1224 1616 1254 non
1638 1211 1843 1265 eligitur,

76 1284 329 1327 vacationis
350 1283 519 1327 noticia
541 1283 784 1326 deducitur
807 1284 863 1326 ad
886 1296 1073 1337 papam;
1099 1284 1396 1326 committitur
1418 1283 1497 1325 uni
1520 1295 1580 1324 ex
1602 1282 1846 1325 cardinali-

76 1354 178 1408 bus,
198 1358 251 1397 ut
270 1368 322 1398 se
347 1354 569 1397 informet
591 1355 648 1397 de
674 1356 928 1407 vacatione,
952 1355 1011 1396 de
1036 1357 1157 1397 statu
1178 1354 1390 1406 ecclesie,
1415 1354 1473 1396 de
1497 1354 1718 1406 qualitate
1742 1366 1846 1407 per-

77 1438 190 1468 sone
211 1425 351 1470 unius
371 1426 447 1468 vel
470 1426 689 1479 plurium,
712 1426 790 1479 qui
813 1425 1026 1467 dicuntur
1048 1425 1232 1478 ydonei.
1268 1425 1375 1467 Post
1399 1424 1776 1467 informationem
1799 1423 1845 1465 in

77 1499 258 1539 secreto
279 1496 554 1539 consistorio
579 1496 925 1539 commissarius
949 1496 1225 1538 relationem
1251 1495 1361 1538 facit
1383 1498 1605 1549 presente
1629 1494 1843 1549 collegio:

78 1567 186 1611 dicit
209 1580 343 1611 suum
367 1567 586 1610 iudicium
610 1568 730 1610 circa
752 1567 962 1621 predicta
986 1568 1186 1610 maxime
1213 1579 1354 1620 super
1377 1566 1641 1620 ydoneitate
1667 1579 1847 1619 promo-

77 1638 215 1681 vendi
244 1641 303 1692 et,
334 1639 373 1682 si
403 1642 510 1682 sunt
538 1639 714 1692 plures,
745 1638 848 1692 quis
878 1638 1090 1680 videatur
1119 1637 1448 1691 preferendus.
1490 1637 1658 1679 Postea
1689 1636 1848 1690 exqui-

78 1712 244 1752 runtur
265 1713 370 1753 vota
395 1710 701 1753 cardinalium
726 1713 772 1752 et
797 1710 841 1751 in
869 1722 1005 1762 quem
1033 1710 1178 1752 maior
1203 1721 1313 1762 pars
1339 1708 1542 1760 inclinat,
1570 1708 1700 1750 illum
1725 1720 1847 1761 papa

77 1784 318 1833 promovet
345 1784 392 1824 et
420 1781 698 1834 quandoque
730 1781 1035 1833 ignorantem,
1063 1780 1186 1833 quod
1217 1779 1273 1821 de
1302 1780 1405 1833 ipso
1433 1782 1608 1832 agatur.
1652 1778 1849 1821 Confici-

79 1854 218 1894 untur
240 1853 384 1905 bulle,
410 1852 688 1894 deferuntur
715 1851 773 1894 ad
798 1864 1042 1894 cameram.
1082 1851 1359 1893 Procurator
1382 1851 1457 1892 vel
1484 1851 1584 1903 ipse
1609 1852 1848 1903 promotus

79 1923 136 1965 ad
163 1935 393 1966 cameram
421 1923 648 1966 accedens
674 1923 810 1965 solvit
836 1923 1043 1964 debitum
1071 1922 1267 1964 ecclesie
1296 1921 1550 1964 secundum
1576 1925 1745 1974 taxam,
1772 1923 1849 1963 aut

80 1994 118 2036 si
149 1994 333 2037 solvere
365 2007 460 2037 non
491 1994 588 2036 vult
619 1995 693 2035 vel
727 2007 818 2036 non
850 1996 1014 2047 potest,
1048 1993 1310 2035 liberaliter
1341 1995 1386 2035 et
1416 1992 1559 2046 gratis
1593 2004 1642 2035 se
1676 1992 1848 2045 obligat

80 2065 139 2108 ad
170 2065 459 2109 solvendum.
506 2066 562 2108 Et
594 2066 631 2107 si
666 2065 794 2118 dieis,
828 2065 918 2107 nisi
953 2077 1002 2107 se
1037 2064 1280 2117 obligaret,
1315 2063 1442 2106 bulle
1477 2076 1569 2105 non
1605 2063 1846 2113 darentur;

80 2136 190 2189 quid
219 2136 372 2190 fieret,
403 2135 604 2179 divinari
635 2149 726 2178 non
758 2139 922 2189 potest.
967 2136 1077 2177 Nam
1108 2138 1156 2178 et
1184 2134 1463 2188 quandoque
1493 2134 1636 2188 gratis
1666 2134 1848 2176 dantur.

82 2207 137 2249 Et
153 2207 194 2250 si
212 2208 360 2250 eciam
382 2207 481 2250 sine
503 2207 792 2260 obligacione
813 2207 1050 2259 darentur,
1072 2206 1220 2248 adhuc
1239 2208 1401 2259 posset
1419 2205 1476 2248 ab
1498 2205 1697 2248 ecclesia
1710 2204 1849 2258 exigi,

81 2278 204 2331 quod
229 2291 316 2332 pro
341 2281 511 2321 annata
538 2278 747 2322 debetur.
788 2278 847 2320 At
872 2278 1024 2331 igitur,
1051 2290 1153 2319 cum
1181 2276 1398 2320 sacerdos
1425 2276 1646 2328 celebrat,
1674 2276 1712 2318 si
1740 2275 1849 2329 quid

82 2348 128 2390 in
154 2349 297 2393 missa
324 2348 539 2402 offertur,
568 2349 882 2402 symoniacum
911 2352 981 2390 est
1009 2348 1252 2401 recipere‘?
1294 2347 1393 2390 Non
1420 2347 1506 2389 hoc
1535 2346 1691 2389 dicunt
1718 2359 1850 2388 cano-

81 2432 180 2473 nes,
216 2421 309 2474 qui,
347 2421 456 2463 licet
489 2420 753 2474 precipiant
789 2423 1080 2462 sacramenta
1117 2419 1432 2461 ecclesiastica
1468 2418 1618 2460 libere
1655 2417 1849 2467 conferi,

81 2493 236 2533 tamen
263 2491 301 2533 si
331 2503 421 2544 que
450 2494 557 2534 sunt
585 2490 961 2543 consuetudines,
989 2493 1039 2532 ut
1067 2490 1113 2532 in
1141 2489 1313 2532 talibus
1341 2489 1603 2532 oblationes
1633 2488 1762 2541 fiant,
1792 2487 1849 2530 ad

82 2561 167 2606 has
200 2561 520 2605 observandas
554 2566 747 2605 censent
780 2574 876 2614 eos,
911 2562 987 2615 qui
1024 2561 1296 2614 suscipiunt,
1332 2559 1694 2613 compellendos.
1743 2559 1849 2602 Sola

84 2631 220 2686 igitur
245 2632 452 2676 Romana
479 2633 605 2676 curia
633 2633 888 2686 symoniam
916 2631 1167 2684 committit,
1196 2632 1234 2674 si
1261 2635 1365 2685 post
1389 2631 1684 2673 collationem
1711 2630 1850 2672 bene-

84 2702 177 2745 ficii
206 2703 356 2747 libere
383 2703 552 2746 factam
580 2704 817 2757 compellit
844 2703 1103 2756 ecclesiam,
1132 2715 1221 2756 que
1251 2702 1391 2744 debet
1417 2701 1694 2744 exsolvere?
1740 2700 1850 2742 Dico

84 2773 341 2828 ecclesiam,
377 2775 499 2828 quia,
535 2775 658 2828 quod
692 2787 785 2817 non
821 2777 891 2817 est
925 2774 1153 2817 modicum
1189 2772 1559 2827 ponderandum,
1595 2771 1740 2825 magis
1775 2771 1847 2812 vel

84 2845 398 2888 tantummodo
428 2845 517 2888 dici
547 2849 697 2900 potest
728 2845 971 2888 ecclesiam
1002 2845 1252 2898 obligatam
1283 2856 1420 2897 quam
1450 2843 1695 2896 prelatum.
1739 2841 1848 2884 Nam

86 2914 185 2957 sive
203 2919 443 2959 moveatur
461 2917 673 2970 prelatus
692 2917 792 2958 sive
814 2915 1141 2968 transferatur,
1161 2918 1318 2957 tamen
1338 2914 1396 2956 ab
1418 2913 1615 2956 ecclesia
1636 2912 1848 2965 exigitur.

86 2984 212 3028 Hanc
241 2999 353 3040 ergo
378 2990 534 3030 taxam
564 2987 745 3040 singule
775 2987 973 3029 ecclesie
1002 2988 1221 3028 tenentur
1250 2985 1396 3028 semel
1426 2986 1615 3035 tantum,
1644 2995 1746 3025 cum
1776 2994 1850 3024 va-

87 3059 203 3110 cant,
225 3058 517 3111 persolvere;
543 3057 670 3100 aliud
695 3060 848 3100 autem
871 3056 1083 3107 ecclesia,
1108 3056 1235 3098 aliud
1258 3055 1480 3110 prelatus.
1515 3053 1607 3098 Sed
1631 3066 1715 3095 nec
1739 3056 1849 3095 tem-
