2102 3444
194 177 279 221 466
550 176 594 210 ll.
628 175 837 210 Absvlmilt.
881 174 1084 207 Sermones
1115 173 1263 207 concilii
1296 172 1615 208 Constanciensis

197 295 417 338 mulando
452 294 561 336 talia
600 295 698 335 solo
737 293 879 334 verbo
917 292 1233 334 emendabilia
1270 293 1536 334 testimonio
1572 292 1685 334 estis
1722 292 1968 334 vobismet-

196 365 324 418 ipsis,
354 365 475 418 quod
506 365 550 405 in
581 377 740 405 eorum
772 362 1038 404 levitatibus
1067 363 1454 416 complacenciam
1483 362 1710 405 habeatis.
1751 361 1828 405 Set
1857 374 1968 404 non-

197 436 304 477 dum
338 436 448 484 satis
482 447 757 487 persuasum
792 437 987 486 apparet
1019 446 1268 486 perversos
1301 446 1421 474 nunc
1455 433 1567 476 solis
1600 434 1848 486 preceptis,
1881 436 1968 475 sta-

197 508 304 548 tutis
333 511 408 548 aut
437 505 784 546 hortacionibus
815 505 1003 546 minime
1031 504 1286 546 emendari.

316 611 322 618 .
360 615 365 620 .
404 610 410 617 .
442 576 580 617 Aliud
607 576 794 617 accedat
820 576 1087 627 exemplum
1116 575 1566 616 manifestissimum!
1609 575 1678 616 En
1706 575 1783 616 vix
1811 577 1968 616 contra

198 648 384 700 aliquod
422 647 588 688 vicium
625 649 689 688 tot
725 649 833 688 sunt
868 646 991 688 edita
1029 649 1209 698 statuta,
1248 646 1392 688 eciam
1430 646 1630 687 maxime
1667 646 1869 699 penalia,
1906 648 1970 688 tot

199 719 369 771 scripta
394 721 628 770 precepta,
654 721 744 759 tam
772 717 929 759 divina
955 729 1092 770 quam
1118 717 1334 768 humana,
1360 717 1490 758 sicud
1515 719 1673 758 contra
1698 716 1968 769 symoniam.

198 789 402 830 Accessit
434 788 522 830 hiis
552 787 801 829 cottidiana
832 788 1113 829 exhortacio.
1159 787 1294 830 Certe
1328 788 1417 829 iam
1449 799 1570 829 anno
1602 788 1749 830 altero
1780 787 1837 828 de
1869 786 1970 840 ipso

196 862 260 900 tot
291 859 409 900 dicta
443 862 547 900 sunt
578 859 635 900 ad
667 858 768 901 eius
800 858 1044 911 medelam,
1075 862 1122 899 ut
1153 858 1228 899 vix
1260 858 1533 900 transierint
1562 858 1695 910 pauci
1728 869 1970 899 sermones

199 930 299 971 sine
329 929 523 970 notabili
553 929 610 970 de
643 930 722 971 illa
751 929 1006 971 mencione.
1050 929 1178 981 Puto,
1209 929 1345 981 quod,
1376 929 1412 970 si
1445 928 1570 969 mimi
1602 932 1678 970 aut
1706 927 1970 981 hystriones

199 1003 303 1042 ante
334 1012 521 1041 mensas
552 999 844 1041 dominorum
877 1000 1120 1041 ioculando
1150 1000 1206 1041 de
1237 999 1445 1052 quolibet
1474 999 1591 1040 vicio
1617 1002 1682 1041 tot
1713 999 1834 1041 mala
1863 999 1971 1041 insi·
1997 1056 1999 1058 η

199 1074 435 1122 nuassent,
471 1074 581 1123 quot
613 1070 684 1111 hic
720 1070 1102 1112 excellentissimi
1140 1070 1352 1112 doctores
1385 1069 1671 1122 ewangelici,
1706 1069 1971 1112 sacerdotes

200 1142 284 1182 bei
318 1142 416 1182 vice
450 1145 493 1182 et
525 1141 712 1182 nomine
746 1153 850 1193 ymo
883 1154 942 1182 ex
975 1153 1054 1182 ore
1089 1142 1190 1182 eius
1224 1140 1562 1182 annunciarent
1595 1140 1652 1181 de
1686 1139 1895 1193 symonia
1927 1142 1971 1181 et

199 1212 300 1254 eius
326 1212 548 1264 periculis
575 1215 712 1264 atque
741 1211 969 1263 dampnis,
997 1213 1158 1264 plures
1185 1212 1273 1252 sibi
1302 1212 1511 1253 conscios
1538 1211 1702 1252 saltem
1731 1210 1790 1252 ad
1814 1211 1972 1252 huma-

200 1295 305 1324 nam
325 1282 655 1324 verecundiam
676 1281 1031 1335 promovissent.
1071 1281 1245 1324 Dictum
1268 1286 1338 1324 est
1357 1283 1511 1334 palam
1533 1281 1579 1322 in
1601 1281 1746 1323 facies
1767 1281 1971 1323 omnium
2023 1332 2035 1336 -

199 1357 422 1407 nostrum,
460 1353 583 1405 quod
620 1353 900 1406 regulariter
937 1353 1259 1405 promociones
1296 1352 1569 1394 clericorum
1607 1351 1665 1393 ad
1701 1352 1892 1394 ordines
1928 1354 1972 1393 et

201 1423 434 1465 beneficia
459 1423 774 1465 ecclesiastica
799 1426 890 1464 tam
918 1423 964 1464 in
988 1423 1194 1465 Romana
1219 1423 1346 1465 curia
1371 1435 1508 1475 quam
1534 1423 1580 1464 in
1606 1422 1744 1464 certis
1769 1421 1973 1475 dyocesi-

201 1494 287 1539 bus
327 1494 580 1536 secundum
619 1493 779 1535 modos
818 1493 1122 1535 communiter
1161 1493 1340 1535 servari
1380 1494 1540 1535 solitos
1579 1494 1671 1536 sint
1707 1493 1973 1545 simoniace,

201 1566 464 1618 periculose
489 1568 534 1606 et
556 1565 811 1617 dampnose
833 1567 925 1606 tam
949 1565 1074 1607 clero
1099 1577 1235 1617 quam
1258 1565 1445 1617 populo,
1468 1567 1514 1605 et
1536 1576 1673 1605 nemo
1695 1563 1972 1615 considerat,

201 1647 337 1677 nemo
363 1635 562 1688 percipit
586 1635 739 1687 corde,
766 1647 902 1676 nemo
929 1635 1176 1687 erubescit,
1204 1635 1265 1677 ita
1290 1638 1339 1676 ut
1366 1634 1644 1677 admirabile
1671 1634 1729 1677 sit
1754 1634 1802 1675 in
1827 1634 1974 1676 oculis

202 1705 385 1757 nostris,
418 1718 522 1758 ymo
554 1705 833 1758 stupendum
867 1705 990 1758 quod
1020 1705 1109 1747 iam
1141 1705 1336 1747 verbum
1369 1705 1432 1747 sic
1463 1704 1716 1747 frustratur
1746 1704 1900 1746 fructu
1930 1706 1976 1746 et

203 1775 411 1818 effectu.
448 1809 455 1817 .
492 1810 499 1817 .

322 1847 449 1899 Puto,
485 1847 607 1899 quod
641 1860 700 1888 ex
735 1848 826 1889 alia
861 1859 1000 1889 causa
1033 1847 1148 1889 satis
1182 1850 1336 1888 tamen
1372 1847 1493 1888 mala
1526 1847 1819 1900 proveniant,
1853 1844 1975 1899 quod

203 1921 328 1959 tanta
362 1917 612 1971 doctorum,
644 1930 797 1970 ymmo
831 1918 1074 1970 ipsiusmet
1107 1918 1192 1959 Dei
1225 1918 1369 1959 verba
1401 1930 1493 1959 non
1524 1918 1712 1970 capiunt
1746 1917 1793 1958 in
1824 1916 1975 1969 nobis,

203 1988 311 2040 quia
349 1988 566 2030 videlicet
605 1989 784 2031 animos
822 1992 1006 2031 nostros
1044 1989 1101 2030 ad
1141 1988 1424 2030 audiendum
1464 1988 1659 2029 verbum
1699 1987 1783 2029 Dei
1822 1987 1975 2029 minus

205 2058 341 2111 digne
365 2062 411 2100 et
434 2058 585 2100 minus
610 2058 858 2111 diligenter
881 2071 1202 2111 preparamus.
1238 2059 1398 2100 Timeo
1421 2058 1544 2100 enim
1568 2059 1731 2112 plures
1753 2057 1974 2100 assistere

203 2132 247 2170 et
279 2129 441 2170 audire
475 2141 730 2182 sermones,
762 2142 855 2170 non
888 2133 935 2171 ut
968 2130 1146 2182 aliquid
1179 2129 1370 2182 discant,
1403 2129 1512 2182 quia
1544 2141 1593 2171 se
1624 2131 1842 2182 reputant
1873 2128 1974 2170 doc-

205 2200 349 2241 tiores
390 2199 753 2252 predicantibus,
798 2203 842 2242 et
886 2201 1004 2241 forte
1051 2203 1169 2252 sunt,
1212 2213 1297 2241 nec
1340 2200 1622 2241 edificentur
1665 2203 1742 2242 aut
1785 2199 1843 2241 ad
1883 2198 1975 2241 vite

205 2269 585 2311 emendacionem
617 2273 940 2322 provocentur,
973 2271 1055 2312 sed
1087 2274 1134 2312 ut
1165 2271 1238 2311 vel
1272 2283 1378 2312 rara
1410 2269 1598 2312 audiant
1628 2272 1707 2312 aut
1735 2269 1782 2311 in
1814 2268 1976 2322 lepore

205 2340 435 2382 rethorico
463 2344 539 2382 aut
567 2340 747 2393 poetico
775 2340 1064 2382 delectentur
1093 2374 1100 2381 .
1138 2375 1145 2382 .
1181 2374 1189 2382 .

322 2410 569 2452 Premissis
613 2410 860 2464 preceptis,
906 2412 1087 2452 statutis
1132 2415 1177 2453 et
1218 2411 1478 2454 hortatibus
1523 2411 1671 2452 adhuc
1714 2410 1976 2463 appositum

204 2485 271 2522 est
304 2515 310 2522 .
348 2515 355 2522 .
392 2515 399 2522 .
431 2481 487 2522 ad
518 2480 746 2522 medelam
777 2481 983 2533 symonie
1009 2482 1059 2522 *in
1086 2494 1222 2523 sacro
1251 2482 1578 2523 reformatorio
1608 2480 1975 2524 laboriosissime

205 2552 464 2593 confectum
504 2585 511 2592 .
548 2585 555 2592 .
593 2585 600 2592 .
639 2552 1008 2593 advisamentum
1047 2552 1254 2604 symonie
1292 2552 1567 2605 sanativum,
1602 2555 1695 2595 tam
1732 2551 1976 2594 incisivum

206 2622 357 2674 quoad
383 2622 536 2663 forum
562 2622 797 2674 publicum
825 2622 1017 2675 iusticie,
1043 2635 1179 2675 quam
1207 2623 1447 2664 lenitivum
1475 2623 1627 2675 quoad
1653 2622 1805 2664 forum
1831 2622 1977 2664 occul-

206 2696 298 2734 tum
339 2692 640 2734 consciencie.
696 2693 749 2734 Et
789 2692 975 2744 quidam
1018 2694 1149 2744 quasi
1191 2692 1430 2735 irridendo
1469 2694 1710 2746 repullunt
1749 2692 1974 2735 dicentes:

207 2763 487 2814 Expectetur
534 2762 698 2803 electio
747 2764 911 2803 summi
959 2762 1207 2815 pontificis,
1257 2764 1355 2815 ipse
1405 2766 1681 2816 exequatur3
1732 2765 1976 2816 sperantes

207 2834 341 2885 forte,
376 2833 498 2885 quod
533 2832 802 2875 differendo
837 2833 1038 2874 totaliter
1072 2832 1348 2875 aufferatur.
1395 2834 1492 2875 Non
1527 2837 1597 2876 est
1629 2847 1719 2875 vox
1754 2834 1840 2876 ista
1873 2845 1976 2886 pro-

206 2903 388 2955 phetica
420 2940 426 2946 .
464 2937 471 2944 .
509 2938 515 2944 .
548 2906 616 2946 set
647 2907 716 2945 est
746 2917 834 2945 vox
865 2904 1052 2945 corvina
1083 2907 1127 2944 et
1157 2903 1416 2956 dyabolica:
1461 2917 1577 2957 cras,
1608 2904 1727 2946 cras!
1773 2904 1826 2946 Et
1855 2903 1975 2946 forte

208 2974 368 3025 plures
393 2974 658 3026 symoniaci,
684 2974 760 3026 qui
785 2973 922 3016 hodie
949 2975 1102 3015 sanari
1130 2977 1334 3026 possent,
1359 2987 1451 3015 non
1476 2975 1631 3016 vivent
1654 2975 1700 3016 in
1725 2974 1975 3017 crastinum

208 3047 284 3085 aut
310 3045 366 3085 ad
393 3044 534 3085 futuri
563 3044 798 3096 pontificis
826 3044 1107 3085 eleccionem
1135 3078 1142 3085 .
1180 3078 1187 3085 .
1224 3078 1231 3085 .
1259 3048 1303 3086 et
1330 3045 1465 3086 valde
1492 3046 1655 3087 tim-ere
1683 3045 1870 3098 habent,
1897 3044 1973 3097 qui
