2102 3444
278 119 363 162 208
815 119 839 153 1.
867 119 1077 154 Abschnitt.
1115 119 1514 164 Konzilstagebiicher.

281 240 456 289 verant,
485 237 600 279 duce
629 237 881 280 Sachsonie
911 250 1072 280 ensem
1102 241 1208 280 ante
1238 250 1394 292 regem
1424 239 1734 282 Romanorum
1762 239 2049 293 preferente,

280 308 603 350 Constanciam
640 308 686 349 in
723 312 950 362 apparatu
986 309 1269 362 pulcerrimo
1304 311 1605 364 equitatuque
1642 311 1846 364 plurimo
1880 313 1951 353 est
1985 310 2052 352 in-

279 391 483 431 gressus.
518 379 758 432 Simulque
782 392 882 421 cum
906 392 961 422 eo
984 380 1026 421 d.
1050 380 1427 434 Wormaciensis,
1450 380 1687 434 Spirensis
1709 384 1755 423 et
1776 380 2051 424 Werdensis

280 450 485 503 episcopi
510 450 554 491 in
578 450 851 492 obediencia
873 451 1041 503 Angeli
1065 450 1284 493 Corrario
1305 452 1613 504 persistentes
1638 452 1961 494 Constanciam
1986 452 2052 493 in—

277 521 428 573 gressi
461 524 580 573 sunt,
613 524 748 574 atque
783 524 992 563 oratores
1025 522 1065 563 d.
1100 522 1437 576 archiepiscopi
1473 523 1793 565 Treverensis.

400 593 484 634 Die
527 593 635 633 lune
676 592 798 634 XXI.
841 593 1016 635 mensis
1056 593 1268 635 Januarii
1311 597 1521 636 oratores
1563 595 1799 636 solemnes
1840 594 1965 647 regis
2006 597 2051 636 et

280 663 452 716 regniss)
480 663 661 716 Anglie‚
686 676 882 716 quorum
906 663 1094 706 nomina
1119 663 1319 707 inferius
1344 665 1686 717 describuntur,
1712 665 1757 706 in
1781 677 1948 718 magno
1970 649 2085 706 nus

278 745 406 775 mero
437 737 482 775 et
514 737 742 786 apparatu
774 735 1057 786 pulcerrimo
1089 734 1412 778 Constanciam
1447 739 1553 778 sunt
1588 735 1803 788 ingressi;
1838 735 2052 778 obviave-

278 808 476 865 runtque
501 804 569 847 eis
591 817 678 858 pro
692 808 825 857 parte
843 805 884 847 d.
900 806 1047 847 nostri
1062 818 1182 859 pape
1200 806 1241 847 d.
1258 807 1506 860 episcopus
1524 807 1821 859 Morinensis‚
1837 807 1914 860 qui
1931 809 2053 860 post-

279 875 463 917 modum
492 877 716 918 remansit
744 875 1121 931 Lausanensis'’),
1150 878 1449 930 apostolicam
1477 890 1708 919 cameram
1738 889 1907 931 regens
1935 881 1980 920 et
2009 877 2050 918 d.

278 946 492 989 Nicolaus
517 947 575 988 de
599 947 829 1000 Robertis,
856 948 1075 1001 magister
1098 949 1293 1002 hospicii
1319 949 1361 991 d.
1387 949 1532 991 nostri
1557 961 1693 1002 pape,
1720 949 1906 1002 aliaque
1931 949 2052 991 eius-

278 1017 383 1058 dem
413 1018 455 1059 d.
484 1018 630 1060 nostri
658 1030 779 1071 pape
808 1018 988 1061 familia
1016 1019 1231 1062 similiter
1260 1023 1303 1062 et
1331 1020 1510 1062 familie
1540 1020 1582 1061 d.
1610 1018 1937 1072 cardinalium;
1962 1031 2052 1073 ⁴pro

278 1092 408 1140 parte
442 1101 554 1131 vero
585 1090 711 1142 regis
742 1089 1055 1132 Romanorum
1088 1090 1395 1133 obviaverunt
1427 1091 1514 1132 sibi
1545 1103 1700 1133 comes
1733 1090 1851 1133 Οἱ110
1879 1093 1928 1132 et
1956 1090 2052 1132 dux

278 1159 529 1201 Sachsonie
562 1161 817 1213 pluresque
850 1161 928 1203 alii
962 1162 1177 1214 barones,
1210 1162 1381 1204 milites
1411 1165 1455 1203 et
1487 1175 1720 1215 proceres.
1767 1162 1820 1203 Et
1854 1162 1899 1203 in
1930 1174 2052 1204 cras-

279 1231 425 1273 tinum
467 1235 678 1275 oratores
720 1232 918 1286 predicti
963 1233 1010 1274 in
1053 1236 1281 1286 apparatu
1323 1233 1606 1286 pulcerrimo
1648 1232 1954 1275 visitaverunt
2008 1232 2048 1276 d.

278 1305 486 1344 nostrum
519 1315 688 1356 papam
719 1303 981 1345 Johannem
1011 1303 1184 1346 XXIII.
1217 1304 1525 1357 dominusque
1557 1303 1805 1357 episcopus
1836 1303 2052 1346 Salisbri-

280 1373 406 1416 ensis
441 1374 552 1416 fecit
588 1386 852 1416 sermonem
887 1374 1221 1427 pulcerrimum
1256 1375 1377 1417 circa
1412 1375 1582 1417 factum
1617 1374 1802 1418 unionis
1838 1374 2051 1427 ecclesie,

280 1444 357 1497 qui
380 1444 467 1486 fuit
490 1445 547 1487 ab
571 1445 786 1488 omnibus
808 1445 1069 1488 astantibus
1092 1445 1453 1488 commendatus.

396 1515 590 1558 Nomina
619 1518 854 1559 oratorum
886 1516 927 1558 d.
958 1517 1084 1570 regis
1113 1516 1300 1570 Anglie:

398 1587 449 1629 D.
488 1587 696 1641 episcopi
734 1587 1044 1640 Batoniensis,
1083 1587 1420 1630 Sarisbriensis
1459 1590 1504 1629 et
1542 1586 1858 1639 Menevensis;
1896 1598 2052 1629 comes

280 1658 493 1712 Warvici,
528 1658 569 1700 d.
603 1658 660 1700 de
696 1658 935 1711 Fetzhero‚
969 1658 1254 1701 camerarius
1287 1659 1412 1712 regis
1444 1657 1611 1712 Anglie
1644 1657 1774 1711 baro,
1807 1657 1850 1700 d.
1883 1657 2053 1700 Radul-

279 1729 400 1782 phus
437 1729 688 1772 Rochefort
726 1730 876 1783 miles,
915 1730 956 1771 d.
995 1730 1231 1772 Walterus
1268 1729 1598 1783 Hungerforde
1636 1728 1786 1782 miles,
1823 1728 1866 1771 d.
1906 1728 2052 1771 abbas

279 1799 715 1853 Westimonasterii,
750 1801 791 1842 d.
829 1800 974 1843 abbas
1009 1801 1145 1842 beate
1185 1800 1328 1842 Marie
1365 1800 1689 1853 Eboracensis‚
1725 1799 1945 1853 magister
1978 1799 2053 1842 Jo-

280 1870 461 1913 hannes
496 1871 802 1925 Honyngham
838 1872 991 1924 legum
1029 1871 1187 1914 doctor
1222 1884 1324 1913 cum
1359 1873 1556 1924 quatuor
1592 1871 1698 1914 aliis
1733 1870 1973 1924 militibus,
2008 1870 2051 1912 d.

281 1942 427 1985 abbas
451 1941 509 1984 de
533 1942 770 1996 Fontibus,
795 1942 836 1985 d.
862 1942 1007 1985 abbas
1030 1942 1297 1995 Jerevallis,
1320 1941 1362 1984 d.
1388 1942 1533 1985 abbas
1558 1942 1614 1984 de
1638 1941 1772 1985 Bello
1793 1941 1927 1994 Loco,
1951 1953 2053 1994 sep-

254 2015 372 2055 *tem
395 2025 526 2056 sacre
549 2013 718 2066 pagine
741 2012 1039 2066 professores
1062 2016 1109 2055 et
1130 2017 1225 2056 tres
1248 2014 1491 2066 utriusque
1515 2012 1808 2056 decretorum
1830 2015 1875 2054 et
1897 2012 2051 2066 legum

281 2083 507 2127 doctores.

400 2154 483 2196 Die
511 2154 672 2197 martis
698 2154 845 2197 XXII.
874 2154 1049 2197 mensis
1075 2154 1287 2197 Januarii
1315 2154 1356 2196 d.
1383 2154 1532 2197 frater
1558 2154 1798 2197 Johannes
1826 2152 2051 2196 Dominici

279 2227 399 2268 tituli
435 2227 580 2268 sancti
615 2226 730 2268 Sixti
763 2226 1012 2279 presbyter
1047 2225 1312 2268 cardinales
1346 2225 1608 2279 Ragusinus
1640 2228 1690 2267 ut
1723 2224 1974 2267 cardinalis
2009 2227 2054 2266 et

282 2310 383 2338 cum
405 2298 586 2350 capello
610 2298 756 2339 rubeo
779 2296 960 2339 medius
984 2297 1105 2338 inter
1128 2297 1169 2338 d.
1194 2296 1357 2338 ducem
1380 2296 1606 2338 Bavariae
1631 2299 1677 2338 et
1698 2295 1862 2338 ducem
1885 2295 2049 2351 Brijee)

280 2380 331 2409 ac
361 2368 402 2410 d.
434 2368 674 2410 Johannes
705 2367 881 2410 electus
913 2367 1454 2420 Constantinopolitanus
1484 2367 1532 2408 in
1562 2366 1723 2409 habitu
1751 2366 1921 2420 prelati
1951 2378 2053 2408 cum

281 2439 462 2491 capello
489 2439 624 2491 nigro
652 2439 718 2480 sic
747 2440 794 2480 in
823 2438 1096 2481 obediencia
1127 2437 1342 2491 Gregorii
1371 2437 1610 2491 nominati,
1639 2437 1944 2491 sequentibus
1971 2449 2054 2479 eos

281 2509 322 2551 d.
351 2509 702 2562 Wormaciensi,
731 2508 941 2562 Spirensi
971 2512 1016 2550 et
1043 2509 1276 2551 Verdensi
1306 2508 1539 2562 episcopis
1569 2509 1616 2550 in
1644 2508 1919 2550 obediencia
1946 2507 2053 2550 dicti

282 2579 495 2633 Gregorii
528 2579 904 2632 persistentibus,
939 2580 1015 2632 qui
1050 2591 1211 2622 omnes
1242 2579 1466 2632 predictis
1499 2579 1664 2632 legatis
1697 2579 1804 2621 dicti
1839 2578 2051 2632 Gregorii

281 2654 414 2693 extra
444 2650 765 2692 Constanciam
797 2650 1113 2702 obviaverant,
1140 2650 1373 2691 civitatem
1404 2650 1672 2692 Constantie
1704 2652 1811 2692 sunt
1838 2649 2052 2703 ingressi,

285 2723 327 2762 in
356 2726 680 2774 conventuque
708 2720 1041 2762 heremitarum
1072 2721 1215 2762 sancti
1247 2720 1507 2773 Augustini,
1538 2721 1615 2773 qui
1645 2732 1731 2773 pro
1759 2720 2052 2762 habitacione

283 2792 496 2845 Gregorii
527 2796 571 2834 et
603 2804 790 2834 suorum
821 2791 1083 2844 assignatus
1114 2791 1281 2843 fuerat,
1313 2791 1521 2832 collocati
1554 2793 1672 2833 sunt.

402 2863 487 2906 Die
509 2863 626 2906 iovis
645 2862 817 2907 XXIII.
841 2862 1016 2904 mensis
1036 2860 1247 2904 Januarii
1269 2861 1418 2904 sessio
1439 2860 1657 2914 secunda,
1679 2873 1769 2915 que
1790 2861 1955 2904 eadem
1974 2861 2051 2903 die

284 2934 515 2977 celebrari
555 2933 771 2987 debebat,
811 2933 870 2975 de
910 2931 1127 2975 mandato
1166 2932 1208 2974 d.
1249 2931 1395 2975 nostri
1434 2943 1556 2985 pape
1596 2932 1824 2975 Johannis
1863 2931 2052 2985 XXIII.,

390 3045 419 3064 a»
445 3039 468 3063 15
490 3037 608 3071 regine.
667 3037 697 3069 b)
720 3037 772 3070 qui
797 3058 800 3061 ,
822 3059 826 3063 ,
851 3058 853 3061 .
881 3035 1096 3063 lausanensis
1117 3035 1196 3068 svhlt
1220 3039 1246 3062 ι’.
1301 3042 1329 3063 c>
1353 3039 1374 3062 ι’
1393 3035 1507 3062 niuei-111
1533 3036 1636 3069 Berge
1657 3037 1689 3062 et
1710 3034 1825 3062 ducein
1846 3033 1993 3062 Bavarie.
