2227 3434
627 142 665 176 B.
708 141 956 176 Avisamente
985 142 1055 175 der
1084 141 1400 176 Reformatorien.
1811 143 1897 185 619

128 260 424 303 monasteriis
460 273 543 302 seu
579 260 792 312 capitulis
830 272 977 312 usque
1016 259 1073 302 ad
1110 260 1372 312 proximum
1411 259 1617 301 futurum
1652 260 1896 301 concilium

126 342 219 372 non
261 329 482 372 concedat
525 331 626 371 sine
670 342 807 372 cause
852 331 1119 382 cognicione
1163 333 1208 371 et
1250 329 1421 371 vocatis
1465 330 1730 381 ordinariis,
1774 330 1896 382 quod

125 404 280 443 tamen
311 401 460 442 locum
491 413 582 442 non
616 401 784 442 habeat
816 401 861 441 in
894 401 1118 453 ecclesiis,
1151 400 1445 442 monasteriis
1478 413 1560 442 seu
1592 400 1806 453 capitulis
1838 400 1894 441 de

125 483 244 513 novo
264 470 542 513 edificandis
564 483 647 512 seu
668 471 1016 523 constituendis,
1038 484 1127 523 que
1147 472 1293 524 possit
1313 483 1338 512 e
1356 484 1384 511 x
1400 483 1429 511 n
1446 484 1474 512 u
1490 483 1518 511 n
1534 484 1556 512 c
1571 472 1626 524 ²¹),
1648 471 1895 513 vicariatus

124 544 169 583 et
218 544 475 584 rectoratus
523 544 755 582 terrarum
803 534 1003 583 ‘ecclesie
1054 541 1258 583 Romane
1307 541 1680 593 constituciones,
1731 541 1894 583 federa

123 612 265 664 pacis,
292 611 432 664 bella,
461 611 725 664 legaciones
754 612 811 653 de
840 612 988 653 latere
1017 624 1099 653 seu
1126 610 1459 665 vicariorum,¹’)
1490 613 1763 653 nunciorum
1794 624 1895 653 auc-

122 682 305 724 toritate
332 682 587 736 legatorum
613 683 670 724 de
696 683 843 724 latere
867 682 1166 735 fungencium
1193 682 1524 735 deputaciones
1550 686 1593 724 et
1618 695 1893 735 quecunque

122 752 267 795 ardua
298 765 381 794 seu
410 752 700 805 pertinencia
729 753 786 794 ad
818 756 984 795 statum
1014 751 1298 795 universalis
1328 753 1539 805 ecclesie,
1571 753 1893 803 decernentes,

122 826 169 864 ut
197 826 327 876 gesta
358 827 516 876 preter
546 823 619 864 vel
651 826 809 865 contra
841 822 1037 864 formam
1069 823 1345 875 premissam
1378 824 1468 865 sint
1498 824 1628 865 nulla
1660 824 1761 876 ipso
1793 824 1891 864 iure

121 905 205 935 nec
233 893 302 936 eis
330 906 355 936 a
384 894 622 936 catholicis
652 894 698 935 in
726 894 882 946 aliquo
910 896 1143 946 pareatur.

238 976 324 1017 Vel
357 975 441 1018 fiat
474 975 739 1028 supradicta
771 975 1042 1017 constitucio
1072 988 1158 1028 per
1190 975 1376 1017 modum
1409 975 1666 1018 addicionis
1699 976 1757 1017 ad
1790 988 1892 1028 pro-

120 1046 375 1088 fessionem
403 1046 629 1088 Bonifacii
657 1046 785 1088 VIII.
814 1059 955 1099 supra
983 1046 1194 1099 proxime
1222 1047 1419 1099 positam
1448 1047 1633 1088 mutatis
1660 1047 1818 1088 verbis
1844 1046 1891 1087 in

118 1116 316 1170 primam
346 1128 609 1169 personam.
654 1117 709 1159 Et
739 1117 824 1159 hoc
858 1117 976 1159 forte
1009 1120 1134 1159 esset
1166 1117 1407 1159 honestius
1440 1130 1577 1170 quam
1609 1130 1694 1170 per
1727 1117 1891 1159 consti-

119 1188 363 1230 tucionem.

235 1270 290 1312 Et
315 1274 474 1323 posset
500 1270 608 1312 addi
636 1270 694 1312 ad
722 1270 1065 1322 professionem
1093 1270 1239 1312 eciam
1267 1270 1390 1323 quod
1416 1271 1627 1323 sequitur
1654 1270 1885 1312 videlicet:

116 1340 336 1383 Rectores
361 1340 418 1383 ad
443 1340 699 1393 regendum
724 1341 986 1394 provincias
1012 1342 1085 1382 vel
1110 1341 1319 1384 civitates
1344 1341 1540 1382 ecclesie
1566 1341 1771 1383 Romane
1797 1341 1888 1382 nisi

118 1411 382 1454 cardinales
424 1412 539 1465 aut“)
586 1412 792 1464 prelatos
836 1424 929 1453 non
974 1412 1163 1465 mittam,
1206 1412 1477 1455 vicariatum
1522 1412 1719 1454 alicuius
1761 1415 1886 1453 terre

115 1483 314 1524 ecclesie
337 1482 427 1523 nisi
453 1482 511 1524 ad
536 1482 789 1524 triennium
814 1495 908 1524 non
931 1482 1182 1524 concedam
1207 1486 1252 1524 et
1277 1483 1336 1524 ad
1360 1482 1713 1524 custodiendum
1737 1486 1887 1524 castra

115 1553 188 1594 vel
220 1551 424 1606 rochasd)
459 1553 656 1596 ecclesie
688 1553 893 1595 Romane
925 1566 1018 1595 non
1050 1553 1225 1595 mittam
1257 1553 1459 1606 aliquem
1491 1554 1886 1606 consanguineum

114 1624 188 1665 vel
213 1623 411 1666 affinem
434 1635 519 1666 nec
545 1624 725 1677 aliquos
749 1625 866 1667 alios
902 1625 1071 1666 ultra
1107 1624 1358 1666 triennium
1383 1624 1644 1666 duraturos.

876 1779 947 1822 Ad
981 1779 1119 1821 idem.

229 1873 344 1925 Quia
381 1873 512 1915 decet
547 1873 803 1915 Romanum
838 1873 1121 1926 pontificem*
1145 1873 1454 1932 ministerium
1490 1886 1623 1914 suum
1659 1885 1757 1914 cum
1795 1872 1884 1914 dis-

113 1944 339 1996 crecione,
379 1956 469 1996 que
511 1947 657 1986 mater
696 1948 767 1986 est
805 1944 1008 1986 omnium
1050 1944 1282 1996 virtutum,
1323 1956 1551 1997 peragere
1591 1944 1881 1996 fratrumque

45 2060 48 2062 ,
112 2026 300 2056 suorum
337 2015 643 2056 cardinalium
681 2015 725 2056 in
764 2016 943 2068 magnis
978 2018 1023 2057 et
1057 2015 1238 2057 concilii
1273 2015 1511 2068 generalis
1547 2014 1592 2055 in
1629 2014 1882 2056 maioribus

111 2084 305 2127 consilio
335 2088 381 2127 et
412 2097 642 2127 consensu
672 2086 752 2138 uti,
786 2085 1034 2127 intendens
1067 2089 1360 2128 sacrosancta
1392 2085 1628 2139 generalis
1662 2085 1882 2127 Constan-

110 2155 281 2199 ciensis
321 2156 526 2209 synodus
565 2156 771 2198 Romane
811 2160 856 2198 et
897 2156 1093 2198 aliarum
1135 2157 1452 2210 ecclesiarum,
1493 2156 1880 2198 monasteriorum

109 2230 156 2268 et
187 2226 381 2268 aliorum
417 2227 620 2268 locorum
653 2228 834 2280 piorum
869 2227 1039 2270 futuris
1072 2227 1333 2280 dispendiis
1366 2227 1745 2269 consideracione
1778 2239 1881 2279 pre-

108 2297 364 2350 teritorum,
392 2298 637 2340 ecclesiam
666 2298 749 2339 Dei
778 2298 1197 2340 scandalizancium
1224 2298 1429 2350 obviare,
1458 2298 1626 2349 statuit,
1654 2297 1809 2340 difinit
1837 2300 1881 2339 et

110 2367 306 2420 ordinat,
350 2368 472 2421 quod
516 2368 738 2421 deinceps
781 2369 881 2422 ipse
925 2369 1159 2411 Romanus
1203 2368 1415 2422 pontifex
1458 2369 1558 2410 sine
1600 2368 1794 2410 consilio
1835 2371 1879 2409 et

108 2449 305 2480 assensu
336 2439 573 2492 generalis
603 2439 785 2480 concilii
818 2452 908 2492 res,
943 2440 1057 2492 iura,
1090 2439 1313 2492 redditus,
1342 2439 1683 2492 possessiones,
1714 2442 1878 2489 castra,

108 2508 330 2562 civitates,
367 2509 518 2561 villas,
556 2509 708 2563 opida,
744 2522 926 2561 census,
963 2511 1231 2563 pensiones,
1269 2522 1471 2551 canones
1509 2522 1591 2552 seu
1628 2510 1719 2551 alia
1757 2510 1877 2551 bona

108 2591 382 2632 quecunque
406 2580 658 2622 immobilia
681 2582 753 2622 vel
777 2581 966 2623 mobilia
987 2581 1199 2634 preciosa
1221 2581 1425 2622 Romane
1449 2584 1493 2623 et
1515 2580 1711 2622 aliarum
1734 2581 1877 2621 eccle-

107 2649 294 2702 siarum,
325 2650 710 2693 monasteriorum
741 2654 824 2706 et⁴³)
859 2652 1055 2693 aliorum
1088 2652 1290 2693 locorum
1322 2651 1740 2693 ecclesiasticorum
1775 2663 1876 2703 pre-

107 2719 330 2762 dictorum
359 2721 406 2762 in
432 2724 708 2773 perpetuum
736 2734 819 2763 seu
847 2722 904 2763 ad
933 2726 1116 2774 tempus
1142 2734 1372 2775 magnum,
1401 2722 1522 2774 quod
1565 2718 1871 2773 intelligiturs)

107 2790 267 2832 decem
289 2803 515 2833 annorum
538 2795 695 2834 contra
720 2793 834 2835 iuris
856 2793 1051 2834 formam
1074 2805 1167 2834 non
1191 2793 1362 2834 alienet
1385 2805 1469 2833 nec
1490 2792 1769 2844 impignoret
1791 2804 1873 2831 seu

107 2860 163 2902 de
199 2873 318 2904 novo
352 2861 563 2904 infeudet
597 2863 681 2916 etss)
722 2863 767 2904 in
804 2863 1113 2916 emphiteosin
1150 2863 1222 2904 vel
1260 2861 1508 2915 affictam¹¹)
1549 2862 1754 2914 assignet
1789 2860 1869 2913 υῑῑ)

211 3006 241 3027 a)
264 3000 287 3026 C
307 2999 460 3027 eximere.
527 3001 558 3029 b)
581 3002 605 3028 (J
623 3002 705 3035 f'nlyl
728 3005 769 3030 et,
835 3008 863 3035 c)
886 3004 908 3029 C
926 3004 966 3029 et,
1036 3003 1067 3029 «1»
1092 3003 1127 3028 Ιιι
1154 3004 1177 3028 lv*
1197 3003 1342 3028 ‹lm-iihei-
1365 3009 1474 3035 arce&
1495 3002 1525 3027 in
1548 3003 1568 3025 N
1587 3000 1775 3034 nnzqelwhst:
1797 3001 1827 3025 in
1853 3001 1875 3025 Ι]

105 3053 169 3072 nm·
190 3045 316 3073 rochas.
394 3053 422 3077 c)
444 3050 467 3075 (J
485 3056 551 3075 scu.
626 3049 650 3081 f)
672 3052 695 3075 (f
716 3049 932 3083 intelligatur.
1006 3052 1037 3083 g)
1061 3052 1083 3077 (J
1100 3054 1166 3077 aut.
1242 3051 1273 3077 li»
1296 3052 1318 3075 (¹
1337 3049 1492 3076 osticium,
1568 3048 1587 3075 i»
1611 3050 1634 3072 (¹
1652 3054 1718 3074 nce.
