2102 3444
265 121 349 166 176
799 122 825 158 1.
849 123 1062 159 Abschnitt.
1099 123 1502 171 Konzilstagebiicher.

264 239 374 283 timo
401 240 549 284 lustro
575 241 624 283 in
648 242 958 286 celeberrimo
985 247 1030 286 et
1057 244 1371 288 sacratissimo
1396 247 1591 290 concilio
1617 247 1788 290 Pisano
1815 247 1906 291 duo
1933 261 2037 292 con-

264 312 511 355 tendentes
538 313 757 355 canonice
786 313 953 356 deiecti
979 318 1099 369 sunt,
1126 318 1172 358 et
1198 316 1347 370 unico,
1373 329 1486 360 vero
1511 321 1556 360 et
1581 318 1842 362 indubitato
1865 319 2038 362 vicario

266 382 437 425 Christi
473 384 635 437 electo,
671 384 824 426 unitas
860 385 940 427 diu
975 386 1243 429 desiderata
1277 388 1475 430 ecclesie
1510 390 1725 432 restituta
1759 393 1844 444 est,
1878 390 2036 444 Roma,

264 455 594 506 patrimonium
620 455 743 498 beati
767 456 908 509 Petri,
933 460 977 498 et
1002 460 1095 499 tota
1119 457 1221 499 fere
1245 459 1566 512 temporalitas
1589 460 1786 503 ecclesie
1812 461 1871 503 de
1893 460 2037 503 mani-

267 524 351 566 bus
381 525 810 578 potentissimorum
842 527 1044 570 hostium
1076 528 1120 569 vi
1153 532 1332 582 erepta:
1380 529 1609 572 Palatium
1641 530 1959 574 Avinionense
1992 534 2038 574 et

266 596 357 637 alia
394 597 493 639 loca
529 597 853 652 munitissima,
889 610 980 651 que
1017 599 1297 652 apostaticus
1333 600 1500 644 Petrus
1537 602 1594 643 de
1631 601 1763 644 Luna
1798 603 1847 644 in
1882 614 2037 645 arcem

264 671 496 721 erexerat,
520 672 625 722 post
650 669 836 722 longam
862 669 1153 712 obsidionem
1180 670 1417 714 deditione
1443 676 1763 726 pervenerunt
1788 672 1848 715 ad
1871 685 2038 716 manus

264 738 476 792 ecclesie,
506 738 753 782 Ladislaus
783 752 870 782 rex
901 741 960 783 ad
991 741 1284 784 obsidionem
1314 742 1445 785 urbis
1474 755 1752 798 properans,
1784 743 1833 786 in
1863 743 2038 797 campis

263 809 530 862 patentibus
554 822 641 864 per
663 814 827 864 gentes
851 812 1049 854 ecclesie
1074 813 1234 866 victus,
1259 816 1390 866 terga
1415 817 1600 856 vertere
1624 817 1806 858 coactus
1831 817 1915 858 est.
1952 815 2037 869 Ha,

265 892 402 933 quam
431 872 574 923 variis
604 882 754 925 modis
784 883 1023 937 impugnat
1052 883 1268 937 perfidus
1297 884 1444 927 hostis
1473 885 1720 928 ecclesiam
1750 885 1868 928 Dei‘?
1912 885 2038 928 Post-

263 964 401 1005 quam
431 951 644 995 inimicus
674 953 871 996 ecclesie
903 954 1049 996 sensit
1081 967 1130 997 se
1162 958 1323 1009 aperte
1354 955 1498 997 nichil
1528 956 1763 1010 proficere
1793 969 1948 1011 posse,
1979 955 2038 1000 ad

264 1022 396 1066 dolos
425 1026 470 1065 et
499 1023 692 1066 astutias
722 1024 1019 1077 serpentinas
1048 1038 1098 1068 se
1125 1029 1419 1080 convertens,
1447 1026 1661 1080 pecuniis
1690 1030 1735 1069 et
1762 1027 2038 1070 muneribus

262 1098 426 1148 gentes
459 1095 657 1137 ecclesie
690 1107 991 1149 corrumpere
1023 1100 1068 1139 et
1100 1097 1159 1139 ad
1191 1110 1241 1139 se
1274 1097 1572 1151 transfugere
1603 1098 1871 1152 procuravit
1902 1101 1948 1141 et
1979 1097 2038 1141 ad

264 1165 393 1208 urbis
425 1166 582 1208 menia
615 1169 968 1210 castrametatus
1000 1168 1180 1210 locutus
1211 1171 1283 1210 est
1315 1168 1363 1210 in
1396 1168 1502 1211 dolo
1534 1168 1680 1211 verba
1710 1168 1922 1222 pacifica.
1968 1169 2038 1211 En

263 1237 392 1290 pacis
415 1249 586 1279 nomen
610 1250 748 1291 quam
772 1241 981 1280 sanctum
1004 1239 1103 1281 est‘?
1141 1239 1241 1281 Pax
1263 1252 1289 1282 a
1312 1242 1500 1282 versuto
1522 1240 1654 1283 hoste
1678 1240 1835 1283 oblata
1857 1240 2038 1283 animos

264 1308 550 1350 audientium
580 1309 794 1362 pellexit:
841 1309 1096 1363 maluitque
1129 1310 1449 1353 sanctissimus
1480 1310 1696 1354 dominus
1725 1314 1900 1365 noster,
1931 1310 2037 1353 licet

263 1379 332 1421 illi
354 1380 501 1423 hostis
524 1380 731 1423 versutia
754 1380 867 1422 satis
891 1380 1140 1422 admodum
1163 1384 1289 1424 esset
1311 1382 1569 1436 explorata,
1594 1381 1835 1436 quodlibet
1856 1382 2038 1436 pericu-

264 1451 358 1492 lum
387 1450 547 1493 subire
578 1463 715 1505 quam
743 1463 907 1504 pacem
936 1451 1139 1494 oblatam
1167 1451 1391 1495 refutare.
1433 1452 1507 1495 Sic
1536 1452 1650 1495 inita
1676 1465 1771 1506 pax
1797 1455 1871 1495 est
1898 1455 2036 1505 atque

262 1521 449 1564 firmata
481 1521 676 1576 ipseque
707 1535 793 1564 rex
824 1522 1072 1565 Ladislaus
1104 1522 1316 1566 abiurato
1347 1523 1601 1577 apostatico
1630 1523 1813 1577 Angelo
1844 1523 2038 1566 Corario

264 1593 555 1635 sanctissimo
584 1594 772 1636 domino
797 1597 958 1636 nostro
984 1594 1248 1648 plenariam
1276 1593 1592 1637 obedientiam
1619 1594 1818 1648 prestitit
1848 1597 1894 1637 et
1920 1593 2038 1636 fide-

263 1665 404 1708 litatis
433 1665 698 1718 homagium
727 1678 813 1719 pro
843 1678 988 1719 regno
1017 1664 1186 1708 Sicilie.
1228 1665 1362 1720 Vide,
1392 1665 1516 1719 quod
1546 1668 1652 1719 apte
1682 1665 1800 1708 dixit
1826 1677 1948 1708 unus
1977 1677 2037 1708 ex

262 1736 623 1789 legislatoribus,
661 1736 784 1790 quod
821 1736 1063 1779 satisdatio
1100 1748 1185 1779 seu
1219 1737 1471 1790 promissio
1507 1736 1798 1790 propositum
1833 1735 2035 1779 hominis

261 1807 469 1850 malivoli
509 1820 604 1849 non
647 1808 869 1849 immutat.
925 1808 1034 1850 Post
1078 1807 1368 1861 aliquantum
1410 1807 1634 1861 temporis
1675 1806 2036 1861 oportunitatem

261 1881 436 1933 nactus,
461 1877 572 1920 forti
596 1891 738 1920 manu
761 1882 888 1921 terra
912 1879 1124 1932 marique
1152 1882 1320 1932 coacta,
1347 1878 1584 1920 dominum
1609 1881 1820 1920 nostrum
1844 1877 1893 1920 in
1917 1877 2035 1920 urbe

261 1949 575 2004 circumvenit,
610 1953 656 1992 et
690 1952 823 1992 nocte
861 1950 1017 1992 menia
1053 1949 1184 1991 urbis
1221 1949 1502 2003 suffodiens,
1538 1961 1675 1992 mane
1710 1949 1834 1992 facto
1869 1948 2034 1991 urbem

259 2020 410 2075 ipsam
445 2020 677 2064 hostiliter
713 2021 970 2074 ingressus,
1008 2020 1246 2063 dominum
1282 2023 1494 2063 nostrum
1529 2023 1576 2063 et
1611 2019 2034 2063 reverendissimos

259 2095 418 2145 patres
438 2092 480 2134 d.
502 2091 767 2134 cardinales
785 2091 1125 2144 intercepisset,
1146 2092 1237 2133 nisi
1257 2091 1367 2144 fuge
1387 2091 1598 2145 presidio
1616 2090 1674 2133 de
1694 2090 1910 2133 manibus
1928 2103 2034 2144 per-

261 2164 556 2217 sequentium
574 2163 775 2205 hostium
796 2162 998 2205 fuissent
1020 2161 1219 2204 liberati.
1251 2162 1369 2215 Heu,
1391 2165 1499 2215 quot
1521 2162 1643 2204 mala
1663 2161 1776 2204 vidit
1796 2161 1880 2204 illa
1897 2161 2029 2203 dies?

258 2234 416 2288 Aliqui
447 2248 506 2276 ex
536 2233 854 2276 cardinalibus
885 2234 1115 2286 captivati,
1146 2234 1309 2286 plures
1337 2232 1604 2286 presbyteri
1634 2235 1679 2274 et
1710 2231 1866 2274 clerici
1896 2232 2033 2275 truci-

261 2305 368 2359 dati,
392 2305 524 2347 multi
548 2305 824 2346 vulneribus
850 2304 1023 2346 affecti.
1063 2303 1275 2345 Curiales
1300 2315 1462 2346 omnes
1484 2302 1735 2356 exspoliati
1758 2302 1896 2345 bonis
1919 2302 2031 2356 suis,

260 2376 451 2418 basilice
481 2375 797 2428 apostolorum
825 2375 1131 2428 prophanate,
1161 2374 1268 2427 equi
1296 2374 1344 2416 in
1371 2374 1467 2417 illis
1494 2374 1670 2427 passim
1699 2373 1933 2427 stabulati,
1962 2385 2032 2415 ec-

257 2448 400 2490 clesie
440 2447 571 2489 urbis
610 2446 837 2499 crucibus,
877 2445 1112 2499 calicibus,
1153 2457 1377 2498 sacroque
1417 2448 1584 2487 ornatu
1621 2444 1804 2498 reliquo
1843 2443 2030 2497 nudate,

259 2518 475 2571 quodque
504 2518 674 2560 horreo
701 2516 933 2569 referens,
959 2515 1263 2570 perditissimi
1290 2516 1504 2558 homines
1532 2516 1581 2557 in
1607 2515 1816 2558 tabernis
1842 2514 2030 2569 publice

260 2590 405 2632 sacris
431 2588 652 2631 calicibus
675 2588 948 2642 poculorum
972 2587 1069 2628 vice
1096 2587 1230 2629 abusi
1255 2590 1374 2628 sunt.
1411 2587 1509 2638 Quo
1532 2599 1626 2629 non
1650 2588 1865 2639 erumpat
1887 2584 2032 2628 effre-

258 2663 365 2703 nata
389 2659 645 2713 cupiditas?
688 2659 909 2700 Mulieres
932 2658 1128 2700 honeste
1152 2658 1451 2710 virginesque
1476 2657 1624 2699 dicate
1650 2656 1834 2699 Christo
1854 2655 2030 2710 passim

259 2734 405 2785 rapte,
428 2730 612 2785 probati
635 2731 759 2772 cives
783 2732 919 2782 atque
943 2728 1102 2782 optimi
1126 2729 1335 2781 relegati,
1359 2731 1405 2770 et
1426 2740 1588 2770 eorum
1611 2727 1872 2781 proscripta
1892 2726 2028 2769 bona.

258 2803 368 2854 Quis
402 2802 530 2845 illius
564 2799 658 2844 diei
689 2799 848 2843 clades
881 2799 1154 2841 enumeret?
1201 2799 1459 2852 Nunquam,
1493 2799 1533 2840 si
1567 2798 1639 2840 cui
1671 2800 1803 2840 vacet
1833 2796 2030 2840 annales

258 2873 492 2925 evolvere,
524 2873 585 2914 ‘ab
619 2873 716 2914 ullo
749 2871 988 2913 hominum
1021 2882 1196 2924 genere
1230 2872 1356 2912 tanta
1390 2869 1605 2922 impietas
1639 2870 1912 2922 presumpta
1942 2869 2028 2910 est.

258 2943 453 2997 Semper
495 2942 634 2986 etiam
676 2942 801 2996 apud
841 2941 1042 2996 gentiles
1085 2953 1217 2984 sacra
1258 2939 1550 2982 venerationi
1589 2939 1813 2994 precipue
1854 2937 2026 2981 hab-ita.

257 3015 393 3058 Solus
421 3014 667 3057 Balthasar
695 3012 744 3056 in
769 3011 970 3067 profano
997 3010 1207 3054 convivio
1236 3009 1381 3059 sacris
1408 3009 1534 3054 vasis
1561 3009 1737 3054 abusus
1763 3009 1868 3064 ipsa
1892 3010 2028 3051 nocte
