2102 3444
293 109 377 154 160
827 109 852 144 Ι.
878 108 1089 145 Abschnitt.
1126 108 1529 155 Konzssstagebficher.

292 231 396 281 post
436 227 684 282 prandium
727 228 962 271 mandavit
1004 228 1186 282 aliquos
1226 228 1490 273 cardinales
1531 233 1576 272 et
1617 229 1912 284 deliberavit,
1952 228 2064 284 quid

293 298 538 352 agendum.

409 369 646 412 Laudetur
670 373 717 412 et
745 369 1048 412 benedicatur
1075 370 1344 424 altissimuS‚
1371 372 1449 424 qui
1477 371 1605 414 dedit
1628 372 1714 413 hec
1739 371 1788 413 in
1813 383 1928 425 pace
1954 370 2063 413 fieri

292 443 336 482 et
366 440 612 483 ecclesiam
644 441 730 483 sub
762 453 854 483 uno
885 442 1034 495 capite
1066 440 1294 484 constitui.

421 511 508 553 Die
538 511 766 567 dominica
796 511 918 554 XXI.
949 512 1223 555 Novembris
1252 524 1376 566 papa
1404 513 1452 554 in
1481 513 1681 555 ecclesia
1711 511 2063 555 Constanciensi

290 593 376 635 per
424 582 694 636 episcopum
742 582 1004 625 Ostiensem
1054 582 1340 625 cardinalem
1388 586 1685 626 consecratus
1734 582 1834 626 fuit.
1895 582 2062 626 Postea

292 655 426 695 extra
452 652 699 695 ecclesiam
727 656 771 695 et
800 653 1002 696 stalfodo
1030 654 1123 696 alto
1150 652 1197 695 in
1225 657 1352 696 curte
1380 654 1637 707 episcopali
1664 666 1751 707 per
1778 652 2064 696 cardinalem

290 722 578 766 Saluciarum
609 724 866 777 dyaconum
896 727 1143 767 coronatus
1173 727 1395 778 presente
1428 725 1476 767 in
1505 724 1720 768 omnibus
1750 724 2062 767 Romanorum

293 806 403 848 rege
443 807 545 836 cum
585 794 910 848 imperialibus
950 795 1179 849 insigniis.
1231 795 1287 837 Et
1328 795 1499 838 deinde
1540 795 1662 838 facta
1701 794 1941 850 processio
1976 807 2064 849 per

291 877 461 918 papam
481 867 530 907 ,et
551 866 774 919 prelatos,
796 878 919 919 papa
942 865 990 908 in
1012 866 1177 920 thyara
1201 869 1245 908 et
1268 866 1463 920 prelatis
1487 867 1536 908 in
1558 866 1722 920 mitris,
1746 865 2063 909 cardinalibus

291 938 444 978 autem
474 936 523 978 in
551 936 852 990 pluvialibus,
881 936 1172 990 presbyteris
1202 937 1249 979 in
1278 936 1483 990 planetis
1513 949 1598 980 seu
1627 936 1813 990 casulis,
1841 936 2063 990 dyaconis

290 1007 337 1048 in
369 1007 629 1049 dalmaticis
661 1010 706 1049 et
736 1007 950 1050 omnibus
982 1007 1028 1049 in
1059 1007 1192 1061 equis
1222 1008 1454 1061 coopertis
1484 1020 1595 1061 rege
1628 1007 1941 1050 Romanorum
1970 1006 2062 1049 fre—

290 1089 400 1119 num
422 1090 544 1131 pape
567 1080 772 1131 tenente,
793 1078 914 1132 pede
937 1081 982 1121 et
1002 1079 1219 1132 pluribus
1242 1078 1451 1132 ducibus,
1474 1077 1718 1121 comitibus
1740 1081 1786 1121 et
1807 1077 2063 1121 baronibus

290 1147 629 1191 associantibus
656 1160 743 1202 per
771 1151 928 1191 totum.
973 1148 1104 1191 Iudei
1133 1149 1182 1191 in
1210 1149 1364 1192 medio
1392 1149 1589 1191 civitatis
1619 1149 1668 1191 in
1695 1161 1790 1191 uno
1818 1147 2063 1202 quadrivio

289 1218 443 1261 vestiti
476 1219 744 1262 sacerdotes
775 1231 951 1273 eorum,
984 1220 1101 1263 sicut
1130 1220 1283 1263 solent
1314 1221 1362 1262 in
1395 1219 1653 1273 sacrificiis,
1685 1221 1732 1262 et
1760 1219 1914 1262 rotulo
1943 1219 2062 1273 legis

290 1289 376 1332 sub
407 1289 554 1344 pallio
588 1289 738 1334 serico
772 1291 1094 1333 salutaverunt
1126 1303 1310 1345 papam,
1344 1291 1503 1333 nescio
1535 1290 1650 1344 quid
1681 1289 1961 1345 petiverunt.
2009 1289 2062 1332 In

289 1361 591 1414 processione
630 1360 828 1404 missilia
866 1360 1155 1404 iactabantur
1196 1362 1244 1403 in
1283 1362 1464 1415 vulgus,
1506 1361 1682 1405 scilicet
1721 1361 2063 1416 spargebantur

288 1432 501 1486 pecunie,
540 1431 687 1474 instar
725 1431 1039 1475 Romanorum
1076 1432 1425 1486 imperatorum.
1477 1432 1606 1486 Papa
1644 1443 1866 1475 reversus
1904 1433 1976 1475 est
2013 1431 2062 1473 in

288 1503 534 1558 palacium,
565 1502 710 1546 nullis
741 1502 869 1546 dedit
898 1502 1162 1556 prandium.

407 1573 516 1615 Post
545 1573 727 1627 aliquos
756 1573 858 1617 dies
886 1586 1010 1628 papa
1038 1573 1216 1616 vocavit
1244 1573 1542 1627 presidentes
1571 1572 1818 1616 nacionum
1844 1575 1891 1616 et
1919 1572 2062 1626 depu-

288 1646 407 1687 tatos
434 1643 692 1688 sollicitans
718 1644 898 1686 intendi
926 1644 985 1687 ad
1011 1644 1415 1687 reformacionem.
1456 1644 1512 1686 Et
1539 1643 1778 1697 deputavit
1804 1656 1889 1687 sex
1916 1642 2063 1686 cardi-

288 1715 437 1768 nales,
466 1715 545 1769 qui
574 1718 733 1757 essent
761 1728 863 1757 cum
892 1715 1125 1769 deputatis
1152 1714 1412 1758 nacionum.
1454 1715 1509 1757 Et
1536 1717 1759 1757 vacarunt
1785 1714 1868 1757 XV
1895 1717 1942 1757 et
1969 1726 2062 1757 am-

288 1786 413 1839 plius
445 1785 611 1829 diebus
642 1785 763 1828 circa
793 1787 1036 1829 materiam
1067 1785 1410 1829 reservacionis
1440 1785 1759 1839 ecclesiarum,
1790 1783 2062 1828 monasteri—

289 1868 421 1898 orum
453 1859 501 1899 et
537 1856 891 1910 beneficiorum,
928 1857 1228 1910 eleccionum,
1264 1856 1677 1899 confirmacionum
1712 1859 1758 1898 et
1792 1854 2061 1899 collacionis

288 1926 644 1982 beneficiorum,
671 1926 720 1969 in
747 1927 915 1981 quibus
942 1928 1164 1970 naciones
1191 1927 1384 1971 fuerunt
1409 1927 1650 1970 discordes
1678 1926 1800 1970 inter
1828 1938 1879 1970 se
1907 1929 1953 1969 et
1980 1925 2062 1970 ali-

289 2010 378 2052 que
412 2010 515 2040 cum
547 1997 880 2041 cardinalibus.

406 2068 506 2112 Hiis
543 2068 860 2122 pendentibus
898 2081 983 2111 rex
1023 2069 1350 2122 Romanorum,
1390 2068 1534 2122 legati
1569 2079 1731 2123 regum
1771 2067 1976 2110 Castelle
2015 2069 2061 2110 et

288 2140 554 2193 Aragonum
582 2142 675 2182 tam
704 2152 790 2193 pro
819 2139 1024 2193 regibus,
1054 2151 1192 2193 quam
1222 2151 1307 2192 pro
1337 2152 1387 2182 se
1418 2139 1561 2182 multa
1587 2138 1855 2193 petiverunt
1882 2150 1909 2181 a
1936 2149 2060 2192 papa

289 2209 530 2253 excessive
563 2212 608 2253 et
638 2210 890 2264 presertim
922 2210 1048 2263 regis
1079 2210 1347 2263 Aragonum
1380 2210 1525 2252 multa
1558 2209 1717 2263 iniqua
1748 2212 1795 2251 et
1825 2208 1885 2251 de
1917 2209 2060 2251 rebus

287 2280 590 2323 ecclesiarum
623 2280 712 2324 sibi
742 2283 971 2334 perpetuo
1003 2279 1325 2324 concedendis.

403 2351 571 2394 Petivit
598 2352 726 2393 *enim
758 2364 844 2393 rex
874 2351 1187 2393 Romanorum
1219 2350 1309 2393 sibi
1340 2350 1449 2392 fieri
1482 2350 1598 2393 duos
1629 2349 1909 2403 cardinaIeS,
1942 2362 2057 2404 quos

286 2422 442 2477 vellet,
468 2422 593 2475 quod
619 2425 720 2464 erat
743 2433 900 2475 grave,
928 2422 1037 2474 quia
1062 2424 1197 2463 erant
1222 2420 1437 2476 XXIII,²³)
1468 2424 1514 2463 et
1541 2422 1588 2463 in
1612 2420 1807 2463 concilio
1833 2420 2058 2474 agebatur

289 2492 346 2535 de
370 2505 568 2535 numero
591 2492 858 2535 minuendo.

409 2563 523 2606 Item
563 2563 680 2606 duos
719 2563 897 2616 legatos
937 2562 994 2604 de
1033 2563 1195 2615 latere,
1234 2574 1377 2604 unum
1418 2563 1465 2604 in
1503 2562 1734 2615 Almania,
1773 2562 1972 2604 alterum
2009 2560 2057 2603 in

286 2633 540 2688 Hungaria,
567 2633 692 2687 quod
718 2633 864 2676 eciam
890 2635 1082 2686 propter
1109 2633 1267 2686 multa,
1295 2644 1384 2686 que
1412 2631 1619 2675 scribere
1646 2644 1741 2675 non
1769 2631 1889 2686 licet,
1914 2643 2057 2692 grave

286 2704 426 2748 nimis
454 2704 692 2748 existeret.

401 2775 580 2829 Tercio,
609 2774 733 2829 quod
761 2774 1032 2817 auctoritate
1061 2773 1314 2827 apostolica
1344 2773 1738 2816 confirmarentur
1766 2772 1855 2816 sibi
1880 2774 1928 2815 et
1957 2783 2055 2817 suc-

287 2846 554 2889 cessoribus
583 2844 805 2900 primarie
836 2857 1017 2899 preces,
1047 2844 1131 2886 hoc
1162 2847 1247 2897 est,
1279 2844 1403 2898 quod
1433 2844 1481 2886 in
1511 2843 1720 2897 qualibet
1744 2843 1948 2886 ecclesia
1976 2843 2058 2886 im-

285 2916 407 2971 perii
433 2919 479 2960 et
507 2916 705 2971 quilibet
732 2915 882 2959 factus
910 2927 996 2957 rex
1022 2914 1335 2957 Romanorum
1363 2914 1497 2957 daret
1523 2926 1664 2957 unam
1691 2913 1983 2968 prebendam
2010 2915 2057 2956 et

352 3017 355 3021 “
389 3020 419 3055 a)
440 3020 479 3054 B,
501 3019 660 3048 OXXVIL
