2227 3434
559 183 597 217 E.
639 184 717 218 Der
741 183 841 218 liber
865 186 1058 227 gestorum
1086 184 1155 218 des
1181 183 1422 219 Cerretanus.
1790 186 1875 228 315

108 305 282 354 cuncta,
314 314 403 354 que
437 301 577 343 iidem
610 302 712 343 viva
744 314 854 343 voce
886 314 1151 355 proponere
1184 305 1229 343 et
1260 314 1484 354 perorare
1516 304 1657 344 vestri
1692 306 1737 344 et
1769 303 1873 345 dicti

111 373 233 426 regis
262 374 393 426 parte
425 375 644 413 curarunt
675 372 827 414 animo
857 375 902 414 et
932 372 1032 414 auri
1062 373 1205 425 gratis
1235 376 1279 414 et
1310 372 1540 415 benivolis
1570 376 1742 415 attente
1773 387 1877 426 per-

107 444 314 496 cepimus
349 445 394 484 et
428 442 700 484 audivimus.
748 443 923 484 Verum
959 443 1065 496 quia
1101 443 1157 484 de
1192 444 1399 496 presenti
1434 446 1627 496 propter
1663 445 1874 497 ingentes

107 517 151 556 et
181 513 352 565 arduas
384 512 722 566 occupationes,
755 525 843 566 que
876 513 1010 556 nobis
1041 517 1132 556 tam
1164 527 1222 555 ex
1255 514 1423 556 acerbo
1455 517 1499 556 et
1529 513 1682 555 flebili
1715 516 1874 556 mortis

107 596 214 626 casu
246 584 402 626 inclite
431 584 653 626 memorie
685 584 807 637 regis
836 584 1102 638 Aragonum
1132 585 1285 637 patrui
1313 584 1460 627 nostri
1490 585 1793 627 amantissimi
1825 598 1875 627 ac

106 655 270 697 tutoris
305 667 442 708 quam
480 655 595 697 alias
632 667 870 696 emersere
908 655 981 697 de¹
1002 667 1121 697 novo
1154 668 1305 708 eaque
1340 655 1460 697 circa
1495 655 1759 698 huiusmodi
1797 669 1875 697 ne-

104 726 277 778 gotium
309 738 437 768 more
470 725 680 767 divorum
713 725 1060 778 progenitorum
1092 729 1356 768 nostrorum
1389 726 1610 768 ardenter
1640 730 1875 780 gestamus

106 795 151 837 in
188 799 402 848 mentem,
438 799 484 838 ut
519 796 565 838 in
601 799 749 838 actum
784 796 1164 850 produceremus,
1198 796 1423 840 hactenus
1457 798 1747 850 oportunitas
1782 810 1874 840 non

107 866 280 919 arrisit3
307 879 550 920 speramus
574 870 728 909 tamen
754 867 799 908 in
824 868 926 910 eius
950 867 1210 920 clementia,
1235 867 1312 920 qui
1335 868 1474 910 corda
1499 871 1543 910 et
1568 871 1694 911 actus
1719 868 1875 922 dirigit

105 949 280 991 regum,
310 938 433 991 quod
461 950 531 991 ea,
561 950 652 991 que
681 938 1004 981 vehementius
1031 941 1200 992 urgent
1225 939 1458 981 >succincto
1486 942 1532 981 et
1562 939 1743 981 decenti
1772 952 1876 993 per-

105 1009 386 1062 stringemus
414 1008 727 1051 remediorum
754 1009 1084 1063 compendio,a)
1116 1022 1166 1052 ac
1193 1010 1407 1062 protinus
1432 1012 1524 1052 tota
1552 1013 1706 1052 mente
1734 1013 1780 1052 et
1805 1023 1875 1052 co-

105 1082 214 1122 natu
242 1079 301 1122 ad
328 1079 674 1133 expeditionem
707 1080 774 1122 rei
803 1081 940 1122 huius
969 1080 1105 1122 nobis
1136 1080 1535 1123 desideratissime
1564 1081 1781 1123 alacriter
1810 1081 1875 1122 in-

105 1150 388 1203 cumbemus,
429 1151 491 1193 sic
530 1151 651 1204 quod
692 1151 846 1194 divina
886 1151 1074 1194 favente
1113 1151 1260 1204 gratia
1299 1151 1418 1194 circa
1456 1164 1525 1204 ea,
1566 1165 1655 1205 que
1693 1152 1873 1206 agenda

105 1225 224 1274 sunt,
246 1225 423 1264 mature
445 1226 490 1264 et
510 1235 610 1264 cum
633 1223 755 1264 omni
777 1223 1116 1264 acceleratione
1135 1222 1351 1275 possibili
1372 1222 1713 1275 festinabimus,
1737 1223 1873 1277 quod,

104 1291 147 1333 in
195 1295 416 1345 quantum
460 1305 545 1336 nos
590 1294 838 1346 concernit,
884 1294 1108 1335 talentum
1152 1294 1288 1335 nobis
1335 1307 1359 1336 a
1405 1293 1590 1336 domino
1634 1294 1874 1345 creditum,

104 1365 275 1417 sancte,
308 1364 440 1417 iuste,
471 1363 679 1406 fideliter
710 1364 863 1406 eidem
894 1367 940 1406 et
969 1365 1089 1407 alme
1121 1365 1254 1406 matri
1286 1368 1443 1407 nostre
1475 1364 1671 1407 ecclesie
1702 1365 1874 1407 infalli-

103 1433 260 1476 biliter
286 1435 623 1487 persolvemus.
662 1434 890 1489 Scriptum
918 1435 1042 1488 apud
1068 1435 1380 1478 Vallemoleti.

223 1505 336 1548 Item
366 1505 567 1548 debebat
597 1506 706 1548 fieri
738 1506 904 1549 similis
935 1507 1120 1549 mutatis
1152 1506 1384 1550 mutandis
1416 1507 1457 1549 d.
1490 1506 1758 1560 imperatori
1790 1510 1872 1549 etc.

223 1576 335 1619 Item
368 1576 506 1619 aliam
537 1578 760 1620 minutam
792 1577 1042 1620 secundam
1074 1577 1288 1620 fecerunt
1318 1577 1423 1620 dicti
1455 1578 1798 1620 ambassatores
1829 1581 1873 1619 et

102 1647 333 1690 dederunt
359 1648 553 1690 consilio
580 1648 783 1691 Castelle
810 1651 1038 1701 tenentes,
1065 1648 1201 1701 quod,
1229 1649 1266 1690 si
1293 1661 1386 1691 non
1414 1649 1459 1690 in
1486 1649 1571 1691 hac
1597 1648 1747 1691 forma
1772 1661 1873 1691 ver-

103 1718 266 1761 borum
301 1719 465 1762 saltem
498 1719 545 1761 in
582 1720 666 1762 ista
702 1719 959 1762 substantia
996 1719 1197 1762 debebat
1229 1719 1337 1761 fieri
1372 1723 1417 1762 et
1449 1719 1638 1762 concedi
1671 1720 1759 1762 ista
1793 1720 1873 1761 mi-

103 1793 211 1833 nuta
245 1802 407 1832 eorum
444 1789 612 1832 iudicio
646 1803 769 1843 casu,
804 1803 895 1843 quo
930 1790 1115 1833 domina
1150 1790 1311 1844 regina
1345 1794 1390 1832 et
1425 1791 1668 1833 consilium
1703 1792 1871 1833 bonam

103 1860 405 1903 intentionem
436 1861 493 1903 ad
524 1862 758 1911 unionem,
790 1861 847 1904 de
878 1874 968 1914 quo
998 1861 1127 1904 multi
1159 1861 1446 1914 dubitabant,
1476 1861 1730 1913 habebant;
1763 1865 1872 1904 atta-

103 1944 207 1974 men
237 1932 384 1985 ipsius
411 1932 757 1986 expeditionem
785 1932 962 1974 habere
991 1945 1083 1974 non
1112 1935 1375 1986 potuerunt.
1856 1948 1861 1950 Α

217 2003 457 2046 -Johannes
484 2003 569 2045 Dei
596 2003 743 2057 gratia
771 2017 854 2045 rex
883 2003 1085 2046 Castelle
1113 2008 1158 2046 et
1183 2003 1401 2057 Legionis
1429 2007 1510 2046 etc.
1551 2004 1660 2046 Rev.
1690 2005 1736 2045 in
1764 2003 1869 2046 Chr.

102 2086 144 2126 p.
169 2074 429 2127 ceterisque
454 2074 807 2117 venerabilibus
831 2078 876 2116 et
901 2074 1100 2128 egregiis
1126 2074 1240 2117 viris
1264 2075 1502 2117 nationum
1531 2075 1703 2127 italice,
1730 2075 1871 2117 Galli-

102 2157 229 2197 cane,
253 2144 529 2188 Germanice
554 2149 601 2188 et
624 2145 878 2199 Anglicane
904 2145 1172 2188 Constantie
1195 2147 1436 2199 provincie
1465 2146 1744 2199 Maguntine,
1768 2158 1871 2199 pre-

101 2215 360 2258 sentialiter
385 2216 688 2270 congregatis,
715 2216 873 2259 amicis
899 2220 943 2258 et
966 2216 1198 2259 benivolis
1222 2217 1394 2259 nostris
1421 2216 1664 2259 sinceriter
1689 2216 1869 2259 dilectis

101 2286 296 2329 salutem
323 2290 368 2329 et
392 2299 461 2340 ea,
488 2300 577 2340 que
603 2287 730 2341 pacis
755 2287 952 2330 ecclesie
979 2291 1097 2341 sunt,
1124 2287 1325 2330 feliciter
1347 2287 1518 2330 intueri
1545 2291 1591 2330 et
1617 2287 1869 2330 salubriter

101 2357 347 2410 perficere.
393 2358 550 2411 Nuper
585 2358 813 2411 siquidem
849 2361 1029 2401 vestras
1062 2358 1370 2401 exortatorias
1406 2359 1463 2401 ad
1497 2359 1867 2412 prosecutionem

101 2428 226 2481 pacis
254 2432 300 2471 et
325 2430 513 2472 unionis
542 2429 738 2472 ecclesie
769 2433 1059 2472 sacrosancte
1089 2442 1175 2472 nec
1203 2443 1296 2472 non
1327 2429 1614 2472 serenissimi
1644 2429 1868 2483 principis

100 2499 141 2541 d.
170 2498 451 2553 Sigismundi
482 2500 566 2542 Dei
593 2501 740 2553 gratia
769 2500 1081 2542 Romanorum
1110 2503 1155 2543 et
1183 2500 1387 2554 Ungarie
1417 2504 1498 2543 etc.
1530 2500 1653 2554 regis
1683 2513 1868 2553 semper

100 2570 294 2623 augusti,
328 2569 488 2614 fratris
521 2572 665 2614 nostri
703 2571 944 2624 carissimi,
980 2571 1262 2614 credentiam
1299 2571 1344 2613 in
1380 2584 1607 2625 personas
1641 2570 1864 2613 nobilium

102 2644 146 2683 et
180 2642 472 2695 egregiorum
510 2641 712 2684 virorum
750 2642 962 2684 Ottoboni
1001 2642 1057 2684 de
1083 2629 1302 2685 Bellonis
1340 2642 1453 2684 iuris
1490 2642 1730 2695 utriusque
1767 2642 1867 2684 doc-

101 2712 226 2765 toris,
264 2711 502 2755 Michaelis
535 2712 647 2755 Jack
680 2713 852 2765 militis,
885 2713 1118 2756 Lamberti
1154 2713 1210 2755 de
1245 2713 1407 2766 Stipite
1441 2713 1731 2755 decretorum
1767 2713 1867 2754 doc-

100 2781 225 2834 toris,
251 2782 421 2835 prioris
448 2783 504 2825 de
533 2783 754 2837 Bertraya
782 2797 833 2826 ac
859 2784 981 2826 Petri
1009 2784 1066 2826 de
1093 2784 1284 2836 Trilhia,
1311 2784 1618 2826 archidiaconi
1649 2784 1692 2824 in
1721 2784 1864 2825 eccle-

99 2850 165 2894 sia
197 2852 423 2906 Albiensi,
455 2857 689 2896 oratorum
721 2868 907 2897 suorum
937 2855 1228 2897 continentes
1261 2855 1520 2907 recepimus
1552 2854 1724 2906 literas,
1757 2866 1864 2906 qua-

100 2933 197 2964 rum
229 2926 445 2975 pretextu
480 2924 619 2967 iidem
651 2928 860 2969 oratores
892 2938 1045 2968 coram
1076 2925 1211 2968 nobis
1244 2928 1288 2967 et
1320 2924 1621 2967 serenissima
1653 2924 1862 2977 principe

100 2991 281 3036 domina
321 2994 576 3038 Katherina
617 2996 840 3048 genitrice
881 3000 926 3039 et
965 2997 1127 3038 tutrice
1170 3000 1325 3038 nostra
1366 2999 1723 3048 nostrorumque
1766 3007 1863 3047 reg-

203 3096 232 3125 a)
255 3097 292 3123 (Ε-
313 3097 486 3133 stipendio.
