2102 3444
224 163 311 206 354
761 163 785 196 Ι.
813 161 1023 196 Abschnitt.
1062 160 1462 206 Konzilstagebiicher.

227 285 333 325 runt
359 294 408 324 se
437 282 688 334 separatim
715 285 760 323 et
786 280 1001 323 similiter
1027 292 1188 322 omnes
1216 280 1513 323 declinabant
1539 281 1598 323 ad
1625 281 1746 322 viam
1772 279 1997 323 cessionis

228 352 482 395 secundum
520 352 716 394 formam
753 351 903 405 prime
940 351 1104 393 cedule
1143 364 1285 405 super
1322 352 1407 394 hoc
1445 351 1549 394 date
1584 363 1672 405 ¹per
1710 350 1996 394 cardinalem

228 423 371 466 sancti
405 423 557 476 Marci,
588 435 676 476 que
707 421 883 475 incipit:
930 422 998 474 ,In
1029 422 1225 465 concilio
1252 423 1491 476 generali‘.

344 485 438 536 Hoc
465 494 564 537 viso
589 494 712 536 idem
739 493 991 535 cardinalis
1019 493 1163 536 sancti
1195 493 1332 536 Marci
1361 494 1482 537 misit
1508 505 1630 547 pape
1657 493 1868 536 cedulam
1894 494 1998 536 ulti-

227 578 313 619 mo,
342 578 431 619 que
463 564 638 617 incipit:
683 564 973 616 ‚Beatissime
1003 565 1149 618 pater‘
1179 568 1262 607 etc.
1293 568 1338 607 et
1365 565 1453 608 fuit
1481 565 1556 607 die
1586 564 1702 608 iovis
1729 563 1885 607 XIIII.
1915 564 1998 606 Fe-

227 636 403 678 bruarii
451 647 572 678 anno
618 635 827 688 predicto
877 635 1034 677 IlIImo
1080 636 1163 678 XV
1209 649 1337 678 more
1384 635 1582 678 ecclesie
1628 635 1835 678 Romane
1880 648 1998 678 com-

226 706 444 759 putando.

344 778 430 820 Die
468 777 656 820 veneris
694 779 909 831 sequenti
948 778 1004 820 de
1044 791 1179 821 mane
1217 791 1340 833 papa
1378 777 1615 821 mandavit
1652 790 1815 821 omnes
1852 777 1998 821 cardi-

225 849 372 902 nales,
402 849 557 903 posuit
583 848 630 891 in
659 848 1007 892 deliberacione
1037 852 1082 892 et
1110 862 1196 904 per
1225 850 1550 903 iuramentum,
1580 848 1703 902 quod
1730 849 1863 904 sibia)
1895 861 1999 891 con-

226 919 436 962 sulerent
464 920 650 962 modum
680 920 913 973 apciorem
942 920 1129 964 unionis
1157 921 1369 963 ecclesie.

345 991 459 1034 Item
493 991 568 1033 die
601 992 711 1033 lune
744 991 865 1034 XXI.
900 992 1007 1034 dicti
1040 991 1253 1046 mensis¹)
1290 996 1393 1046 post
1424 991 1673 1045 prandium
1707 992 1999 1034 intraverunt

197 1060 588 1105 'ambassiatores
613 1063 739 1116 regis
764 1063 934 1117 Anglie
958 1075 1155 1105 numero
1181 1066 1473 1120 sex-centum
1500 1063 1707 1116 equitum
1733 1066 1778 1105 et
1803 1062 1851 1104 in
1878 1075 1998 1105 cras-

224 1134 371 1176 tinum
399 1133 613 1176 fecerunt
640 1134 959 1176 reverenciam
986 1147 1121 1188 pape.
1163 1135 1217 1177 Et
1244 1134 1487 1188 proposuit
1514 1135 1561 1176 in
1588 1134 1836 1188 presencia
1862 1146 1998 1188 pape,

227 1204 533 1247 cardinalium
570 1208 615 1248 et
651 1205 854 1247 omnium
892 1206 1115 1248 assistere
1151 1205 1412 1247 volencium
1449 1206 1642 1248 multum
1679 1206 1920 1259 eleganter
1956 1204 1997 1246 d.

207 1275 472 1329 opiscopus
500 1275 880 1319 Sarisberiensis.

343 1347 552 1401 Epistola
581 1360 606 1390 a
635 1347 1047 1391 reverendissimis
1075 1348 1286 1401 patribus
1315 1351 1360 1390 et
1390 1347 1589 1390 dominis
1617 1347 1825 1390 nacionis
1856 1347 1999 1390 Galli-

226 1430 339 1461 cane
374 1417 516 1461 missa
551 1431 693 1472 super
729 1419 1050 1473 acceptacione
1084 1419 1158 1461 vie
1192 1419 1472 1473 cessionis.²)

344 1490 377 1532 O
407 1489 660 1532 seminator
687 1489 876 1543 zizanie‚
905 1490 983 1544 qu‘i
1008 1489 1199 1544 prefers
1228 1491 1350 1532 viam
1378 1490 1493 1532 belli
1520 1490 1748 1533 cessionis
1773 1490 1862 1543 vie,
1891 1487 1998 1532 audi

227 1562 515 1613 psalmistam
551 1561 843 1616 dicentem³):
892 1561 1007 1604 Ecce
1044 1573 1180 1615 reges
1213 1564 1339 1603 terre
1376 1561 1641 1615 congregati
1678 1563 1784 1603 sunt
1818 1563 1864 1602 et
1895 1572 2000 1602 con-

228 1635 456 1675 venerunt
479 1633 526 1674 in
548 1645 691 1675 unum
714 1632 861 1675 finem
885 1631 1103 1675 videlicet
1124 1635 1331 1686 optatum
1355 1635 1401 1675 et
1423 1631 1756 1686 desideratum,
1781 1631 1998 1685 quoniam

228 1716 320 1746 non
357 1704 506 1746 solum
543 1716 704 1747 omnes
741 1716 878 1757 reges
915 1707 961 1747 et
996 1703 1233 1758 principes
1272 1704 1318 1745 in
1355 1704 1475 1746 hanc
1510 1702 1631 1746 viam
1666 1704 1998 1755 convenerunt,

228 1786 390 1817 verum
413 1775 558 1818 eciam
582 1774 866 1818 universitas
889 1774 1186 1828 Parisiensis,
1212 1775 1342 1817 cuius
1365 1777 1429 1817 tot
1453 1777 1559 1817 sunt
1581 1773 1808 1817 notabilia
1832 1785 2012 1827 suppo->

228 1845 328 1899 sita,
364 1846 487 1899 quod
519 1847 660 1899 elegit
692 1847 811 1889 hanc
844 1846 965 1889 viam
998 1850 1231 1899 tamquam
1267 1845 1523 1899 meliorem,
1557 1845 1838 1898 breviorem,
1873 1856 2000 1887 sanc-

228 1916 399 1959 ciorem
426 1920 470 1960 et
495 1916 698 1960 omnium
724 1917 1133 1971 scrupulositatum
1158 1917 1452 1959 sedatiorem.
1490 1917 1563 1958 An
1586 1915 1755 1970 nescis,
1781 1915 1999 1969 quoniam

229 1988 444 2032 inimicus
480 1991 653 2042 noster,
691 1989 768 2042 qui
806 1988 933 2031 mille
972 1988 1134 2031 modos
1169 1988 1310 2030 habet
1344 1987 1557 2041 nocendi,
1593 1987 1677 2030 tibi
1714 1987 1843 2030 illam
1879 1985 2000 2029 viam

230 2058 338 2102 i'acti
372 2060 661 2113 presentavit
695 2063 740 2102 et
776 2060 822 2101 in
859 2059 927 2101 illi
963 2059 1299 2102 consentiendo
1332 2060 1379 2100 in
1415 2058 1544 2101 exitu
1577 2057 1768 2100 claustri
1801 2069 2002 2112 pauper-

229 2129 334 2172 tatis
367 2142 469 2172 cum
501 2131 669 2191 ceteris
703 2130 973 2173 scismaticis
1006 2134 1052 2173 et
1082 2130 1288 2172 heretice
1320 2131 1564 2183 pravitatis
1597 2128 1875 2182 sequacibus
1906 2128 2002 2171 ele-

229 2200 335 2253 gisti
363 2200 483 2243 viam
512 2201 625 2243 belli
656 2206 702 2244 et
732 2201 977 2254 discordie,
1007 2214 1144 2254 quam
1175 2203 1379 2243 renuunt
1408 2213 1569 2243 omnes
1597 2212 1735 2254 reges
1762 2203 1903 2242 terre.
1947 2199 2002 2241 Et

231 2271 447 2315 dimisisti
476 2271 597 2314 viam
626 2273 754 2325 pacis
784 2275 828 2314 et
859 2272 1058 2326 unionis,
1088 2285 1226 2326 quam
1256 2284 1417 2315 omnes
1447 2284 1559 2315 sane
1590 2270 1757 2313 mentis
1787 2269 1902 2312 fidei
1932 2282 2011 2321 ΖΘ·-

233 2342 403 2385 latores
433 2345 647 2395 querunt,
691 2343 745 2385 Et
775 2344 812 2386 si
844 2346 1025 2385 centum
1057 2343 1184 2385 mille
1214 2343 1428 2386 homines
1456 2356 1517 2385 ex
1545 2341 1787 2396 utriusque
1817 2343 2002 2384 conten-

232 2413 385 2456 dentis
416 2413 690 2456 obediencia
720 2417 879 2456 essent
908 2414 1064 2466 gladio
1094 2414 1323 2467 trucidati,
1355 2426 1448 2456 non
1479 2414 1633 2456 minus
1660 2412 1745 2455 [illa
1773 2413 1850 2455 via
1876 2414 2004 2454 esset

232 2497 323 2537 pax
349 2485 396 2526 in
421 2484 617 2527 ecclesia
643 2485 728 2526 Dei
755 2518 762 2526 .
799 2519 806 2526 .
843 2519 850 2527 .

351 2556 434 2598 Die
484 2556 642 2598 martis
689 2556 836 2599 XXII.
885 2556 990 2597 dicti
1039 2556 1253 2611 mensis⁸)
1303 2555 1595 2598 intraverunt
1641 2553 2003 2597 ambassiatores

233 2627 356 2680 regis
387 2626 606 2669 Ludovici
640 2626 856 2669 videlicet
888 2626 929 2668 d.
963 2626 1020 2668 de
1053 2625 1304 2679 Arpaione‚
1336 2625 1584 2679 episcopus
1616 2625 1926 2679 Vapincensis
1959 2626 2004 2666 et

234 2698 390 2740 Liberi
424 2695 684 2752 hominis¹¹).
732 2698 829 2749 Qua
863 2697 940 2738 die
975 2697 1187 2739 fecerunt
1220 2697 1540 2739 reverenciam
1571 2708 1696 2750 pape
1730 2694 2004 2749 simpliciter

233 2768 550 2821 presentando
578 2768 770 2811 litteras.

304 2843 309 2844 ⁷
339 2842 438 2895 asils
462 2861 498 2887 si.
555 2861 587 2893 b>
611 2861 641 2890 b)
663 2868 696 2888 ευ
726 2862 775 2887 lls.

352 2910 384 2951 Ἰ)
419 2909 560 2944 Geleiir!
592 2909 809 2943 lalsiiclzlich
843 2919 927 2943 :um
956 2908 1111 2942 Januar.

354 2970 384 3009 2)
411 2968 472 3002 An
495 2978 578 3001 ¹aren
602 2968 658 3001 sie
682 2967 865 3009 aerichtet
889 2968 947 3003 ist,
972 2967 1047 3011 liisst
1071 2967 1147 3001 sich
1174 2966 1322 3000 sclarei-
1346 2966 1605 3007 entseleeiden,
1630 2966 1772 3000 ebenso
1795 2965 1841 3000 ob
1864 2964 1921 2999 sie
1943 2972 2013 3002 am;

236 3026 391 3060 rechten
416 3026 544 3061 Platae
572 3026 682 3060 steht.

354 3086 385 3126 3)
412 3083 471 3118 Ps.
495 3084 551 3126 47,
576 3086 606 3119 5.
752 3086 784 3127 ⁴)
813 3083 1003 3127 ebenfalls
1027 3083 1181 3117 Januar.
