2227 3434
619 127 658 162 B.
700 127 949 162 Avisamente
978 128 1047 162 der
1076 127 1393 164 Reformatorien.
1803 131 1889 174 609

122 248 257 299 stant,
303 246 618 288 ecclesiastice
665 247 739 288 vel
787 246 1036 299 mundane,
1085 246 1148 288 sic
1196 248 1372 300 puniat,
1418 251 1468 290 ut
1516 248 1716 291 vindicte
1766 249 1889 302 rigor

121 319 328 358 transeat
354 316 521 359 ceteris
549 317 595 358 in
623 317 903 369 exemplum.

238 386 520 439 Adicientes,
545 387 669 439 quod
693 387 739 428 in
758 388 862 429 'fine
887 388 1134 430 cuiuslibet
1158 389 1340 430 concilii
1365 389 1600 441 generalis
1623 389 1707 432 hoc
1733 390 1890 431 decre-

58 446 62 449 ’
122 460 215 498 tum
246 457 550 510 solempniter
582 458 760 510 legatur
792 461 836 500 et
868 458 1126 513 innovetur.

443 561 482 606 2.
521 563 630 618 De¹)
671 563 879 606 conciliis
915 563 1217 616 generalibus
1256 563 1565 608 celebrandis,

237 644 539 688 Sacrosancta
571 645 775 698 synodus
810 645 1187 688 Constanciensis
1221 647 1284 695 ad
1311 652 1585 700 perpetuam
1619 648 1688 689 rei
1722 659 1891 688 memo-

121 715 251 758 riam.
294 716 488 768 Quantis
521 717 610 758 iam
644 717 776 769 quasi
810 716 887 757 XL
921 728 1148 758 annorum
1183 718 1423 760 retroactis
1455 718 1700 761 curriculis
1733 718 1890 771 deplo-

120 786 267 829 rando
297 790 398 829 orto
428 788 642 829 scismate
672 787 870 829 ecclesie
904 787 990 829 Dei
1022 787 1267 830 multitudo
1298 788 1511 829 fidelium
1543 789 1754 831 onerosis
1785 789 1890 830 sub-

120 857 313 900 iacuerit
343 857 604 911 dispendiis
635 861 837 910 quotque
869 861 913 900 et
945 858 1129 910 quantis
1161 858 1303 900 fuerit
1334 859 1476 911 plena
1506 859 1742 912 periculis,
1774 858 1890 901 adeo

119 932 168 970 ut
213 929 459 982 columpna
507 929 591 970 Dei
638 929 838 970 viventis
883 941 1004 981 pene
1053 928 1290 970 videretur
1335 929 1579 971 immutare
1625 933 1672 972 et
1717 941 1889 982 sagena

119 999 287 1040 summi
316 999 561 1053 piscatoris
592 999 812 1052 procellis
846 999 1261 1042 intumescentibus
1292 1000 1534 1042 timeretur
1566 1000 1612 1041 in
1644 1000 1890 1053 naufragio

119 1069 327 1124 demergi
366 1071 514 1112 exacti
553 1071 776 1123 temporis
815 1070 1132 1112 consideracio
1171 1070 1333 1112 edocet
1370 1074 1416 1112 et
1454 1071 1747 1113 considerata
1784 1083 1890 1123 pru-

119 1140 286 1183 denter
324 1144 583 1194 temporum
621 1141 951 1194 preteritorum
991 1142 1227 1183 horrenda
1267 1141 1535 1183 discrimina
1577 1143 1678 1183 luce
1716 1142 1889 1184 clarius

120 1212 434 1254 manifestant.
487 1212 601 1253 Hinc
641 1212 834 1254 evidens
875 1224 959 1253 nos
1001 1213 1162 1254 invitat
1203 1212 1340 1264 racio,
1382 1216 1443 1264 ut,
1485 1213 1593 1254 dum
1634 1213 1717 1254 hoc
1759 1225 1890 1254 sacro

117 1283 328 1336 generali
371 1282 724 1325 Constanciensi
766 1283 960 1324 concilio
1002 1295 1087 1335 pro
1128 1282 1442 1324 reformandis
1485 1284 1682 1336 singulis
1724 1283 1889 1324 cedula

117 1357 276 1396 nostra
303 1353 421 1396 iacet
449 1354 651 1395 intencio
678 1354 894 1406 curisque
923 1353 1178 1395 excitemur
1207 1354 1465 1396 innumeris
1494 1366 1564 1407 ea,
1593 1366 1683 1406 que
1710 1355 1889 1407 pericu-

119 1425 290 1466 losiora
314 1428 420 1467 sunt
440 1427 488 1466 et
509 1424 678 1466 ceteris
701 1424 835 1466 malis
858 1437 1014 1466 casum
1036 1428 1081 1466 et
1105 1425 1401 1466 incitamenta
1425 1424 1688 1466 ministrant
1711 1424 1887 1477 absque

117 1495 397 1548 provisionis
424 1498 582 1537 nostre
610 1495 820 1537 remedio
847 1496 1116 1537 nullatenus
1143 1495 1477 1548 relinquamus.
1519 1495 1573 1537 Et
1600 1496 1638 1537 si
1665 1495 1888 1537 hactenus

117 1569 378 1609 sanctorum
408 1569 593 1619 patrum
625 1569 670 1607 et
702 1578 939 1607 sacrorum
970 1565 1260 1619 generalium
1294 1566 1593 1608 conciliorum
1624 1566 1888 1608 tradicioni-

115 1636 202 1680 bus
233 1639 279 1679 et
312 1636 512 1680 decretis
545 1637 772 1680 adversus
805 1638 962 1678 futura
995 1637 1208 1679 scismata
1242 1637 1428 1679 diversa
1461 1637 1719 1689 excogitata
1751 1636 1886 1678 fuere

116 1707 338 1760 remedia,
368 1720 423 1750 ea
453 1710 607 1749 tamen
637 1711 915 1760 procurante
945 1707 1073 1760 pacis
1102 1708 1271 1760 emulo,
1301 1707 1430 1749 cuius
1462 1707 1716 1749 secundum
1747 1708 1887 1759 scrip-

114 1781 244 1821 turas
270 1779 512 1832 proprium
539 1782 609 1821 est
637 1778 859 1821 unitatem
889 1778 1102 1821 scindere
1132 1782 1177 1820 et
1204 1791 1352 1831 genus
1380 1779 1632 1819 humanum
1661 1778 1887 1819 versuciis

115 1849 329 1902 plurimis
370 1850 658 1902 impugnare,
699 1853 936 1902 speratum
975 1862 1068 1891 non
1107 1849 1430 1902 produxerunt
1468 1848 1708 1890 effectum:
1761 1849 1886 1901 cupi-

114 1923 247 1963 entes
272 1920 411 1974 igitur
438 1920 730 1962 ferventibus
756 1921 872 1962 votis
900 1920 1071 1962 futuris
1099 1920 1283 1962 casibus
1311 1923 1356 1961 et
1382 1919 1604 1972 periculis
1631 1919 1884 1961 auxiliante

112 1994 380 2033 cunctorum
406 1992 638 2033 salvatore
665 2003 909 2033 occurrere
936 1994 980 2033 et
1004 1991 1320 2032 ecclesiastico
1344 1990 1482 2033 statui
1507 1990 1884 2042 multitudinique

115 2061 328 2103 l'idelium
362 2073 414 2104 se
449 2074 658 2103 normam
694 2061 958 2107 scismatum
994 2061 1199 2103 recidiva
1234 2062 1358 2103 mala
1391 2060 1670 2103 suscitentur
1705 2064 1749 2102 et
1782 2072 1886 2113 pre-

114 2133 300 2174 valeant
327 2133 373 2173 in
400 2136 637 2186 posterum
666 2137 802 2185 prout
828 2132 963 2175 nobis
989 2132 1214 2186 possibile
1242 2135 1313 2174 est
1339 2132 1588 2185 providere
1614 2134 1662 2173 et
1689 2131 1798 2184 quia
1824 2143 1884 2172 ex

112 2203 403 2256 generalium
436 2203 735 2245 conciliorum
769 2203 1020 2246 omissione
1053 2206 1154 2245 orta
1185 2207 1229 2245 et
1261 2203 1308 2244 in
1341 2203 1528 2256 longum
1561 2206 1704 2245 tracta
1735 2201 1884 2243 fuisse

113 2273 388 2316 detestanda
415 2274 629 2317 scismata
655 2277 700 2316 et
727 2275 775 2316 in
800 2274 999 2316 ecclesia
1028 2274 1112 2315 Dei
1142 2274 1361 2316 scandala
1388 2277 1432 2315 et
1460 2285 1648 2315 errores
1674 2272 1884 2314 innume-

113 2357 190 2387 ros
213 2344 575 2398 dampnabiliter
597 2345 883 2387 succrevisse
906 2345 1208 2397 experiencia
1231 2348 1347 2386 teste
1371 2343 1681 2397 cognovimus.
1722 2342 1884 2395 Incipi-

113 2418 245 2458 entes
274 2416 412 2469 igitur
441 2416 499 2458 ab
527 2428 597 2468 eo,
626 2416 749 2468 quod
777 2416 974 2457 aliorum
1004 2415 1355 2457 subsecutorum
1384 2427 1597 2456 errorum
1627 2414 1882 2456 fomentum

113 2485 270 2528 existit
299 2489 345 2528 et
375 2485 520 2540 origo:

233 2557 284 2599 In
308 2556 494 2598 nomine
519 2560 675 2599 sancte
698 2560 743 2598 et
766 2556 1005 2598 individue
1030 2557 1248 2600 trinitatis
1272 2555 1418 2609 patris
1441 2559 1485 2597 et
1508 2555 1596 2597 filii
1621 2558 1667 2597 et
1690 2555 1881 2608 spiritus

113 2627 257 2670 sancti
296 2639 446 2670 amen.
497 2627 591 2669 Hoc
629 2631 857 2680 perpetuo
896 2627 1083 2669 decreto
1123 2628 1368 2679 sancimus,
1409 2626 1703 2668 decernimus
1743 2629 1879 2677 atque

113 2698 397 2755 ordinamus,
440 2702 489 2741 ut
529 2697 735 2752 amodoss)
781 2699 1021 2751 generalia
1064 2697 1257 2740 concilia
1300 2697 1611 2748 celebrentur,
1654 2697 1715 2738 lta
1759 2693 1881 2748 quod

112 2766 354 2822 primumb)
406 2781 432 2810 a
481 2768 578 2810 fine
629 2768 766 2810 huius
816 2768 997 2810 concilii
1045 2768 1129 2822 in¹·)
1183 2767 1565 2821 quinquennium,
1616 2766 1879 2807 immediate

113 2837 357 2893 sequensd)
390 2838 642 2881 secundum
671 2851 783 2881 vero
811 2851 837 2881 a
864 2838 962 2880 fine
992 2839 1119 2880 illius
1149 2838 1387 2891 sequentis
1415 2837 1596 2879 concilii
1626 2836 1710 2890 in‘’)
1743 2836 1880 2888 septi-

230 2937 260 2963 aJ
281 2931 379 2958 Korr.
400 2937 461 2958 ιιιιε
482 2930 647 2964 deinceps.
739 2930 771 2957 bt
793 2930 853 2956 Am
867 2930 980 2957 thnde
1003 2931 1057 2957 mi!
1087 2929 1437 2963 1ἐνιννίειιιιῃεεθίεὴρη.
1528 2935 1556 2955 c»
1579 2929 1674 2955 [sm-r.
1696 2935 1757 2954 ‹1118
1778 2927 1827 2954 ad.

112 2977 144 3010 d)
164 2977 250 3005 imm.
271 2984 362 3011 sequ.
381 2985 434 3004 am
456 2978 568 3004 Raude
590 2977 645 3003 mit
673 2977 1024 3010 Verweiuunqezeichen.
1081 2983 1110 3009 e)
1135 2977 1230 3002 Ιιίινν.
1252 2984 1310 3002 uus
1333 2983 1436 3009 usquu-
1457 2976 1507 3002 ad.

231 3027 263 3069 ¹)
290 3025 371 3060 Nur
399 3025 439 3059 W
462 3024 488 3069 Ῑ.
514 3025 616 3060 5-6.

182 3093 323 3128 Finito,
343 3094 425 3122 Acta
445 3093 578 3121 concilii
599 3092 879 3122 constanciensis.
904 3093 942 3121 11.
1606 3081 1658 3121 39
