2102 3444
256 129 313 172 64
778 132 803 166 Ι.
845 133 1054 168 Abschnitt.
1110 134 1509 180 KonzilstagebiIcher.

378 250 461 291 Die
496 251 675 292 sabbati
711 251 881 294 XVIII.
916 252 1026 294 Julii
1063 253 1183 296 sedit
1215 255 1457 298 concilium
1492 260 1537 298 et
1570 257 1658 299 fuit
1691 257 1877 300 decreta
1911 271 2028 300 com-

258 319 416 362 missio
449 321 685 373 generalis
719 322 960 377 johanniss)
1000 324 1261 377 patriarche
1298 326 1812 381 Constantinopolitano
1845 328 1904 370 de
1937 342 2029 371 om-

258 391 395 434 nibus
423 393 576 434 causis
605 394 739 435 motis
768 397 813 435 et
842 395 1084 437 movendis
1115 396 1159 437 in
1190 399 1384 440 materia
1413 399 1631 441 heresum
1660 399 1829 441 Wiclef
1857 403 1902 442 e't
1931 400 2028 442 Hus

260 462 303 503 in
338 463 523 505 modum
558 464 884 517 accusacionis,
920 465 1312 521 denunciacionis,
1348 469 1668 522 inquisicionis
1703 473 1861 513 contra
1895 484 2029 524 quas-

257 546 438 586 cunque
465 547 693 587 personas
722 537 835 578 satis
864 537 1034 590 inepta.

377 605 482 647 Post
514 607 597 647 hec
628 609 870 660 proposuit
901 608 1150 651 advocatus
1181 611 1387 664 magistri
1422 611 1667 653 Raimundi
1701 612 1759 654 de
1789 611 2026 667 Perucia'¹)

258 676 454 719 dicentis
482 690 531 719 se
559 679 756 720 electum
785 679 1166 723 Lemouicensem
1194 685 1352 724 contra
1379 683 1421 724 d.
1449 683 1685 725 Nicolaum
1713 683 1882 725 Viaudi
1909 684 2029 737 epis-

258 761 422 801 copum
450 752 769 792 consecratum
798 750 1178 794 Lemouicensem
1209 756 1253 794 et
1282 766 1619 807 possessorem,
1649 754 1726 807 qui
1755 755 1899 797 multa
1927 767 2031 808 pro-

259 820 410 872 posuit
449 821 506 862 ad
545 821 731 863 laudem
770 821 875 863 dicti
915 823 1121 876 magistri
1162 824 1419 876 Raymundi
1459 828 1503 867 et
1542 825 1822 878 vituperium
1860 826 2029 868 Viaudi

258 891 478 944 episcopi.
524 892 577 934 Et
609 896 712 945 post
742 893 828 934 hec
858 894 1002 936 voluit
1034 894 1185 936 audiri
1219 908 1329 948 pars
1361 896 1467 938 dicti
1501 896 1674 939 domini
1706 897 1928 950 episcopi,
1961 900 2031 940 set

259 975 351 1004 non
380 963 548 1016 potuit,
570 964 678 1017 quia
707 964 838 1006 tarde
868 968 981 1007 erat.
1025 965 1172 1009 Casus
1201 970 1355 1008 autem
1385 968 1548 1009 horum
1579 968 1776 1009 duorum
1804 967 1911 1010 talis
1939 971 2028 1010 est:

259 1034 462 1076 Vacante
486 1035 685 1077 ecclesia
710 1035 1047 1089 Lemouicensi,
1072 1049 1194 1090 papa
1220 1038 1335 1080 sicut
1360 1038 1417 1079 de
1444 1038 1611 1080 ceteriS
1636 1038 1846 1081 ecclesiis
1870 1039 2030 1092 vigore

257 1107 494 1158 generalis
533 1106 873 1150 reservacionis
911 1108 1038 1150 dedit
1076 1108 1203 1150 illam
1242 1109 1287 1150 in
1326 1109 1645 1151 commendam
1683 1110 1910 1152 cardinali
1949 1110 2031 1152 Ca-

260 1176 519 1219 meracensi
545 1190 676 1221 novo.
722 1177 847 1219 Idem
875 1178 1174 1231 Raymundus
1201 1179 1360 1222 dicens
1387 1193 1436 1222 se
1463 1181 1661 1222 electum
1689 1180 1790 1223 sine
1815 1181 2031 1234 pluribus

259 1251 304 1290 et
328 1248 547 1301 nescitur,
574 1249 612 1290 si
639 1249 857 1291 canonice
884 1252 1102 1303 pretextu
1127 1251 1369 1294 electionis
1395 1264 1480 1304 per
1507 1252 1598 1293 vim
1625 1252 1864 1304 occupavit
1888 1252 2032 1294 eccle-

260 1319 388 1372 siam,
424 1323 574 1362 castra
607 1324 652 1362 et
686 1320 777 1363 alia
810 1321 1088 1374 temporalia
1120 1323 1332 1364 ecclesie.
1379 1323 1433 1364 Et
1468 1324 1570 1376 ipso
1603 1335 1689 1376 per
1721 1323 1853 1378 vimc)
1888 1322 2031 1376 impe-

260 1392 417 1433 diente
453 1392 601 1433 dictus
636 1392 887 1435 cardinalis
922 1393 1244 1445 posessionem
1277 1394 1454 1436 habere
1489 1406 1582 1436 non
1616 1394 1777 1447 potuit.
1825 1393 2033 1435 Tandem

262 1463 384 1504 idem
419 1463 671 1505 cardinalis
706 1464 889 1517 prefate
925 1465 1196 1506 commende
1233 1465 1521 1507 renunciavit
1556 1468 1601 1506 et
1634 1477 1758 1518 papa
1793 1464 2033 1507 Johannes

261 1535 433 1577 XXIII.
471 1535 704 1589 prefatum
741 1536 790 1577 N.
826 1535 994 1577 Viaudi
1033 1536 1187 1578 eidem
1223 1537 1420 1578 ecclesie
1457 1536 1656 1589 prefecit
1691 1539 1737 1578 et
1773 1548 1915 1589 super
1952 1536 2032 1578 illa

260 1605 512 1659 assignavit
550 1606 775 1648 cardinali
812 1606 1088 1660 pensionem
1124 1608 1492 1660 octingentarum
1530 1607 1757 1649 librarum
1795 1607 2032 1648 Turonen-

261 1677 393 1719 sium.
427 1678 511 1729 Qui
535 1677 704 1719 Viaudi
729 1678 878 1720 adhuc
900 1678 988 1720 fuit
1010 1678 1261 1731 impeditus
1284 1691 1369 1731 per
1392 1679 1563 1720 dictum
1585 1678 1635 1720 R.
1660 1679 1708 1720 in
1730 1678 2030 1731 possessione

261 1749 490 1791 habenda.
535 1749 742 1790 Tandem
773 1749 969 1791 obtinuit
1001 1749 1296 1791 monitorium
1328 1748 1395 1803 ad)
1429 1749 1556 1791 curia
1588 1749 1808 1802 Romana,
1839 1748 1910 1790 cui
1939 1761 2033 1790 non

261 1821 416 1873 paruit
448 1820 497 1862 R.
532 1823 602 1862 set
635 1820 902 1873 appellavit,
936 1824 1128 1874 propter
1161 1821 1285 1874 quod
1317 1821 1366 1863 N.
1401 1820 1667 1873 imploravit
1699 1820 1874 1862 curiam
1907 1831 2034 1862 secu-

262 1893 408 1934 larem
440 1892 564 1945 regis
598 1891 790 1933 Francie
823 1905 909 1945 pro
940 1892 1158 1934 habenda
1190 1892 1491 1945 possessione
1523 1894 1568 1933 et
1600 1892 1682 1934 illo
1713 1891 1764 1933 R.
1797 1893 1957 1933 vocato
1989 1893 2034 1932 et

261 1964 417 2006 audito
442 1963 529 2005 fuit
554 1963 789 2004 decretum
816 1976 901 2016 per
926 1963 1053 2004 illam
1079 1963 1267 2017 curiam,
1294 1963 1416 2016 quod
1442 1963 1490 2005 N.
1516 1962 1684 2004 Viaudi
1709 1962 1905 2003 haberet
1929 1974 2032 2014 pos-

264 2035 523 2077 sessionem
554 2037 598 2076 et
629 2034 720 2076 dati
754 2037 1029 2076 executores
1060 2037 1104 2076 et
1134 2034 1221 2076 iste
1254 2035 1302 2075 R.
1334 2035 1461 2076 venit
1493 2034 1551 2075 ad
1581 2033 1826 2075 concilium
1857 2035 1902 2074 et
1932 2045 2034 2085 pro-

264 2107 416 2160 posuit
441 2106 570 2148 illum
592 2106 759 2147 Viaudi
785 2105 1047 2158 symoniace
1070 2105 1306 2146 habuisse.
1344 2105 1520 2146 Pendet
1543 2117 1682 2146 causa
1705 2103 2034 2157 appellationis

264 2177 485 2230 predicte.
523 2177 618 2218 Hec
644 2177 751 2227 scio,
779 2176 855 2229 qui
884 2175 1048 2218 scribo.

385 2249 509 2290 Inter
539 2248 624 2290 has
655 2248 892 2290 sessiones
923 2248 1059 2300 plura
1090 2249 1281 2288 tractata
1314 2250 1419 2289 sunt
1452 2247 1497 2287 in
1528 2244 1803 2287 nacionibus
1834 2247 1879 2286 et
1910 2243 2034 2297 apud

264 2320 508 2373 deputatos
541 2322 585 2361 et
621 2319 667 2360 in
702 2319 800 2360 fine
835 2318 947 2360 Julii
982 2321 1211 2359 venerunt
1245 2318 1399 2358 littere
1436 2317 1493 2359 ad
1527 2316 1771 2358 concilium
1806 2328 1865 2357 ex
1900 2318 2032 2368 parte

264 2392 424 2433 uxoris
456 2394 500 2432 et
532 2390 693 2432 fratris
725 2390 885 2432 Karoli
918 2390 975 2431 de
1013 2388 1265 2431 Malatestis
1297 2388 1602 2440 continenteS,
1635 2387 1758 2440 quod
1791 2386 1913 2428 idem
1947 2386 2034 2428 Ka-

264 2463 392 2505 rolus
418 2475 519 2504 cum
545 2461 647 2504 filio
673 2464 718 2503 et
745 2473 911 2514 magno
938 2460 1145 2502 exercitu
1174 2460 1220 2501 in
1248 2459 1375 2501 bello
1402 2459 1548 2501 victus
1575 2461 1620 2500 et
1645 2461 1806 2511 captus
1833 2457 1921 2499 fuit
1947 2468 2033 2510 per

264 2534 506 2576 Brachium
544 2533 601 2575 de
637 2532 826 2575 Sauello
862 2535 907 2574 et
942 2531 1211 2573 Tartalliam
1248 2531 1516 2583 capitaneos
1551 2529 1597 2570 in
1634 2528 1800 2581 Ytalia,
1836 2539 2032 2582 quorum

264 2608 459 2658 utraque
500 2617 610 2658 pars
650 2603 871 2645 tendebat
912 2603 1087 2645 habere
1130 2601 1389 2653 Perusium,
1431 2600 1554 2653 quod
1595 2599 1818 2642 Brachius
1857 2597 2031 2641 habuit.

265 2677 316 2718 Et
345 2675 606 2729 supplicant
632 2687 750 2717 uxor
778 2678 823 2716 et
852 2673 995 2725 filius,
1024 2676 1253 2725 quatenus
1280 2671 1525 2713 concilium
1554 2670 1781 2712 scriberet
1809 2669 2031 2712 Tartallie

264 2751 307 2789 et
337 2747 532 2789 Brachio
562 2759 646 2800 pro
676 2745 960 2787 liberacione
990 2744 1165 2785 Karoli.
1207 2743 1302 2794 Que
1332 2742 1485 2784 littere
1515 2743 1632 2784 lecte
1662 2741 1853 2782 fuerunt
1883 2740 2032 2782 solum

265 2819 388 2871 apud
427 2819 683 2871 deputatos.
737 2817 790 2858 Et
829 2816 1014 2869 scripsit
1051 2814 1308 2866 concilium,
1346 2816 1395 2855 ut
1432 2813 1692 2866 petebatur,
1730 2815 1775 2853 et
1813 2811 1871 2853 ad
1908 2810 2030 2852 idem

265 2890 551 2942 scripserunt
581 2901 665 2942 pro
696 2901 744 2930 se
773 2887 1038 2929 cardinales
1068 2886 1213 2939 rogati
1244 2897 1328 2938 per
1356 2884 1574 2925 nuncium
1605 2883 1780 2925 Karoli.

367 3035 396 3057 at
417 3029 496 3061 fehlt
520 3029 553 3054 Β,
592 3028 624 3060 b)
647 3028 691 3053 B:
714 3027 855 3054 Perusia.
900 3032 928 3054 c)
952 3027 978 3052 B
997 3025 1081 3058 solat
1101 3023 1334 3059 inpendentem
1374 3022 1406 3056 d)
1432 3023 1456 3048 B
1477 3022 1521 3049 in,
