<?xml version="1.0" encoding="UTF-8"?>
<!DOCTYPE html PUBLIC "-//W3C//DTD XHTML 1.0 Transitional//EN"
    "http://www.w3.org/TR/xhtml1/DTD/xhtml1-transitional.dtd">
<html xmlns="http://www.w3.org/1999/xhtml" xml:lang="en" lang="en">
 <head>
  <title>
</title>
<meta http-equiv="Content-Type" content="text/html;charset=utf-8" />
  <meta name='ocr-system' content='tesseract 3.04.00' />
  <meta name='ocr-capabilities' content='ocr_page ocr_carea ocr_par ocr_line ocrx_word'/>
</head>
<body>
  <div class='ocr_page' id='page_1' title='image "./actaconciliicons02counuoft/actaconciliicons02counuoft_0546.png"; bbox 0 0 2102 3444; ppageno 0'>
   <div class='ocr_carea' id='block_1_1' title="bbox 244 116 1661 166">
    <p class='ocr_par' dir='ltr' id='par_1_1' title="bbox 244 116 1661 166">
     <span class='ocr_line' id='line_1_1' title="bbox 244 116 1661 166; baseline -0.003 -10"><span class='ocrx_word' id='word_1_1' title='bbox 244 123 328 166; x_wconf 83' lang='lat'>532</span> <span class='ocrx_word' id='word_1_2' title='bbox 596 121 640 155; x_wconf 82' lang='grc' dir='ltr'>ΙΙ.</span> <span class='ocrx_word' id='word_1_3' title='bbox 674 119 883 155; x_wconf 81' lang='lat' dir='ltr'>Absclmitt.</span> <span class='ocrx_word' id='word_1_4' title='bbox 926 117 1130 153; x_wconf 78' lang='lat' dir='ltr'>Sermones</span> <span class='ocrx_word' id='word_1_5' title='bbox 1162 116 1311 152; x_wconf 88' lang='lat' dir='ltr'>concilii</span> <span class='ocrx_word' id='word_1_6' title='bbox 1342 116 1661 153; x_wconf 87' lang='lat' dir='ltr'>Constanciensis.</span> 
     </span>
    </p>
   </div>
   <div class='ocr_carea' id='block_1_2' title="bbox 244 235 2041 2981">
    <p class='ocr_par' dir='ltr' id='par_1_2' title="bbox 244 235 2015 493">
     <span class='ocr_line' id='line_1_2' title="bbox 246 235 2014 290; baseline -0.002 -8"><span class='ocrx_word' id='word_1_7' title='bbox 246 240 352 282; x_wconf 90' lang='lat' dir='ltr'>rari.</span> <span class='ocrx_word' id='word_1_8' title='bbox 398 240 728 281; x_wconf 77' lang='lat' dir='ltr'>Verumtamen</span> <span class='ocrx_word' id='word_1_9' title='bbox 761 249 902 289; x_wconf 88' lang='lat' dir='ltr'>amor,</span> <span class='ocrx_word' id='word_1_10' title='bbox 936 249 1025 289; x_wconf 91' lang='lat' dir='ltr'>quo</span> <span class='ocrx_word' id='word_1_11' title='bbox 1057 238 1233 277; x_wconf 91' lang='lat' dir='ltr'>tantum</span> <span class='ocrx_word' id='word_1_12' title='bbox 1266 235 1351 277; x_wconf 89' lang='lat' dir='ltr'>Dei</span> <span class='ocrx_word' id='word_1_13' title='bbox 1384 248 1436 278; x_wconf 93' lang='lat' dir='ltr'>ac</span> <span class='ocrx_word' id='word_1_14' title='bbox 1466 236 1557 278; x_wconf 90' lang='lat' dir='ltr'>mei</span> <span class='ocrx_word' id='word_1_15' title='bbox 1590 235 1880 290; x_wconf 87' lang='lat' dir='ltr'>unigenitum</span> <span class='ocrx_word' id='word_1_16' title='bbox 1912 236 2014 279; x_wconf 90' lang='lat' dir='ltr'>dili—</span> 
     </span>
     <span class='ocr_line' id='line_1_3' title="bbox 244 306 2014 364; baseline -0.002 -12"><span class='ocrx_word' id='word_1_17' title='bbox 244 312 423 364; x_wconf 89' lang='lat' dir='ltr'>gebam,</span> <span class='ocrx_word' id='word_1_18' title='bbox 457 310 575 363; x_wconf 92' lang='lat' dir='ltr'>cepit</span> <span class='ocrx_word' id='word_1_19' title='bbox 609 309 899 361; x_wconf 80' lang='lat' dir='ltr'>questionem</span> <span class='ocrx_word' id='word_1_20' title='bbox 933 319 1213 360; x_wconf 83' lang='lat' dir='ltr'>preponere,</span> <span class='ocrx_word' id='word_1_21' title='bbox 1249 306 1478 359; x_wconf 92' lang='lat' dir='ltr'>quomodo</span> <span class='ocrx_word' id='word_1_22' title='bbox 1511 319 1536 348; x_wconf 93' lang='lat' dir='ltr'>a</span> <span class='ocrx_word' id='word_1_23' title='bbox 1570 319 1643 348; x_wconf 92' lang='lat' dir='ltr'>me</span> <span class='ocrx_word' id='word_1_24' title='bbox 1677 310 1769 349; x_wconf 90' lang='lat' dir='ltr'>tam</span> <span class='ocrx_word' id='word_1_25' title='bbox 1804 306 2014 360; x_wconf 91' lang='lat' dir='ltr'>dilectus,</span> 
     </span>
     <span class='ocr_line' id='line_1_4' title="bbox 246 377 2015 432; baseline -0.002 -9"><span class='ocrx_word' id='word_1_26' title='bbox 246 385 335 423; x_wconf 86' lang='lat' dir='ltr'>tam</span> <span class='ocrx_word' id='word_1_27' title='bbox 372 380 532 432; x_wconf 88' lang='lat' dir='ltr'>dulcis,</span> <span class='ocrx_word' id='word_1_28' title='bbox 569 384 659 422; x_wconf 89' lang='lat' dir='ltr'>tam</span> <span class='ocrx_word' id='word_1_29' title='bbox 696 379 926 431; x_wconf 87' lang='lat' dir='ltr'>benignus</span> <span class='ocrx_word' id='word_1_30' title='bbox 960 377 1090 419; x_wconf 88' lang='lat' dir='ltr'>filius</span> <span class='ocrx_word' id='word_1_31' title='bbox 1124 377 1348 419; x_wconf 83' lang='lat' dir='ltr'>recedere</span> <span class='ocrx_word' id='word_1_32' title='bbox 1383 380 1682 431; x_wconf 85' lang='lat' dir='ltr'>proponeret,</span> <span class='ocrx_word' id='word_1_33' title='bbox 1717 378 1830 431; x_wconf 91' lang='lat' dir='ltr'>quin</span> <span class='ocrx_word' id='word_1_34' title='bbox 1863 378 2015 432; x_wconf 88' lang='lat' dir='ltr'>primo</span> 
     </span>
     <span class='ocr_line' id='line_1_5' title="bbox 247 448 1597 493; baseline -0.001 -1"><span class='ocrx_word' id='word_1_35' title='bbox 247 464 317 493; x_wconf 90' lang='lat' dir='ltr'>me</span> <span class='ocrx_word' id='word_1_36' title='bbox 339 451 529 492; x_wconf 73' lang='lat' dir='ltr'>-videret</span> <span class='ocrx_word' id='word_1_37' title='bbox 562 453 604 491; x_wconf 91' lang='lat' dir='ltr'>et</span> <span class='ocrx_word' id='word_1_38' title='bbox 638 449 795 491; x_wconf 85' lang='lat' dir='ltr'>verbis</span> <span class='ocrx_word' id='word_1_39' title='bbox 827 449 1150 490; x_wconf 90' lang='lat' dir='ltr'>consolatoriis</span> <span class='ocrx_word' id='word_1_40' title='bbox 1182 448 1467 490; x_wconf 82' lang='lat' dir='ltr'>valefaceret</span> <span class='ocrx_word' id='word_1_41' title='bbox 1500 482 1509 490; x_wconf 90' lang='lat'><strong>.</strong></span> <span class='ocrx_word' id='word_1_42' title='bbox 1544 481 1553 490; x_wconf 86' lang='lat'><strong>.</strong></span> <span class='ocrx_word' id='word_1_43' title='bbox 1588 481 1597 490; x_wconf 88' lang='lat'><strong><em>.</em></strong></span> 
     </span>
    </p>

    <p class='ocr_par' dir='ltr' id='par_1_3' title="bbox 245 518 2041 2981">
     <span class='ocr_line' id='line_1_6' title="bbox 364 518 2016 573; baseline -0.001 -11"><span class='ocrx_word' id='word_1_44' title='bbox 364 522 416 563; x_wconf 78' lang='lat' dir='ltr'>Et</span> <span class='ocrx_word' id='word_1_45' title='bbox 447 533 532 573; x_wconf 88' lang='lat' dir='ltr'>ego</span> <span class='ocrx_word' id='word_1_46' title='bbox 563 520 743 572; x_wconf 79' lang='lat' dir='ltr'>infelix,</span> <span class='ocrx_word' id='word_1_47' title='bbox 775 532 875 561; x_wconf 91' lang='lat' dir='ltr'>cum</span> <span class='ocrx_word' id='word_1_48' title='bbox 905 532 1012 561; x_wconf 92' lang='lat' dir='ltr'>eum</span> <span class='ocrx_word' id='word_1_49' title='bbox 1045 519 1361 572; x_wconf 82' lang='lat' dir='ltr'>aspicerem¹),</span> <span class='ocrx_word' id='word_1_50' title='bbox 1392 518 1567 561; x_wconf 92' lang='lat' dir='ltr'>nudum</span> <span class='ocrx_word' id='word_1_51' title='bbox 1598 519 1723 561; x_wconf 92' lang='lat' dir='ltr'>enim</span> <span class='ocrx_word' id='word_1_52' title='bbox 1753 531 1860 561; x_wconf 88' lang='lat' dir='ltr'>eum</span> <span class='ocrx_word' id='word_1_53' title='bbox 1891 518 2016 561; x_wconf 91' lang='lat' dir='ltr'>vide-</span> 
     </span>
     <span class='ocr_line' id='line_1_7' title="bbox 248 589 2015 644; baseline -0.001 -11"><span class='ocrx_word' id='word_1_54' title='bbox 248 605 358 644; x_wconf 85' lang='lat' dir='ltr'>ram,</span> <span class='ocrx_word' id='word_1_55' title='bbox 385 604 476 633; x_wconf 89' lang='lat' dir='ltr'>non</span> <span class='ocrx_word' id='word_1_56' title='bbox 502 590 692 644; x_wconf 82' lang='lat' dir='ltr'>cognovi</span> <span class='ocrx_word' id='word_1_57' title='bbox 719 590 884 644; x_wconf 86' lang='lat' dir='ltr'>ipsum,</span> <span class='ocrx_word' id='word_1_58' title='bbox 912 591 1019 643; x_wconf 88' lang='lat' dir='ltr'>quia</span> <span class='ocrx_word' id='word_1_59' title='bbox 1047 589 1227 643; x_wconf 89' lang='lat' dir='ltr'>species</span> <span class='ocrx_word' id='word_1_60' title='bbox 1254 590 1455 632; x_wconf 88' lang='lat' dir='ltr'>hominis</span> <span class='ocrx_word' id='word_1_61' title='bbox 1480 602 1573 632; x_wconf 92' lang='lat' dir='ltr'>non</span> <span class='ocrx_word' id='word_1_62' title='bbox 1601 589 1815 633; x_wconf 89' lang='lat' dir='ltr'>habebat.</span> <span class='ocrx_word' id='word_1_63' title='bbox 1853 589 1932 633; x_wconf 88' lang='lat' dir='ltr'>Set</span> <span class='ocrx_word' id='word_1_64' title='bbox 1955 602 2015 632; x_wconf 88' lang='lat' dir='ltr'>ex</span> 
     </span>
     <span class='ocr_line' id='line_1_8' title="bbox 246 660 2016 715; baseline -0.001 -11"><span class='ocrx_word' id='word_1_65' title='bbox 246 663 524 705; x_wconf 86' lang='lat' dir='ltr'>clamoribus</span> <span class='ocrx_word' id='word_1_66' title='bbox 547 662 802 704; x_wconf 79' lang='lat' dir='ltr'>Judeorum</span> <span class='ocrx_word' id='word_1_67' title='bbox 826 662 991 715; x_wconf 91' lang='lat' dir='ltr'>agnovi</span> <span class='ocrx_word' id='word_1_68' title='bbox 1016 662 1147 703; x_wconf 71' lang='lat' dir='ltr'>illum</span> <span class='ocrx_word' id='word_1_69' title='bbox 1170 673 1275 703; x_wconf 86' lang='lat' dir='ltr'>esse</span> <span class='ocrx_word' id='word_1_70' title='bbox 1298 661 1451 702; x_wconf 86' lang='lat' dir='ltr'>filium</span> <span class='ocrx_word' id='word_1_71' title='bbox 1472 673 1625 702; x_wconf 91' lang='lat' dir='ltr'>meum</span> <span class='ocrx_word' id='word_1_72' title='bbox 1648 664 1740 703; x_wconf 92' lang='lat' dir='ltr'>tam</span> <span class='ocrx_word' id='word_1_73' title='bbox 1761 660 2016 705; x_wconf 82' lang='lat' dir='ltr'>crudeliter</span> 
     </span>
     <span class='ocr_line' id='line_1_9' title="bbox 248 731 2016 785; baseline 0 -11"><span class='ocrx_word' id='word_1_74' title='bbox 248 734 510 775; x_wconf 90' lang='lat' dir='ltr'>laceratum.</span> <span class='ocrx_word' id='word_1_75' title='bbox 553 732 679 774; x_wconf 89' lang='lat' dir='ltr'>Tunc</span> <span class='ocrx_word' id='word_1_76' title='bbox 709 733 833 774; x_wconf 90' lang='lat' dir='ltr'>enim</span> <span class='ocrx_word' id='word_1_77' title='bbox 864 745 941 774; x_wconf 93' lang='lat' dir='ltr'>cor</span> <span class='ocrx_word' id='word_1_78' title='bbox 971 744 1123 773; x_wconf 92' lang='lat' dir='ltr'>meum</span> <span class='ocrx_word' id='word_1_79' title='bbox 1155 731 1330 774; x_wconf 89' lang='lat' dir='ltr'>doloris</span> <span class='ocrx_word' id='word_1_80' title='bbox 1359 731 1543 785; x_wconf 78' lang='lat' dir='ltr'>gladius</span> <span class='ocrx_word' id='word_1_81' title='bbox 1572 731 1891 785; x_wconf 91' lang='lat' dir='ltr'>multipliciter</span> <span class='ocrx_word' id='word_1_82' title='bbox 1920 732 2016 774; x_wconf 91' lang='lat' dir='ltr'>vul-</span> 
     </span>
     <span class='ocr_line' id='line_1_10' title="bbox 246 802 2015 857; baseline 0 -12"><span class='ocrx_word' id='word_1_83' title='bbox 246 805 439 857; x_wconf 82' lang='lat' dir='ltr'>neravit,</span> <span class='ocrx_word' id='word_1_84' title='bbox 479 816 673 856; x_wconf 90' lang='lat' dir='ltr'>cumque</span> <span class='ocrx_word' id='word_1_85' title='bbox 714 803 858 846; x_wconf 89' lang='lat' dir='ltr'>alcius</span> <span class='ocrx_word' id='word_1_86' title='bbox 897 804 1078 845; x_wconf 81' lang='lat' dir='ltr'>flevero</span> <span class='ocrx_word' id='word_1_87' title='bbox 1117 804 1340 845; x_wconf 83' lang='lat' dir='ltr'>clamans:</span> <span class='ocrx_word' id='word_1_88' title='bbox 1393 802 1428 844; x_wconf 92' lang='lat' dir='ltr'>O</span> <span class='ocrx_word' id='word_1_89' title='bbox 1468 802 1643 855; x_wconf 87' lang='lat' dir='ltr'>Pylate,</span> <span class='ocrx_word' id='word_1_90' title='bbox 1683 802 1795 856; x_wconf 93' lang='lat' dir='ltr'>quid</span> <span class='ocrx_word' id='word_1_91' title='bbox 1832 802 2015 845; x_wconf 76' lang='lat' dir='ltr'>fecisti?</span> 
     </span>
     <span class='ocr_line' id='line_1_11' title="bbox 249 872 2017 927; baseline 0 -12"><span class='ocrx_word' id='word_1_92' title='bbox 249 874 427 927; x_wconf 80' lang='lat' dir='ltr'>Dixisti,</span> <span class='ocrx_word' id='word_1_93' title='bbox 463 887 569 916; x_wconf 88' lang='lat' dir='ltr'>ecce</span> <span class='ocrx_word' id='word_1_94' title='bbox 604 874 755 927; x_wconf 91' lang='lat' dir='ltr'>homo,</span> <span class='ocrx_word' id='word_1_95' title='bbox 792 875 869 927; x_wconf 92' lang='lat' dir='ltr'>qui</span> <span class='ocrx_word' id='word_1_96' title='bbox 906 887 1016 915; x_wconf 90' lang='lat' dir='ltr'>vere</span> <span class='ocrx_word' id='word_1_97' title='bbox 1053 874 1256 927; x_wconf 88' lang='lat' dir='ltr'>speciem</span> <span class='ocrx_word' id='word_1_98' title='bbox 1291 873 1492 916; x_wconf 90' lang='lat' dir='ltr'>hominis</span> <span class='ocrx_word' id='word_1_99' title='bbox 1527 886 1621 916; x_wconf 92' lang='lat' dir='ltr'>non</span> <span class='ocrx_word' id='word_1_100' title='bbox 1655 873 1871 916; x_wconf 91' lang='lat' dir='ltr'>habebat.</span> <span class='ocrx_word' id='word_1_101' title='bbox 1921 872 2017 915; x_wconf 87' lang='lat' dir='ltr'>Nisi</span> 
     </span>
     <span class='ocr_line' id='line_1_12' title="bbox 248 944 2018 998; baseline -0.001 -11"><span class='ocrx_word' id='word_1_102' title='bbox 248 946 365 987; x_wconf 86' lang='lat' dir='ltr'>forte</span> <span class='ocrx_word' id='word_1_103' title='bbox 390 945 543 987; x_wconf 89' lang='lat' dir='ltr'>dicere</span> <span class='ocrx_word' id='word_1_104' title='bbox 569 946 705 988; x_wconf 86' lang='lat' dir='ltr'>vellis</span> <span class='ocrx_word' id='word_1_105' title='bbox 730 946 880 998; x_wconf 82' lang='lat' dir='ltr'>ipsum</span> <span class='ocrx_word' id='word_1_106' title='bbox 905 958 1010 988; x_wconf 88' lang='lat' dir='ltr'>esse</span> <span class='ocrx_word' id='word_1_107' title='bbox 1033 945 1268 986; x_wconf 87' lang='lat' dir='ltr'>hominem</span> <span class='ocrx_word' id='word_1_108' title='bbox 1291 948 1598 987; x_wconf 89' lang='lat' dir='ltr'>mansuetum.</span> <span class='ocrx_word' id='word_1_109' title='bbox 1633 944 1848 987; x_wconf 86' lang='lat' dir='ltr'>Clamare</span> <span class='ocrx_word' id='word_1_110' title='bbox 1872 944 2018 987; x_wconf 82' lang='lat' dir='ltr'>alcius</span> 
     </span>
     <span class='ocr_line' id='line_1_13' title="bbox 247 1015 2016 1069; baseline -0.001 -12"><span class='ocrx_word' id='word_1_111' title='bbox 247 1017 473 1069; x_wconf 87' lang='lat' dir='ltr'>volebam,</span> <span class='ocrx_word' id='word_1_112' title='bbox 511 1019 580 1058; x_wconf 90' lang='lat' dir='ltr'>set</span> <span class='ocrx_word' id='word_1_113' title='bbox 618 1016 750 1058; x_wconf 91' lang='lat' dir='ltr'>dolor</span> <span class='ocrx_word' id='word_1_114' title='bbox 787 1016 1035 1069; x_wconf 90' lang='lat' dir='ltr'>frangebat</span> <span class='ocrx_word' id='word_1_115' title='bbox 1070 1028 1228 1058; x_wconf 90' lang='lat' dir='ltr'>vocem</span> <span class='ocrx_word' id='word_1_116' title='bbox 1266 1019 1311 1058; x_wconf 86' lang='lat' dir='ltr'>et</span> <span class='ocrx_word' id='word_1_117' title='bbox 1348 1016 1412 1058; x_wconf 90' lang='lat' dir='ltr'>sic</span> <span class='ocrx_word' id='word_1_118' title='bbox 1449 1015 1497 1057; x_wconf 92' lang='lat' dir='ltr'>in</span> <span class='ocrx_word' id='word_1_119' title='bbox 1533 1028 1699 1058; x_wconf 91' lang='lat' dir='ltr'>manus</span> <span class='ocrx_word' id='word_1_120' title='bbox 1734 1015 2016 1057; x_wconf 84' lang='lat' dir='ltr'>femin-arum</span> 
     </span>
     <span class='ocr_line' id='line_1_14' title="bbox 246 1086 2017 1140; baseline 0 -12"><span class='ocrx_word' id='word_1_121' title='bbox 246 1088 499 1128; x_wconf 76' lang='lat' dir='ltr'>astancium</span> <span class='ocrx_word' id='word_1_122' title='bbox 526 1087 749 1129; x_wconf 85' lang='lat' dir='ltr'>cadebam</span> <span class='ocrx_word' id='word_1_123' title='bbox 774 1090 998 1129; x_wconf 90' lang='lat' dir='ltr'>emortua.</span> <span class='ocrx_word' id='word_1_124' title='bbox 1037 1087 1091 1128; x_wconf 87' lang='lat' dir='ltr'>Et</span> <span class='ocrx_word' id='word_1_125' title='bbox 1115 1099 1279 1129; x_wconf 90' lang='lat' dir='ltr'>rursus</span> <span class='ocrx_word' id='word_1_126' title='bbox 1305 1099 1591 1140; x_wconf 86' lang='lat' dir='ltr'>consurgens</span> <span class='ocrx_word' id='word_1_127' title='bbox 1618 1099 1771 1128; x_wconf 93' lang='lat' dir='ltr'>meum</span> <span class='ocrx_word' id='word_1_128' title='bbox 1799 1086 2017 1128; x_wconf 85' lang='lat' dir='ltr'>dilectum</span> 
     </span>
     <span class='ocr_line' id='line_1_15' title="bbox 246 1156 2018 1210; baseline 0 -11"><span class='ocrx_word' id='word_1_129' title='bbox 246 1159 395 1199; x_wconf 83' lang='lat' dir='ltr'>filium</span> <span class='ocrx_word' id='word_1_130' title='bbox 429 1159 511 1200; x_wconf 88' lang='lat' dir='ltr'>sed</span> <span class='ocrx_word' id='word_1_131' title='bbox 544 1157 795 1201; x_wconf 84' lang='lat' dir='ltr'>crudeliter</span> <span class='ocrx_word' id='word_1_132' title='bbox 829 1158 1079 1200; x_wconf 91' lang='lat' dir='ltr'>cruciatum</span> <span class='ocrx_word' id='word_1_133' title='bbox 1110 1158 1473 1210; x_wconf 83' lang='lat' dir='ltr'>contemplabar.</span> <span class='ocrx_word' id='word_1_134' title='bbox 1518 1157 1565 1200; x_wconf 86' lang='lat' dir='ltr'>Si</span> <span class='ocrx_word' id='word_1_135' title='bbox 1597 1157 1666 1200; x_wconf 91' lang='lat' dir='ltr'>vis</span> <span class='ocrx_word' id='word_1_136' title='bbox 1699 1157 1862 1200; x_wconf 88' lang='lat' dir='ltr'>audire</span> <span class='ocrx_word' id='word_1_137' title='bbox 1894 1156 2018 1210; x_wconf 91' lang='lat' dir='ltr'>quod</span> 
     </span>
     <span class='ocr_line' id='line_1_16' title="bbox 246 1228 2017 1271; baseline -0.001 -1"><span class='ocrx_word' id='word_1_138' title='bbox 246 1242 398 1271; x_wconf 89' lang='lat' dir='ltr'>meum</span> <span class='ocrx_word' id='word_1_139' title='bbox 434 1229 560 1271; x_wconf 86' lang='lat' dir='ltr'>auxit</span> <span class='ocrx_word' id='word_1_140' title='bbox 596 1229 823 1270; x_wconf 87' lang='lat' dir='ltr'>dolorem:</span> <span class='ocrx_word' id='word_1_141' title='bbox 876 1229 994 1270; x_wconf 90' lang='lat' dir='ltr'>Dum</span> <span class='ocrx_word' id='word_1_142' title='bbox 1029 1229 1153 1270; x_wconf 91' lang='lat' dir='ltr'>enim</span> <span class='ocrx_word' id='word_1_143' title='bbox 1191 1229 1368 1271; x_wconf 90' lang='lat' dir='ltr'>Pilatus</span> <span class='ocrx_word' id='word_1_144' title='bbox 1404 1228 1557 1270; x_wconf 90' lang='lat' dir='ltr'>filium</span> <span class='ocrx_word' id='word_1_145' title='bbox 1593 1241 1747 1270; x_wconf 92' lang='lat' dir='ltr'>meum</span> <span class='ocrx_word' id='word_1_146' title='bbox 1783 1228 2017 1271; x_wconf 86' lang='lat' dir='ltr'>dimittere</span> 
     </span>
     <span class='ocr_line' id='line_1_17' title="bbox 245 1299 2018 1353; baseline -0.001 -11"><span class='ocrx_word' id='word_1_147' title='bbox 245 1301 443 1353; x_wconf 85' lang='lat' dir='ltr'>volebat,</span> <span class='ocrx_word' id='word_1_148' title='bbox 483 1300 620 1342; x_wconf 64' lang='lat' dir='ltr'>judei</span> <span class='ocrx_word' id='word_1_149' title='bbox 659 1300 834 1342; x_wconf 87' lang='lat' dir='ltr'>forcius</span> <span class='ocrx_word' id='word_1_150' title='bbox 871 1300 1134 1342; x_wconf 87' lang='lat' dir='ltr'>clamabant</span> <span class='ocrx_word' id='word_1_151' title='bbox 1169 1299 1392 1353; x_wconf 82' lang='lat' dir='ltr'>crucifige</span> <span class='ocrx_word' id='word_1_152' title='bbox 1434 1312 1539 1342; x_wconf 93' lang='lat' dir='ltr'>eum</span> <span class='ocrx_word' id='word_1_153' title='bbox 1580 1333 1589 1342; x_wconf 89' lang='lat'><strong>.</strong></span> <span class='ocrx_word' id='word_1_154' title='bbox 1625 1333 1633 1341; x_wconf 94' lang='lat'><em>.</em></span> <span class='ocrx_word' id='word_1_155' title='bbox 1669 1333 1678 1341; x_wconf 95' lang='lat'><strong>.</strong></span> <span class='ocrx_word' id='word_1_156' title='bbox 1729 1299 1827 1353; x_wconf 89' lang='lat' dir='ltr'>Ego</span> <span class='ocrx_word' id='word_1_157' title='bbox 1863 1301 2018 1342; x_wconf 89' lang='lat' dir='ltr'>autem</span> 
     </span>
     <span class='ocr_line' id='line_1_18' title="bbox 246 1370 2018 1424; baseline 0.001 -13"><span class='ocrx_word' id='word_1_158' title='bbox 246 1371 413 1413; x_wconf 84' lang='lat' dir='ltr'>infelix</span> <span class='ocrx_word' id='word_1_159' title='bbox 453 1383 605 1412; x_wconf 86' lang='lat' dir='ltr'>meum</span> <span class='ocrx_word' id='word_1_160' title='bbox 645 1370 863 1413; x_wconf 83' lang='lat' dir='ltr'>dilectum</span> <span class='ocrx_word' id='word_1_161' title='bbox 904 1370 1187 1423; x_wconf 89' lang='lat' dir='ltr'>aspiciebam</span> <span class='ocrx_word' id='word_1_162' title='bbox 1228 1370 1275 1412; x_wconf 92' lang='lat' dir='ltr'>in</span> <span class='ocrx_word' id='word_1_163' title='bbox 1315 1383 1453 1413; x_wconf 90' lang='lat' dir='ltr'>cruce</span> <span class='ocrx_word' id='word_1_164' title='bbox 1488 1370 1774 1424; x_wconf 84' lang='lat' dir='ltr'>pendentem</span> <span class='ocrx_word' id='word_1_165' title='bbox 1811 1373 1859 1413; x_wconf 85' lang='lat' dir='ltr'>et</span> <span class='ocrx_word' id='word_1_166' title='bbox 1894 1381 2018 1412; x_wconf 88' lang='grc'>1111110</span> 
     </span>
     <span class='ocr_line' id='line_1_19' title="bbox 246 1439 2018 1495; baseline -0.001 -11"><span class='ocrx_word' id='word_1_167' title='bbox 246 1441 458 1484; x_wconf 90' lang='lat' dir='ltr'>manibus</span> <span class='ocrx_word' id='word_1_168' title='bbox 499 1444 544 1483; x_wconf 89' lang='lat' dir='ltr'>et</span> <span class='ocrx_word' id='word_1_169' title='bbox 582 1441 781 1494; x_wconf 89' lang='lat' dir='ltr'>pedibus</span> <span class='ocrx_word' id='word_1_170' title='bbox 822 1454 990 1495; x_wconf 89' lang='lat' dir='ltr'>corpus</span> <span class='ocrx_word' id='word_1_171' title='bbox 1030 1442 1281 1483; x_wconf 87' lang='lat' dir='ltr'>sustentari</span> <span class='ocrx_word' id='word_1_172' title='bbox 1320 1442 1507 1484; x_wconf 85' lang='lat' dir='ltr'>volebat</span> <span class='ocrx_word' id='word_1_173' title='bbox 1545 1444 1591 1483; x_wconf 92' lang='lat' dir='ltr'>et</span> <span class='ocrx_word' id='word_1_174' title='bbox 1629 1444 1737 1484; x_wconf 89' lang='lat' dir='ltr'>tunc</span> <span class='ocrx_word' id='word_1_175' title='bbox 1777 1439 2018 1495; x_wconf 87' lang='lat' dir='ltr'>sanguinis</span> 
     </span>
     <span class='ocr_line' id='line_1_20' title="bbox 245 1510 2018 1566; baseline 0.001 -14"><span class='ocrx_word' id='word_1_176' title='bbox 245 1511 368 1554; x_wconf 88' lang='lat' dir='ltr'>unda</span> <span class='ocrx_word' id='word_1_177' title='bbox 398 1511 680 1564; x_wconf 87' lang='lat' dir='ltr'>profluebat.</span> <span class='ocrx_word' id='word_1_178' title='bbox 723 1511 800 1555; x_wconf 85' lang='lat' dir='ltr'>Set</span> <span class='ocrx_word' id='word_1_179' title='bbox 829 1516 875 1554; x_wconf 90' lang='lat' dir='ltr'>et</span> <span class='ocrx_word' id='word_1_180' title='bbox 904 1512 994 1554; x_wconf 90' lang='lat' dir='ltr'>duo</span> <span class='ocrx_word' id='word_1_181' title='bbox 1026 1511 1371 1555; x_wconf 87' lang='lat' dir='ltr'>desiderabam:</span> <span class='ocrx_word' id='word_1_182' title='bbox 1414 1524 1559 1554; x_wconf 92' lang='lat' dir='ltr'>unum</span> <span class='ocrx_word' id='word_1_183' title='bbox 1589 1514 1703 1566; x_wconf 88' lang='lat' dir='ltr'>erat,</span> <span class='ocrx_word' id='word_1_184' title='bbox 1734 1511 1858 1565; x_wconf 93' lang='lat' dir='ltr'>quod</span> <span class='ocrx_word' id='word_1_185' title='bbox 1886 1510 2018 1553; x_wconf 90' lang='lat' dir='ltr'>filius</span> 
     </span>
     <span class='ocr_line' id='line_1_21' title="bbox 247 1582 2017 1636; baseline 0 -12"><span class='ocrx_word' id='word_1_186' title='bbox 247 1595 376 1625; x_wconf 91' lang='lat' dir='ltr'>meus</span> <span class='ocrx_word' id='word_1_187' title='bbox 409 1595 551 1636; x_wconf 79' lang='lat' dir='ltr'>super</span> <span class='ocrx_word' id='word_1_188' title='bbox 583 1596 656 1625; x_wconf 90' lang='lat' dir='ltr'>me</span> <span class='ocrx_word' id='word_1_189' title='bbox 688 1583 908 1625; x_wconf 88' lang='lat' dir='ltr'>miseram</span> <span class='ocrx_word' id='word_1_190' title='bbox 941 1584 1120 1626; x_wconf 88' lang='lat' dir='ltr'>levaret</span> <span class='ocrx_word' id='word_1_191' title='bbox 1151 1584 1309 1626; x_wconf 91' lang='lat' dir='ltr'>oculos</span> <span class='ocrx_word' id='word_1_192' title='bbox 1340 1586 1387 1625; x_wconf 89' lang='lat' dir='ltr'>et</span> <span class='ocrx_word' id='word_1_193' title='bbox 1417 1596 1510 1625; x_wconf 92' lang='lat' dir='ltr'>non</span> <span class='ocrx_word' id='word_1_194' title='bbox 1542 1583 1758 1625; x_wconf 90' lang='lat' dir='ltr'>valebam</span> <span class='ocrx_word' id='word_1_195' title='bbox 1789 1582 2017 1635; x_wconf 87' lang='lat' dir='ltr'>obtinere,</span> 
     </span>
     <span class='ocr_line' id='line_1_22' title="bbox 247 1653 2019 1708; baseline 0 -13"><span class='ocrx_word' id='word_1_196' title='bbox 247 1654 367 1696; x_wconf 88' lang='lat' dir='ltr'>forte</span> <span class='ocrx_word' id='word_1_197' title='bbox 400 1655 508 1706; x_wconf 91' lang='lat' dir='ltr'>quia</span> <span class='ocrx_word' id='word_1_198' title='bbox 542 1666 644 1696; x_wconf 90' lang='lat' dir='ltr'>mea</span> <span class='ocrx_word' id='word_1_199' title='bbox 678 1654 939 1707; x_wconf 88' lang='lat' dir='ltr'>compassio</span> <span class='ocrx_word' id='word_1_200' title='bbox 973 1667 1056 1697; x_wconf 93' lang='lat' dir='ltr'>suo</span> <span class='ocrx_word' id='word_1_201' title='bbox 1091 1654 1218 1696; x_wconf 91' lang='lat' dir='ltr'>cordi</span> <span class='ocrx_word' id='word_1_202' title='bbox 1252 1654 1450 1696; x_wconf 90' lang='lat' dir='ltr'>vulnera</span> <span class='ocrx_word' id='word_1_203' title='bbox 1484 1653 1736 1708; x_wconf 86' lang='lat' dir='ltr'>affligeret.</span> <span class='ocrx_word' id='word_1_204' title='bbox 1781 1653 1937 1707; x_wconf 88' lang='lat' dir='ltr'>Aliud,</span> <span class='ocrx_word' id='word_1_205' title='bbox 1969 1655 2019 1695; x_wconf 82' lang='lat' dir='ltr'>ut</span> 
     </span>
     <span class='ocr_line' id='line_1_23' title="bbox 248 1724 2018 1778; baseline 0 -12"><span class='ocrx_word' id='word_1_206' title='bbox 248 1725 440 1766; x_wconf 89' lang='lat' dir='ltr'>verbum</span> <span class='ocrx_word' id='word_1_207' title='bbox 484 1725 671 1778; x_wconf 88' lang='lat' dir='ltr'>aliquod</span> <span class='ocrx_word' id='word_1_208' title='bbox 713 1726 1073 1767; x_wconf 89' lang='lat' dir='ltr'>consolatorium</span> <span class='ocrx_word' id='word_1_209' title='bbox 1116 1725 1227 1767; x_wconf 91' lang='lat' dir='ltr'>mihi</span> <span class='ocrx_word' id='word_1_210' title='bbox 1271 1725 1442 1767; x_wconf 89' lang='lat' dir='ltr'>misere</span> <span class='ocrx_word' id='word_1_211' title='bbox 1486 1725 1771 1778; x_wconf 80' lang='lat' dir='ltr'>loqueretur.</span> <span class='ocrx_word' id='word_1_212' title='bbox 1825 1724 2018 1767; x_wconf 91' lang='lat' dir='ltr'>Lamen-</span> 
     </span>
     <span class='ocr_line' id='line_1_24' title="bbox 247 1795 2019 1849; baseline 0.001 -13"><span class='ocrx_word' id='word_1_213' title='bbox 247 1796 392 1849; x_wconf 86' lang='lat' dir='ltr'>tabar,</span> <span class='ocrx_word' id='word_1_214' title='bbox 424 1795 614 1849; x_wconf 90' lang='lat' dir='ltr'>flebam,</span> <span class='ocrx_word' id='word_1_215' title='bbox 648 1796 867 1838; x_wconf 88' lang='lat' dir='ltr'>vocabam</span> <span class='ocrx_word' id='word_1_216' title='bbox 901 1796 1055 1838; x_wconf 90' lang='lat' dir='ltr'>filium</span> <span class='ocrx_word' id='word_1_217' title='bbox 1087 1809 1239 1838; x_wconf 92' lang='lat' dir='ltr'>meum</span> <span class='ocrx_word' id='word_1_218' title='bbox 1272 1799 1317 1838; x_wconf 87' lang='lat' dir='ltr'>et</span> <span class='ocrx_word' id='word_1_219' title='bbox 1351 1796 1578 1838; x_wconf 90' lang='lat' dir='ltr'>dicebam:</span> <span class='ocrx_word' id='word_1_220' title='bbox 1626 1795 1713 1837; x_wconf 91' lang='lat' dir='ltr'>Fili</span> <span class='ocrx_word' id='word_1_221' title='bbox 1745 1795 1822 1849; x_wconf 93' lang='lat' dir='ltr'>mi,</span> <span class='ocrx_word' id='word_1_222' title='bbox 1853 1798 1903 1838; x_wconf 90' lang='lat' dir='ltr'>tu</span> <span class='ocrx_word' id='word_1_223' title='bbox 1933 1807 2019 1849; x_wconf 90' lang='lat' dir='ltr'>pro</span> 
     </span>
     <span class='ocr_line' id='line_1_25' title="bbox 247 1865 2041 1920; baseline 0.001 -13"><span class='ocrx_word' id='word_1_224' title='bbox 247 1866 566 1919; x_wconf 90' lang='lat' dir='ltr'>peccatoribus</span> <span class='ocrx_word' id='word_1_225' title='bbox 589 1868 792 1909; x_wconf 89' lang='lat' dir='ltr'>exorasti</span> <span class='ocrx_word' id='word_1_226' title='bbox 816 1870 860 1909; x_wconf 89' lang='lat' dir='ltr'>et</span> <span class='ocrx_word' id='word_1_227' title='bbox 882 1867 994 1908; x_wconf 91' lang='lat' dir='ltr'>mihi</span> <span class='ocrx_word' id='word_1_228' title='bbox 1017 1867 1196 1910; x_wconf 86' lang='lat' dir='ltr'>inflicte</span> <span class='ocrx_word' id='word_1_229' title='bbox 1219 1879 1313 1908; x_wconf 91' lang='lat' dir='ltr'>non</span> <span class='ocrx_word' id='word_1_230' title='bbox 1335 1866 1573 1920; x_wconf 75' lang='lat' dir='ltr'>loqueris?</span> <span class='ocrx_word' id='word_1_231' title='bbox 1610 1866 1716 1920; x_wconf 89' lang='lat' dir='ltr'>Cur,</span> <span class='ocrx_word' id='word_1_232' title='bbox 1741 1866 1908 1908; x_wconf 86' lang='lat' dir='ltr'>dilecte</span> <span class='ocrx_word' id='word_1_233' title='bbox 1931 1865 2018 1919; x_wconf 91' lang='lat' dir='ltr'>fili,</span> <span class='ocrx_word' id='word_1_234' title='bbox 2040 1916 2041 1919; x_wconf 11' lang='grc' dir='ltr'><strong>Ἰ</strong></span> 
     </span>
     <span class='ocr_line' id='line_1_26' title="bbox 250 1936 2016 1989; baseline 0.001 -11"><span class='ocrx_word' id='word_1_235' title='bbox 250 1937 312 1978; x_wconf 89' lang='lat' dir='ltr'>sic</span> <span class='ocrx_word' id='word_1_236' title='bbox 350 1940 543 1979; x_wconf 91' lang='lat' dir='ltr'>matrem</span> <span class='ocrx_word' id='word_1_237' title='bbox 581 1938 650 1979; x_wconf 88' lang='lat' dir='ltr'>vis</span> <span class='ocrx_word' id='word_1_238' title='bbox 688 1938 919 1980; x_wconf 88' lang='lat' dir='ltr'>dimittere</span> <span class='ocrx_word' id='word_1_239' title='bbox 958 1938 1255 1980; x_wconf 77' lang='lat' dir='ltr'>tribulatam?</span> <span class='ocrx_word' id='word_1_240' title='bbox 1305 1937 1414 1980; x_wconf 86' lang='lat' dir='ltr'>Sine</span> <span class='ocrx_word' id='word_1_241' title='bbox 1451 1941 1496 1980; x_wconf 79' lang='lat' dir='ltr'>te</span> <span class='ocrx_word' id='word_1_242' title='bbox 1534 1937 1693 1979; x_wconf 87' lang='lat' dir='ltr'>vivere</span> <span class='ocrx_word' id='word_1_243' title='bbox 1730 1936 2016 1989; x_wconf 88' lang='lat' dir='ltr'>nesciebam;</span> 
     </span>
     <span class='ocr_line' id='line_1_27' title="bbox 249 2006 2019 2062; baseline 0 -13"><span class='ocrx_word' id='word_1_244' title='bbox 249 2008 360 2060; x_wconf 88' lang='lat' dir='ltr'>quid</span> <span class='ocrx_word' id='word_1_245' title='bbox 393 2008 604 2050; x_wconf 92' lang='lat' dir='ltr'>ammodo</span> <span class='ocrx_word' id='word_1_246' title='bbox 636 2008 836 2050; x_wconf 76' lang='lat' dir='ltr'>faciam?</span> <span class='ocrx_word' id='word_1_247' title='bbox 883 2008 972 2050; x_wconf 90' lang='lat' dir='ltr'>Ubi</span> <span class='ocrx_word' id='word_1_248' title='bbox 1006 2012 1076 2051; x_wconf 88' lang='lat' dir='ltr'>est</span> <span class='ocrx_word' id='word_1_249' title='bbox 1108 2009 1383 2062; x_wconf 90' lang='lat' dir='ltr'>consolacio,</span> <span class='ocrx_word' id='word_1_250' title='bbox 1416 2008 1495 2050; x_wconf 91' lang='lat' dir='ltr'>ubi</span> <span class='ocrx_word' id='word_1_251' title='bbox 1528 2020 1652 2062; x_wconf 89' lang='lat' dir='ltr'>spes,</span> <span class='ocrx_word' id='word_1_252' title='bbox 1685 2008 1765 2050; x_wconf 95' lang='lat' dir='ltr'>ubi</span> <span class='ocrx_word' id='word_1_253' title='bbox 1797 2010 1869 2050; x_wconf 87' lang='lat' dir='ltr'>est</span> <span class='ocrx_word' id='word_1_254' title='bbox 1898 2006 2019 2050; x_wconf 86' lang='lat' dir='ltr'>desi-</span> 
     </span>
     <span class='ocr_line' id='line_1_28' title="bbox 249 2078 2018 2133; baseline 0.001 -14"><span class='ocrx_word' id='word_1_255' title='bbox 249 2078 429 2120; x_wconf 91' lang='lat' dir='ltr'>derium</span> <span class='ocrx_word' id='word_1_256' title='bbox 468 2080 652 2120; x_wconf 85' lang='lat' dir='ltr'>meum‘?</span> <span class='ocrx_word' id='word_1_257' title='bbox 706 2079 1075 2132; x_wconf 89' lang='lat' dir='ltr'>Conquerebam,</span> <span class='ocrx_word' id='word_1_258' title='bbox 1115 2080 1291 2122; x_wconf 88' lang='lat' dir='ltr'>scilicet</span> <span class='ocrx_word' id='word_1_259' title='bbox 1329 2079 1386 2121; x_wconf 91' lang='lat' dir='ltr'>de</span> <span class='ocrx_word' id='word_1_260' title='bbox 1425 2083 1576 2133; x_wconf 90' lang='lat' dir='ltr'>patre;</span> <span class='ocrx_word' id='word_1_261' title='bbox 1616 2078 1827 2121; x_wconf 89' lang='lat' dir='ltr'>dicebam</span> <span class='ocrx_word' id='word_1_262' title='bbox 1865 2080 2018 2121; x_wconf 88' lang='lat' dir='ltr'>autem</span> 
     </span>
     <span class='ocr_line' id='line_1_29' title="bbox 249 2148 2016 2204; baseline 0 -14"><span class='ocrx_word' id='word_1_263' title='bbox 249 2149 342 2201; x_wconf 90' lang='lat' dir='ltr'>ubi,</span> <span class='ocrx_word' id='word_1_264' title='bbox 366 2162 524 2202; x_wconf 88' lang='lat' dir='ltr'>queso,</span> <span class='ocrx_word' id='word_1_265' title='bbox 548 2150 633 2202; x_wconf 91' lang='lat' dir='ltr'>fili,</span> <span class='ocrx_word' id='word_1_266' title='bbox 656 2153 725 2192; x_wconf 89' lang='lat' dir='ltr'>est</span> <span class='ocrx_word' id='word_1_267' title='bbox 749 2150 942 2192; x_wconf 89' lang='lat' dir='ltr'>dileccio</span> <span class='ocrx_word' id='word_1_268' title='bbox 963 2151 1027 2193; x_wconf 91' lang='lat' dir='ltr'>tui</span> <span class='ocrx_word' id='word_1_269' title='bbox 1050 2151 1211 2204; x_wconf 89' lang='lat' dir='ltr'>patris,</span> <span class='ocrx_word' id='word_1_270' title='bbox 1236 2151 1314 2203; x_wconf 92' lang='lat' dir='ltr'>qui</span> <span class='ocrx_word' id='word_1_271' title='bbox 1337 2150 1513 2192; x_wconf 90' lang='lat' dir='ltr'>tociens</span> <span class='ocrx_word' id='word_1_272' title='bbox 1534 2153 1579 2193; x_wconf 92' lang='lat' dir='ltr'>te</span> <span class='ocrx_word' id='word_1_273' title='bbox 1602 2149 1794 2203; x_wconf 85' lang='lat' dir='ltr'>vocavit,</span> <span class='ocrx_word' id='word_1_274' title='bbox 1818 2148 2016 2192; x_wconf 78' lang='lat' dir='ltr'>dilecte?</span> 
     </span>
     <span class='ocr_line' id='line_1_30' title="bbox 250 2219 2020 2274; baseline 0 -13"><span class='ocrx_word' id='word_1_275' title='bbox 250 2220 389 2261; x_wconf 86' lang='lat' dir='ltr'>Estne</span> <span class='ocrx_word' id='word_1_276' title='bbox 415 2220 621 2262; x_wconf 90' lang='lat' dir='ltr'>vacanda</span> <span class='ocrx_word' id='word_1_277' title='bbox 649 2220 840 2263; x_wconf 83' lang='lat' dir='ltr'>dileccio</span> <span class='ocrx_word' id='word_1_278' title='bbox 867 2222 967 2263; x_wconf 91' lang='lat' dir='ltr'>sine</span> <span class='ocrx_word' id='word_1_279' title='bbox 996 2221 1219 2274; x_wconf 89' lang='lat' dir='ltr'>reme-dio,</span> <span class='ocrx_word' id='word_1_280' title='bbox 1247 2226 1380 2265; x_wconf 88' lang='lat' dir='ltr'>estne</span> <span class='ocrx_word' id='word_1_281' title='bbox 1406 2220 1614 2263; x_wconf 77' lang='lat' dir='ltr'>vacanda</span> <span class='ocrx_word' id='word_1_282' title='bbox 1636 2219 1865 2263; x_wconf 83' lang='lat' dir='ltr'>dileccio‘?</span> <span class='ocrx_word' id='word_1_283' title='bbox 1903 2219 2020 2272; x_wconf 88' lang='lat' dir='ltr'>Que-</span> 
     </span>
     <span class='ocr_line' id='line_1_31' title="bbox 249 2289 2020 2345; baseline 0.001 -15"><span class='ocrx_word' id='word_1_284' title='bbox 249 2302 355 2332; x_wconf 90' lang='lat' dir='ltr'>nam</span> <span class='ocrx_word' id='word_1_285' title='bbox 383 2293 489 2333; x_wconf 90' lang='lat' dir='ltr'>sunt</span> <span class='ocrx_word' id='word_1_286' title='bbox 512 2290 599 2333; x_wconf 88' lang='lat' dir='ltr'>ista</span> <span class='ocrx_word' id='word_1_287' title='bbox 625 2291 893 2334; x_wconf 87' lang='lat' dir='ltr'>dileccionis</span> <span class='ocrx_word' id='word_1_288' title='bbox 921 2292 1152 2345; x_wconf 81' lang='lat' dir='ltr'>insignia?</span> <span class='ocrx_word' id='word_1_289' title='bbox 1191 2292 1399 2343; x_wconf 87' lang='lat' dir='ltr'>Qualiter</span> <span class='ocrx_word' id='word_1_290' title='bbox 1423 2303 1534 2334; x_wconf 91' lang='lat' dir='ltr'>vero</span> <span class='ocrx_word' id='word_1_291' title='bbox 1559 2291 1643 2335; x_wconf 91' lang='lat' dir='ltr'>tibi</span> <span class='ocrx_word' id='word_1_292' title='bbox 1669 2289 1899 2334; x_wconf 80' lang='lat' dir='ltr'>ostendit?</span> <span class='ocrx_word' id='word_1_293' title='bbox 1940 2289 2020 2332; x_wconf 89' lang='lat' dir='ltr'>Est</span> 
     </span>
     <span class='ocr_line' id='line_1_32' title="bbox 249 2360 2019 2416; baseline 0.001 -15"><span class='ocrx_word' id='word_1_294' title='bbox 249 2373 307 2402; x_wconf 92' lang='lat' dir='ltr'>ne</span> <span class='ocrx_word' id='word_1_295' title='bbox 336 2360 571 2403; x_wconf 74' lang='lat' dir='ltr'>vacanda?</span> <span class='ocrx_word' id='word_1_296' title='bbox 604 2395 611 2403; x_wconf 94' lang='lat'><strong><em>.</em></strong></span> <span class='ocrx_word' id='word_1_297' title='bbox 648 2395 656 2403; x_wconf 85' lang='lat'>.</span> <span class='ocrx_word' id='word_1_298' title='bbox 691 2395 700 2403; x_wconf 90' lang='lat'><strong><em>.</em></strong></span> <span class='ocrx_word' id='word_1_299' title='bbox 741 2361 917 2404; x_wconf 90' lang='lat' dir='ltr'>Dilecte</span> <span class='ocrx_word' id='word_1_300' title='bbox 945 2362 1016 2404; x_wconf 90' lang='lat' dir='ltr'>fili</span> <span class='ocrx_word' id='word_1_301' title='bbox 1044 2362 1119 2415; x_wconf 91' lang='lat' dir='ltr'>mi,</span> <span class='ocrx_word' id='word_1_302' title='bbox 1145 2375 1239 2404; x_wconf 92' lang='lat' dir='ltr'>non</span> <span class='ocrx_word' id='word_1_303' title='bbox 1268 2363 1505 2416; x_wconf 85' lang='lat' dir='ltr'>supplicas</span> <span class='ocrx_word' id='word_1_304' title='bbox 1532 2362 1668 2416; x_wconf 90' lang='lat' dir='ltr'>patri,</span> <span class='ocrx_word' id='word_1_305' title='bbox 1694 2364 1743 2404; x_wconf 92' lang='lat' dir='ltr'>ut</span> <span class='ocrx_word' id='word_1_306' title='bbox 1769 2374 1842 2404; x_wconf 91' lang='lat' dir='ltr'>me</span> <span class='ocrx_word' id='word_1_307' title='bbox 1868 2363 2019 2404; x_wconf 88' lang='lat' dir='ltr'>tecum</span> 
     </span>
     <span class='ocr_line' id='line_1_33' title="bbox 251 2431 2019 2486; baseline 0.001 -14"><span class='ocrx_word' id='word_1_308' title='bbox 251 2431 470 2484; x_wconf 90' lang='lat' dir='ltr'>suscipiat</span> <span class='ocrx_word' id='word_1_309' title='bbox 499 2435 543 2474; x_wconf 91' lang='lat' dir='ltr'>et</span> <span class='ocrx_word' id='word_1_310' title='bbox 572 2443 739 2485; x_wconf 92' lang='lat' dir='ltr'>penam</span> <span class='ocrx_word' id='word_1_311' title='bbox 770 2433 921 2476; x_wconf 90' lang='lat' dir='ltr'>cordis</span> <span class='ocrx_word' id='word_1_312' title='bbox 950 2433 1039 2475; x_wconf 93' lang='lat' dir='ltr'>mei</span> <span class='ocrx_word' id='word_1_313' title='bbox 1070 2433 1245 2486; x_wconf 89' lang='lat' dir='ltr'>mitiget</span> <span class='ocrx_word' id='word_1_314' title='bbox 1275 2437 1320 2476; x_wconf 94' lang='lat' dir='ltr'>et</span> <span class='ocrx_word' id='word_1_315' title='bbox 1349 2433 1589 2475; x_wconf 80' lang='lat' dir='ltr'>dolorem?</span> <span class='ocrx_word' id='word_1_316' title='bbox 1629 2432 1723 2475; x_wconf 89' lang='lat' dir='ltr'>Sed</span> <span class='ocrx_word' id='word_1_317' title='bbox 1752 2432 1811 2474; x_wconf 89' lang='lat' dir='ltr'>ad</span> <span class='ocrx_word' id='word_1_318' title='bbox 1838 2434 2019 2486; x_wconf 87' lang='lat' dir='ltr'>patrem</span> 
     </span>
     <span class='ocr_line' id='line_1_34' title="bbox 250 2502 2018 2557; baseline 0.001 -14"><span class='ocrx_word' id='word_1_319' title='bbox 250 2502 490 2553; x_wconf 90' lang='lat' dir='ltr'>querelam</span> <span class='ocrx_word' id='word_1_320' title='bbox 522 2503 858 2545; x_wconf 83' lang='lat' dir='ltr'>exclamabam:</span> <span class='ocrx_word' id='word_1_321' title='bbox 904 2504 1007 2545; x_wconf 90' lang='lat' dir='ltr'>Heu</span> <span class='ocrx_word' id='word_1_322' title='bbox 1039 2516 1126 2557; x_wconf 90' lang='lat' dir='ltr'>me,</span> <span class='ocrx_word' id='word_1_323' title='bbox 1157 2507 1291 2557; x_wconf 91' lang='lat' dir='ltr'>pater</span> <span class='ocrx_word' id='word_1_324' title='bbox 1323 2507 1367 2546; x_wconf 91' lang='lat' dir='ltr'>et</span> <span class='ocrx_word' id='word_1_325' title='bbox 1399 2504 1600 2557; x_wconf 89' lang='lat' dir='ltr'>domine,</span> <span class='ocrx_word' id='word_1_326' title='bbox 1633 2503 1711 2557; x_wconf 92' lang='lat' dir='ltr'>qui</span> <span class='ocrx_word' id='word_1_327' title='bbox 1743 2515 1816 2545; x_wconf 88' lang='lat' dir='ltr'>me</span> <span class='ocrx_word' id='word_1_328' title='bbox 1848 2502 1896 2544; x_wconf 92' lang='lat' dir='ltr'>in</span> <span class='ocrx_word' id='word_1_329' title='bbox 1925 2505 2018 2545; x_wconf 90' lang='lat' dir='ltr'>tam</span> 
     </span>
     <span class='ocr_line' id='line_1_35' title="bbox 250 2572 2020 2628; baseline 0.001 -15"><span class='ocrx_word' id='word_1_330' title='bbox 250 2572 535 2625; x_wconf 84' lang='lat' dir='ltr'>singularem</span> <span class='ocrx_word' id='word_1_331' title='bbox 565 2573 779 2615; x_wconf 89' lang='lat' dir='ltr'>ancillam</span> <span class='ocrx_word' id='word_1_332' title='bbox 808 2574 1004 2626; x_wconf 91' lang='lat' dir='ltr'>elegisti,</span> <span class='ocrx_word' id='word_1_333' title='bbox 1034 2575 1113 2616; x_wconf 91' lang='lat' dir='ltr'>ubi</span> <span class='ocrx_word' id='word_1_334' title='bbox 1144 2578 1214 2617; x_wconf 91' lang='lat' dir='ltr'>est</span> <span class='ocrx_word' id='word_1_335' title='bbox 1241 2575 1410 2628; x_wconf 89' lang='lat' dir='ltr'>gracia,</span> <span class='ocrx_word' id='word_1_336' title='bbox 1439 2587 1576 2628; x_wconf 91' lang='lat' dir='ltr'>quam</span> <span class='ocrx_word' id='word_1_337' title='bbox 1605 2573 1730 2628; x_wconf 93' lang='lat' dir='ltr'>apud</span> <span class='ocrx_word' id='word_1_338' title='bbox 1755 2577 1801 2616; x_wconf 94' lang='lat' dir='ltr'>te</span> <span class='ocrx_word' id='word_1_339' title='bbox 1830 2572 2020 2615; x_wconf 88' lang='lat' dir='ltr'>dixeras</span> 
     </span>
     <span class='ocr_line' id='line_1_36' title="bbox 251 2643 2020 2698; baseline 0.001 -14"><span class='ocrx_word' id='word_1_340' title='bbox 251 2643 566 2685; x_wconf 76' lang='lat' dir='ltr'>invenissem?</span> <span class='ocrx_word' id='word_1_341' title='bbox 612 2643 717 2696; x_wconf 89' lang='lat' dir='ltr'>Cur,</span> <span class='ocrx_word' id='word_1_342' title='bbox 748 2644 808 2685; x_wconf 92' lang='lat' dir='ltr'>mi</span> <span class='ocrx_word' id='word_1_343' title='bbox 838 2644 1037 2698; x_wconf 89' lang='lat' dir='ltr'>domine,</span> <span class='ocrx_word' id='word_1_344' title='bbox 1070 2657 1208 2688; x_wconf 89' lang='lat' dir='ltr'>aures</span> <span class='ocrx_word' id='word_1_345' title='bbox 1238 2645 1428 2688; x_wconf 88' lang='lat' dir='ltr'>obturas</span> <span class='ocrx_word' id='word_1_346' title='bbox 1458 2645 1516 2687; x_wconf 90' lang='lat' dir='ltr'>ad</span> <span class='ocrx_word' id='word_1_347' title='bbox 1545 2647 1638 2687; x_wconf 73' lang='lat' dir='ltr'>tam</span> <span class='ocrx_word' id='word_1_348' title='bbox 1663 2644 1901 2698; x_wconf 89' lang='lat' dir='ltr'>prolixum</span> <span class='ocrx_word' id='word_1_349' title='bbox 1931 2643 2020 2686; x_wconf 90' lang='grc'>013-</span> 
     </span>
     <span class='ocr_line' id='line_1_37' title="bbox 252 2714 2018 2768; baseline 0 -13"><span class='ocrx_word' id='word_1_350' title='bbox 252 2714 458 2755; x_wconf 85' lang='lat' dir='ltr'>morem‘?</span> <span class='ocrx_word' id='word_1_351' title='bbox 507 2714 599 2756; x_wconf 88' lang='lat' dir='ltr'>Cur</span> <span class='ocrx_word' id='word_1_352' title='bbox 634 2727 726 2756; x_wconf 92' lang='lat' dir='ltr'>non</span> <span class='ocrx_word' id='word_1_353' title='bbox 763 2714 959 2768; x_wconf 87' lang='lat' dir='ltr'>suscipis</span> <span class='ocrx_word' id='word_1_354' title='bbox 995 2729 1094 2757; x_wconf 90' lang='lat' dir='ltr'>cum</span> <span class='ocrx_word' id='word_1_355' title='bbox 1133 2716 1236 2758; x_wconf 94' lang='lat' dir='ltr'>filio</span> <span class='ocrx_word' id='word_1_356' title='bbox 1271 2716 1407 2758; x_wconf 92' lang='lat' dir='ltr'>simul</span> <span class='ocrx_word' id='word_1_357' title='bbox 1444 2719 1490 2758; x_wconf 91' lang='lat' dir='ltr'>et</span> <span class='ocrx_word' id='word_1_358' title='bbox 1524 2715 1750 2758; x_wconf 82' lang='lat' dir='ltr'>matrem?</span> <span class='ocrx_word' id='word_1_359' title='bbox 1799 2714 1893 2757; x_wconf 93' lang='lat' dir='ltr'>Cur</span> <span class='ocrx_word' id='word_1_360' title='bbox 1925 2725 2018 2756; x_wconf 92' lang='lat' dir='ltr'>non</span> 
     </span>
     <span class='ocr_line' id='line_1_38' title="bbox 254 2782 2020 2839; baseline 0.001 -14"><span class='ocrx_word' id='word_1_361' title='bbox 254 2784 448 2827; x_wconf 86' lang='lat' dir='ltr'>exaudis</span> <span class='ocrx_word' id='word_1_362' title='bbox 471 2785 718 2837; x_wconf 86' lang='lat' dir='ltr'>gemitibus</span> <span class='ocrx_word' id='word_1_363' title='bbox 743 2786 902 2828; x_wconf 85' lang='lat' dir='ltr'>matris</span> <span class='ocrx_word' id='word_1_364' title='bbox 926 2786 1152 2839; x_wconf 90' lang='lat' dir='ltr'>unigeniti</span> <span class='ocrx_word' id='word_1_365' title='bbox 1178 2787 1267 2828; x_wconf 91' lang='lat' dir='ltr'>filii</span> <span class='ocrx_word' id='word_1_366' title='bbox 1292 2786 1387 2828; x_wconf 82' lang='lat' dir='ltr'>tui‘?</span> <span class='ocrx_word' id='word_1_367' title='bbox 1425 2787 1518 2829; x_wconf 89' lang='lat' dir='ltr'>Cur</span> <span class='ocrx_word' id='word_1_368' title='bbox 1540 2799 1634 2829; x_wconf 93' lang='lat' dir='ltr'>non</span> <span class='ocrx_word' id='word_1_369' title='bbox 1659 2785 1873 2839; x_wconf 90' lang='lat' dir='ltr'>attendis,</span> <span class='ocrx_word' id='word_1_370' title='bbox 1897 2782 2020 2839; x_wconf 92' lang='lat' dir='ltr'>quod</span> 
     </span>
     <span class='ocr_line' id='line_1_39' title="bbox 253 2854 2020 2909; baseline 0 -13"><span class='ocrx_word' id='word_1_371' title='bbox 253 2856 353 2896; x_wconf 90' lang='lat' dir='ltr'>sine</span> <span class='ocrx_word' id='word_1_372' title='bbox 393 2855 494 2908; x_wconf 91' lang='lat' dir='ltr'>ipso</span> <span class='ocrx_word' id='word_1_373' title='bbox 532 2855 689 2897; x_wconf 87' lang='lat' dir='ltr'>vivere</span> <span class='ocrx_word' id='word_1_374' title='bbox 728 2868 820 2897; x_wconf 91' lang='lat' dir='ltr'>non</span> <span class='ocrx_word' id='word_1_375' title='bbox 860 2857 1078 2909; x_wconf 85' lang='lat' dir='ltr'>possum‘?</span> <span class='ocrx_word' id='word_1_376' title='bbox 1131 2858 1313 2899; x_wconf 90' lang='lat' dir='ltr'>Nullam</span> <span class='ocrx_word' id='word_1_377' title='bbox 1352 2857 1724 2899; x_wconf 86' lang='lat' dir='ltr'>consolacionem</span> <span class='ocrx_word' id='word_1_378' title='bbox 1763 2857 1812 2898; x_wconf 90' lang='lat' dir='ltr'>in</span> <span class='ocrx_word' id='word_1_379' title='bbox 1846 2854 2020 2898; x_wconf 87' lang='lat' dir='ltr'>mundo</span> 
     </span>
     <span class='ocr_line' id='line_1_40' title="bbox 252 2925 2018 2981; baseline 0.001 -15"><span class='ocrx_word' id='word_1_380' title='bbox 252 2925 375 2967; x_wconf 89' lang='lat' dir='ltr'>volui</span> <span class='ocrx_word' id='word_1_381' title='bbox 396 2926 572 2968; x_wconf 84' lang='lat' dir='ltr'>habere</span> <span class='ocrx_word' id='word_1_382' title='bbox 595 2926 684 2967; x_wconf 90' lang='lat' dir='ltr'>nisi</span> <span class='ocrx_word' id='word_1_383' title='bbox 708 2926 754 2968; x_wconf 92' lang='lat' dir='ltr'>in</span> <span class='ocrx_word' id='word_1_384' title='bbox 776 2926 880 2968; x_wconf 89' lang='lat' dir='ltr'>filio</span> <span class='ocrx_word' id='word_1_385' title='bbox 899 2930 977 2968; x_wconf 92' lang='lat' dir='ltr'>tuo</span> <span class='ocrx_word' id='word_1_386' title='bbox 999 2962 1007 2968; x_wconf 98' lang='lat'>.</span> <span class='ocrx_word' id='word_1_387' title='bbox 1043 2960 1051 2968; x_wconf 91' lang='lat'>.</span> <span class='ocrx_word' id='word_1_388' title='bbox 1087 2960 1095 2968; x_wconf 94' lang='lat'><strong>.</strong></span> <span class='ocrx_word' id='word_1_389' title='bbox 1132 2927 1400 2970; x_wconf 90' lang='lat' dir='ltr'>Clamabam</span> <span class='ocrx_word' id='word_1_390' title='bbox 1424 2927 1481 2970; x_wconf 92' lang='lat' dir='ltr'>ad</span> <span class='ocrx_word' id='word_1_391' title='bbox 1504 2928 1721 2981; x_wconf 87' lang='lat' dir='ltr'>angelum</span> <span class='ocrx_word' id='word_1_392' title='bbox 1742 2930 1789 2969; x_wconf 85' lang='lat' dir='ltr'>et</span> <span class='ocrx_word' id='word_1_393' title='bbox 1809 2926 2018 2968; x_wconf 88' lang='lat' dir='ltr'>dicebam</span> 
     </span>
    </p>
   </div>
   <div class='ocr_carea' id='block_1_3' title="bbox 346 2998 684 3061">
    <p class='ocr_par' dir='ltr' id='par_1_4' title="bbox 346 2998 684 3061">
     <span class='ocr_line' id='line_1_41' title="bbox 346 2998 684 3061; baseline 0.009 -11"><span class='ocrx_word' id='word_1_394' title='bbox 346 2998 350 2999; x_wconf 26' lang='lat'><em>⁷</em></span> <span class='ocrx_word' id='word_1_395' title='bbox 370 2998 401 3061; x_wconf 57' lang='lat'>1)</span> <span class='ocrx_word' id='word_1_396' title='bbox 421 2998 508 3052; x_wconf 14' lang='lat' dir='ltr'>jl&#39;orj</span> <span class='ocrx_word' id='word_1_397' title='bbox 521 2998 684 3053; x_wconf 17' lang='lat' dir='ltr'>*Pilatus</span> 
     </span>
    </p>
   </div>
  </div>
 </body>
</html>
