2102 3444
327 177 412 219 614
766 170 828 202 ΙΙΙ.
861 166 1069 201 Abs-chniu.
1116 164 1266 197 Reform
1300 162 1375 195 und
1408 160 1655 204 Verfassung.

330 290 640 345 predii-tis
702 292 755 329 et
819 281 1239 333 cardinales³)
1304 281 1729 332 provocantes
1777 278 1887 320 sub
1935 288 2094 331 pena

330 359 696 403 amissionis
752 349 1247 405 cardinalatus¹')
1306 353 1362 392 et
1418 349 1681 391 omnium
1737 347 2094 390 beneficio-

332 445 449 473 rum
487 440 757 478 suorum,
792 437 962 477 quam
997 423 1133 475 ipso
1167 422 1335 464 facto
1369 420 1699 461 incurrant
1732 418 1903 461 infra
1934 430 2095 460 men-

329 514 446 543 sem
481 514 504 541 a
538 500 635 540 die
667 493 1183 549 provocacionis,
1214 490 1552 533 concilium
1585 490 1783 543 ipsum
1815 492 2095 542 utsupra

329 571 562 612 dii-itur
611 567 923 618 indicere,
971 564 1306 617 publicare
1355 565 1412 603 et
1458 573 1630 613 quam
1679 559 1877 603 cicius
1922 561 2102 613 pote:

331 645 466 682 runt
515 638 808 680 intimare
857 649 918 677 ac
964 633 1334 676 cardinales
1381 631 1505 684 ipsi
1553 631 1883 683 ceterique
1931 630 2096 672 elec-

328 711 535 762 tores)
573 709 640 751 ad
676 709 870 749 locum
905 705 1168 747 concilii
1203 709 1483 756 tempore
1514 700 1927 743 convenienti
1957 712 2097 754 per-

328 781 644 822 sonaliter
690 791 751 820 se
797 776 1163 818 transfeire
1210 778 1266 816 et
1313 785 1508 826 usque
1555 772 1625 815 ad
1670 771 1864 814 finem
1911 783 2096 813 cau-se

328 854 683 904 expectare.
737 849 1096 889 Teneantur
1138 857 1380 898 quoque
1419 843 1659 896 prelati
1699 846 1758 885 et
1797 841 1998 884 ceteri
2037 843 2098 884 ut

329 934 515 974 supra
567 920 635 961 ad
686 917 1207 960 convocacionem
1256 913 1684 956 cardinalium
1734 915 1995 966 tantum,
2044 912 2097 954 si

329 994 493 1034 sorte
552 991 637 1033 sic
695 991 941 1031 electus
999 998 1347 1028 convocare
1404 987 1720 1037 cessaret,
1778 982 2098 1026 accedere.

328 1063 433 1114 Qui
465 1063 551 1104 sic
583 1062 828 1102 electus
858 1060 914 1100 in
946 1058 1224 1100 concilio
1253 1057 1390 1109 ipso
1417 1068 1535 1097 non
1562 1054 1922 1108 presideat,
1952 1052 2098 1107 quin

327 1146 454 1186 ymo
498 1132 576 1174 sit
621 1128 646 1174 a
689 1131 959 1172 termino
1003 1127 1315 1170 iniciandi
1361 1126 1626 1168 concilii
1667 1125 1806 1178 ipso
1848 1125 1985 1167 iure
2029 1125 2099 1167 ab

329 1204 485 1246 omni
521 1201 1094 1245 administracione
1130 1202 1399 1252 papatus
1433 1209 1944 1251 suspensus,nec
1975 1193 2099 1250 sihi

329 1288 353 1316 a
390 1285 689 1327 quoquam
728 1272 837 1315 sub
873 1283 1029 1324 pena
1067 1269 1349 1312 fautorie
1388 1268 1709 1311 scismatis
1746 1265 2099 1309 obediatur.v

445 1344 661 1395 Quodsi
706 1342 875 1384 infra
919 1354 1137 1383 annum
1179 1343 1321 1382 ante
1366 1340 1524 1381 diem
1566 1338 1794 1380 indicti
1837 1335 2100 1380 concilii

329 1416 696 1468 contingant
738 1412 1095 1466 supradicti
1137 1424 1345 1463 casus,
1387 1410 1724 1462 videlicet,
1766 1409 1926 1462 quod
1964 1408 2101 1462 plu-

330 1499 428 1528 res
472 1499 533 1528 se
576 1488 798 1538 gerant
839 1496 949 1536 pro
990 1495 1147 1536 papa
1189 1483 1287 1524 vel
1331 1481 1489 1534 quod
1531 1493 1687 1522 unus
1730 1491 1838 1533 per
1881 1482 2099 1520 metum

330 1570 435 1599 seu
515 1569 622 1609 per
704 1555 1190 1608 impressionem
1272 1553 1578 1605 eligatur,
1659 1547 2098 1605 censeanturd)

329 1628 466 1680 ipso
505 1627 640 1669 iure
681 1630 795 1668 tam
837 1639 897 1668 se
938 1627 1238 1678 gerentes
1279 1637 1388 1677 pro
1428 1635 1611 1676 papa,
1640 1634 1812 1675 quam
1853 1621 2100 1663 electus

330 1711 437 1751 per
471 1702 687 1740 metum
722 1710 829 1739 seu
862 1695 1349 1749 impressionem
1382 1698 1438 1737 et
1470 1692 1843 1736 cardin-ales
1873 1692 1944 1735 ad
1974 1691 2101 1733 dic-‘-

330 1773 447 1811 tum
510 1769 846 1810 concilium
909 1767 1239 1820 provocati
1302 1767 1775 1817 teneanturque
1840 1763 1899 1805 in
1964 1763 2102 1815 ipso

329 1840 604 1882 concilio
661 1851 1025 1891 comparere
1083 1835 1551 1891 personaliter,
1611 1847 1856 1876 cau-sam
1913 1845 2102 1886 expo-

331 1924 478 1953 nere
521 1915 577 1952 et
619 1909 917 1951 indicium
958 1908 1221 1950 concilii
1262 1910 1620 1960 expectare.
1661 1905 1777 1948 Sed
1817 1905 1868 1947 si
1908 1903 2100 1946 dictis

331 1982 583 2023 casibus
631 1980 1122 2022 occurrentibus
1169 1978 1496 2031 continget
1542 1977 1709 2019 forte
1757 1988 1939 2019 casus
1985 1975 2102 2018 ali-

332 2053 494 2105 quis,
527 2066 639 2104 quo
683 2052 1119 2093 necessarium
1163 2050 1243 2092 sit
1287 2051 1485 2091 locum
1527 2047 1792 2090 concilii
1837 2048 2100 2098 mutare,

332 2128 390 2165 ut
431 2122 793 2165 obsidionis
835 2124 933 2163 vel
977 2134 1205 2174 guerre
1251 2124 1351 2163 aut
1395 2118 1599 2172 pestis
1641 2117 2100 2173 ve10)s-imilis‚

332 2197 670 2235 teneantur
736 2192 1191 2235 nichilominus
1257 2195 1372 2233 tam
1440 2202 1649 2232 omnes
1713 2187 2100 2242 supradicti,

333 2277 503 2316 quam
551 2277 758 2306 omnes
805 2264 1044 2316 prelati
1093 2263 1451 2315 ceterique,
1499 2261 1599 2314 qui
1647 2260 1718 2302 ad
1765 2257 2102 2302 concilium

336 2336 424 2376 ire
463 2338 786 2387 tenentur,
828 2335 896 2376 ad
934 2335 1130 2376 locum
1169 2333 1648 2386 proximiorem,
1687 2334 1748 2373 ut
1785 2327 2100 2384 premitti-

333 2409 454 2457 tur,
520 2407 618 2458 qui
662 2407 741 2447 sit
782 2405 1022 2448 habilis
1064 2405 1133 2446 ad
1174 2403 1510 2446 concilium
1550 2401 1923 2454 convenire,
1962 2411 2102 2453 pos-

334 2476 540 2528 sitque
586 2477 776 2518 maior
821 2488 965 2529 pars
1010 2476 1429 2528 prelatorum,
1475 2473 1576 2527 qui
1619 2472 1790 2515 infra
1834 2481 2100 2513 mensem

334 2547 402 2588 ad
439 2548 631 2588 locum
670 2550 901 2588 certum
940 2546 1444 2597 declinaverint,
1480 2544 1660 2586 illum
1692 2543 1820 2585 sibi
1855 2546 1914 2585 et
1949 2539 2102 2584 aliis

335 2630 441 2669 pro
492 2618 623 2658 loeo
674 2618 932 2659 concilii
986 2617 1320 2670 deputare,
1372 2616 1441 2658 ad
1491 2627 1663 2668 quem
1712 2614 1913 2655 ceteri
1961 2623 2102 2654 con-

335 2688 552 2730 venire
599 2691 937 2729 teneantur
984 2700 1046 2729 ac
1094 2688 1142 2729 si
1190 2700 1215 2730 a
1261 2685 1584 2739 principio
1629 2684 1868 2726 fuisset
1913 2683 2100 2736 depu-

333 2757 548 2811 tatus-ff)
595 2758 943 2800 Concilium
986 2761 1185 2800 autem
1226 2761 1286 2800 ut
1326 2756 1659 2809 prefertur
1698 2755 2100 2797 convocatum

439 2856 468 2875 a»
498 2851 530 2875 ll'
549 2851 587 2874 im
612 2851 681 2875 'rm-t
703 2849 888 2876 cardinales
904 2851 1170 2883 «[ιιι-«τΙιειι-ῖι’1ιιηι,·
1191 2857 1243 2875 am
1259 2850 1372 2876 Rutula>
1389 2848 1511 2881 lem-vigy.
1533 2848 1564 2875 in
1581 2846 1768 2874 cardinales
1783 2846 1967 2881 electores;
1986 2845 2102 2873 wieder

333 2898 596 2930 dus-vlmrrirhmq
616 2896 738 2929 lcum-iss.
760 2898 791 2923 in
814 2897 1008 2923 cardinales.
1076 2897 1107 2928 b)
1129 2905 1179 2923 am
1197 2897 1316 2923 Ranae.
1374 2900 1401 2928 c)
1426 2903 1462 2922 ar
1487 2915 1493 2921 .
1516 2914 1521 2920 .
1543 2915 1548 2921 .
1570 2894 1665 2921 elect.
1691 2894 1729 2921 W
1744 2902 1797 2921 am
1818 2893 1945 2927 Ramle;
1964 2891 2044 2926 fehlt
2063 2891 2102 2926 S,-

334 2944 438 2974 dusiir
460 2945 492 2970 vt
515 2945 574 2970 dtis
600 2945 629 2969 ln
662 2944 695 2969 11*
714 2944 968 2970 diti-chflriclmz.
1042 2943 1074 2977 d)
1101 2944 1137 2969 11⁷
1154 2943 1354 2970 senciautur.
1429 2944 1456 2975 e)
1481 2943 1576 2969 Korr.
1598 2948 1659 2968 (tus
1680 2941 1751 2973 aut3
1778 2947 1813 2968 80
1836 2940 1864 2968 S.
1937 2939 1963 2974 f)
1979 2939 2003 2969 S
2018 2938 2102 2974 folyt

336 2991 368 3016 lit
393 2991 418 3016 si
442 2991 551 3017 soi-san
573 2991 717 3020 generali
744 2991 874 3023 vigente
905 2992 937 3017 et
970 2991 1109 3017 ‹lui-ante
1140 2991 1280 3017 concilio
1303 2990 1427 3017 eleccio
1452 2997 1510 3024 per
1531 2989 1653 3016 metum
1681 2989 1739 3015 ant
1757 2987 2009 3022 impressionem
2028 2991 2100 3021 pre-

334 3037 538 3064 tenderetnr:
589 3038 690 3064 fuisse
731 3038 829 3065 faeta.
875 3040 1050 3065 teneantur
1098 3038 1286 3065 huiusmodi
1332 3039 1454 3064 melum
1500 3037 1558 3064 aut
1602 3035 1856 3071 impressionem
1892 3033 2102 3070 metenda-03

334 3085 408 3111 ilum
450 3088 557 3111 tamen
598 3087 704 3112 metus
749 3087 780 3112 ot
819 3085 993 3120 impressio
1033 3086 1160 3113 notarie
1201 3088 1233 3113 et.
1273 3085 1444 3113 evidenter
1483 3083 1698 3118 cessaverint,
1735 3083 1845 3118 ipsum
1883 3082 2006 3110 metum
2043 3071 2100 3108 seli
