<?xml version="1.0" encoding="UTF-8"?>
<!DOCTYPE html PUBLIC "-//W3C//DTD XHTML 1.0 Transitional//EN"
    "http://www.w3.org/TR/xhtml1/DTD/xhtml1-transitional.dtd">
<html xmlns="http://www.w3.org/1999/xhtml" xml:lang="en" lang="en">
 <head>
  <title>
</title>
<meta http-equiv="Content-Type" content="text/html;charset=utf-8" />
  <meta name='ocr-system' content='tesseract 3.04.00' />
  <meta name='ocr-capabilities' content='ocr_page ocr_carea ocr_par ocr_line ocrx_word'/>
</head>
<body>
  <div class='ocr_page' id='page_1' title='image "./actaconciliicons02counuoft_0162.png"; bbox 0 0 2102 3444; ppageno 0'>
   <div class='ocr_carea' id='block_1_1' title="bbox 310 129 1548 177">
    <p class='ocr_par' dir='ltr' id='par_1_1' title="bbox 310 129 1548 177">
     <span class='ocr_line' id='line_1_1' title="bbox 310 129 1548 177; baseline 0 -9"><span class='ocrx_word' id='word_1_1' title='bbox 310 131 395 177; x_wconf 83' lang='lat'>148</span> <span class='ocrx_word' id='word_1_2' title='bbox 844 130 870 166; x_wconf 91' lang='lat'>1.</span> <span class='ocrx_word' id='word_1_3' title='bbox 894 130 1108 167; x_wconf 83' lang='lat' dir='ltr'>Abschnitt.</span> <span class='ocrx_word' id='word_1_4' title='bbox 1146 129 1548 177; x_wconf 68' lang='lat' dir='ltr'>Konzssstagehuclaer.</span> 
     </span>
    </p>
   </div>
   <div class='ocr_carea' id='block_1_2' title="bbox 307 249 2084 2923">
    <p class='ocr_par' dir='ltr' id='par_1_2' title="bbox 308 249 2084 1011">
     <span class='ocr_line' id='line_1_2' title="bbox 309 249 2082 303; baseline 0.002 -13"><span class='ocrx_word' id='word_1_5' title='bbox 309 249 560 303; x_wconf 89' lang='lat' dir='ltr'>episcopus</span> <span class='ocrx_word' id='word_1_6' title='bbox 583 249 930 292; x_wconf 88' lang='lat' dir='ltr'>Vinctoniensis</span> <span class='ocrx_word' id='word_1_7' title='bbox 956 249 1160 303; x_wconf 82' lang='lat' dir='ltr'>fingeret</span> <span class='ocrx_word' id='word_1_8' title='bbox 1184 263 1236 293; x_wconf 89' lang='lat' dir='ltr'>se</span> <span class='ocrx_word' id='word_1_9' title='bbox 1261 250 1330 293; x_wconf 91' lang='lat' dir='ltr'>ire</span> <span class='ocrx_word' id='word_1_10' title='bbox 1354 250 1403 293; x_wconf 92' lang='lat' dir='ltr'>in</span> <span class='ocrx_word' id='word_1_11' title='bbox 1427 251 1726 294; x_wconf 86' lang='lat' dir='ltr'>Jherusalem</span> <span class='ocrx_word' id='word_1_12' title='bbox 1750 254 1797 293; x_wconf 90' lang='lat' dir='ltr'>et</span> <span class='ocrx_word' id='word_1_13' title='bbox 1820 263 1916 293; x_wconf 86' lang='lat' dir='ltr'>non</span> <span class='ocrx_word' id='word_1_14' title='bbox 1938 251 2082 294; x_wconf 84' lang='lat' dir='ltr'>vellet</span> 
     </span>
     <span class='ocr_line' id='line_1_3' title="bbox 309 320 2082 376; baseline 0.001 -13"><span class='ocrx_word' id='word_1_15' title='bbox 309 320 393 374; x_wconf 90' lang='lat' dir='ltr'>ire,</span> <span class='ocrx_word' id='word_1_16' title='bbox 418 321 637 374; x_wconf 89' lang='lat' dir='ltr'>quoniam</span> <span class='ocrx_word' id='word_1_17' title='bbox 659 323 843 375; x_wconf 90' lang='lat' dir='ltr'>tempus</span> <span class='ocrx_word' id='word_1_18' title='bbox 866 321 1046 374; x_wconf 80' lang='lat' dir='ltr'>hyemis</span> <span class='ocrx_word' id='word_1_19' title='bbox 1069 334 1163 364; x_wconf 91' lang='lat' dir='ltr'>non</span> <span class='ocrx_word' id='word_1_20' title='bbox 1185 321 1358 375; x_wconf 80' lang='lat' dir='ltr'>patitur</span> <span class='ocrx_word' id='word_1_21' title='bbox 1379 322 1744 376; x_wconf 85' lang='lat' dir='ltr'>navigacionem,</span> <span class='ocrx_word' id='word_1_22' title='bbox 1767 321 1980 376; x_wconf 83' lang='lat' dir='ltr'><strong>nullique</strong></span> <span class='ocrx_word' id='word_1_23' title='bbox 2002 325 2082 365; x_wconf 83' lang='lat' dir='ltr'>aut</span> 
     </span>
     <span class='ocr_line' id='line_1_4' title="bbox 308 391 2081 446; baseline 0.001 -13"><span class='ocrx_word' id='word_1_24' title='bbox 308 391 446 444; x_wconf 90' lang='lat' dir='ltr'>pauci</span> <span class='ocrx_word' id='word_1_25' title='bbox 471 392 519 433; x_wconf 94' lang='lat' dir='ltr'>in</span> <span class='ocrx_word' id='word_1_26' title='bbox 543 392 710 445; x_wconf 85' lang='lat' dir='ltr'><strong>hyeme</strong></span> <span class='ocrx_word' id='word_1_27' title='bbox 736 391 963 445; x_wconf 90' lang='lat' dir='ltr'>incipiunt</span> <span class='ocrx_word' id='word_1_28' title='bbox 987 392 1225 446; x_wconf 86' lang='lat' dir='ltr'>navigare,</span> <span class='ocrx_word' id='word_1_29' title='bbox 1252 393 1453 435; x_wconf 85' lang='lat' dir='ltr'>maxime</span> <span class='ocrx_word' id='word_1_30' title='bbox 1479 393 1539 435; x_wconf 92' lang='lat' dir='ltr'>ad</span> <span class='ocrx_word' id='word_1_31' title='bbox 1562 396 1656 436; x_wconf 89' lang='lat' dir='ltr'>tam</span> <span class='ocrx_word' id='word_1_32' title='bbox 1681 395 1884 435; x_wconf 80' lang='lat' dir='ltr'>remotas</span> <span class='ocrx_word' id='word_1_33' title='bbox 1907 395 2081 446; x_wconf 87' lang='lat' dir='ltr'>partes.</span> 
     </span>
     <span class='ocr_line' id='line_1_5' title="bbox 309 462 2084 517; baseline 0.001 -13"><span class='ocrx_word' id='word_1_34' title='bbox 309 462 365 505; x_wconf 93' lang='lat' dir='ltr'>Et</span> <span class='ocrx_word' id='word_1_35' title='bbox 392 462 516 516; x_wconf 92' lang='lat' dir='ltr'>quod</span> <span class='ocrx_word' id='word_1_36' title='bbox 542 475 629 516; x_wconf 92' lang='lat' dir='ltr'>per</span> <span class='ocrx_word' id='word_1_37' title='bbox 658 475 817 516; x_wconf 89' lang='lat' dir='ltr'>regem</span> <span class='ocrx_word' id='word_1_38' title='bbox 845 462 1158 505; x_wconf 87' lang='lat' dir='ltr'>Romanorum</span> <span class='ocrx_word' id='word_1_39' title='bbox 1188 466 1233 506; x_wconf 88' lang='lat' dir='ltr'>et</span> <span class='ocrx_word' id='word_1_40' title='bbox 1259 463 1478 517; x_wconf 85' lang='lat' dir='ltr'>Anglicos</span> <span class='ocrx_word' id='word_1_41' title='bbox 1507 466 1863 506; x_wconf 81' lang='lat' dir='ltr'>commentatum</span> <span class='ocrx_word' id='word_1_42' title='bbox 1891 466 1939 506; x_wconf 89' lang='lat' dir='ltr'>et</span> <span class='ocrx_word' id='word_1_43' title='bbox 1965 475 2084 506; x_wconf 89' lang='lat' dir='ltr'>com-</span> 
     </span>
     <span class='ocr_line' id='line_1_6' title="bbox 309 533 2082 588; baseline 0.001 -13"><span class='ocrx_word' id='word_1_44' title='bbox 309 533 511 586; x_wconf 87' lang='lat' dir='ltr'>positum</span> <span class='ocrx_word' id='word_1_45' title='bbox 536 533 610 587; x_wconf 86' lang='lat' dir='ltr'>sit,</span> <span class='ocrx_word' id='word_1_46' title='bbox 633 533 757 587; x_wconf 85' lang='lat' dir='ltr'>quod</span> <span class='ocrx_word' id='word_1_47' title='bbox 781 534 844 576; x_wconf 90' lang='lat' dir='ltr'>ita</span> <span class='ocrx_word' id='word_1_48' title='bbox 868 533 1071 587; x_wconf 82' lang='lat' dir='ltr'>fingeret</span> <span class='ocrx_word' id='word_1_49' title='bbox 1094 536 1141 576; x_wconf 90' lang='lat' dir='ltr'>et</span> <span class='ocrx_word' id='word_1_50' title='bbox 1165 535 1348 577; x_wconf 87' lang='lat' dir='ltr'>veniret</span> <span class='ocrx_word' id='word_1_51' title='bbox 1372 534 1431 577; x_wconf 92' lang='lat' dir='ltr'>ad</span> <span class='ocrx_word' id='word_1_52' title='bbox 1455 534 1713 587; x_wconf 90' lang='lat' dir='ltr'>concilium,</span> <span class='ocrx_word' id='word_1_53' title='bbox 1738 537 1787 576; x_wconf 91' lang='lat' dir='ltr'>ut</span> <span class='ocrx_word' id='word_1_54' title='bbox 1811 537 1937 577; x_wconf 89' lang='lat' dir='ltr'>esset</span> <span class='ocrx_word' id='word_1_55' title='bbox 1959 546 2082 588; x_wconf 85' lang='lat' dir='ltr'>papa</span> 
     </span>
     <span class='ocr_line' id='line_1_7' title="bbox 308 603 2084 659; baseline 0.001 -13"><span class='ocrx_word' id='word_1_56' title='bbox 308 606 356 646; x_wconf 91' lang='lat' dir='ltr'>et</span> <span class='ocrx_word' id='word_1_57' title='bbox 381 604 440 647; x_wconf 90' lang='lat' dir='ltr'>ad</span> <span class='ocrx_word' id='word_1_58' title='bbox 464 604 551 647; x_wconf 91' lang='lat' dir='ltr'>hoc</span> <span class='ocrx_word' id='word_1_59' title='bbox 575 603 723 647; x_wconf 83' lang='lat' dir='ltr'>fiebat</span> <span class='ocrx_word' id='word_1_60' title='bbox 747 617 834 658; x_wconf 93' lang='lat' dir='ltr'>per</span> <span class='ocrx_word' id='word_1_61' title='bbox 859 604 1063 646; x_wconf 91' lang='lat' dir='ltr'>medium</span> <span class='ocrx_word' id='word_1_62' title='bbox 1090 606 1193 648; x_wconf 91' lang='lat' dir='ltr'>eius</span> <span class='ocrx_word' id='word_1_63' title='bbox 1218 605 1306 648; x_wconf 90' lang='lat' dir='ltr'>ista</span> <span class='ocrx_word' id='word_1_64' title='bbox 1332 606 1592 659; x_wconf 84' lang='lat' dir='ltr'>concordia,</span> <span class='ocrx_word' id='word_1_65' title='bbox 1618 608 1667 647; x_wconf 90' lang='lat' dir='ltr'>ut</span> <span class='ocrx_word' id='word_1_66' title='bbox 1693 606 1958 658; x_wconf 83' lang='lat' dir='ltr'>acquireret</span> <span class='ocrx_word' id='word_1_67' title='bbox 1981 617 2084 659; x_wconf 89' lang='lat' dir='ltr'>gra-</span> 
     </span>
     <span class='ocr_line' id='line_1_8' title="bbox 309 674 2083 730; baseline 0.001 -13"><span class='ocrx_word' id='word_1_68' title='bbox 309 675 428 717; x_wconf 83' lang='lat' dir='ltr'>ciam</span> <span class='ocrx_word' id='word_1_69' title='bbox 453 678 501 717; x_wconf 91' lang='lat' dir='ltr'>et</span> <span class='ocrx_word' id='word_1_70' title='bbox 526 674 714 718; x_wconf 91' lang='lat' dir='ltr'>laudem</span> <span class='ocrx_word' id='word_1_71' title='bbox 741 676 789 718; x_wconf 92' lang='lat' dir='ltr'>in</span> <span class='ocrx_word' id='word_1_72' title='bbox 816 675 1024 718; x_wconf 91' lang='lat' dir='ltr'>concilio.</span> <span class='ocrx_word' id='word_1_73' title='bbox 1062 675 1221 729; x_wconf 84' lang='lat' dir='ltr'>Aliqui</span> <span class='ocrx_word' id='word_1_74' title='bbox 1249 675 1395 718; x_wconf 90' lang='lat' dir='ltr'>eciam</span> <span class='ocrx_word' id='word_1_75' title='bbox 1421 676 1576 730; x_wconf 87' lang='lat' dir='ltr'>magni</span> <span class='ocrx_word' id='word_1_76' title='bbox 1602 675 1772 730; x_wconf 85' lang='lat' dir='ltr'>prelati</span> <span class='ocrx_word' id='word_1_77' title='bbox 1797 688 1885 730; x_wconf 90' lang='lat' dir='ltr'>per</span> <span class='ocrx_word' id='word_1_78' title='bbox 1911 675 2083 718; x_wconf 80' lang='lat' dir='ltr'>media-</span> 
     </span>
     <span class='ocr_line' id='line_1_9' title="bbox 309 745 2084 800; baseline 0 -12"><span class='ocrx_word' id='word_1_79' title='bbox 309 748 436 788; x_wconf 82' lang='lat' dir='ltr'>tores</span> <span class='ocrx_word' id='word_1_80' title='bbox 466 745 659 789; x_wconf 81' lang='lat' dir='ltr'>fuerunt</span> <span class='ocrx_word' id='word_1_81' title='bbox 689 746 919 800; x_wconf 87' lang='lat' dir='ltr'>requisiti,</span> <span class='ocrx_word' id='word_1_82' title='bbox 949 749 999 789; x_wconf 91' lang='lat' dir='ltr'>ut</span> <span class='ocrx_word' id='word_1_83' title='bbox 1031 747 1080 789; x_wconf 91' lang='lat' dir='ltr'>in</span> <span class='ocrx_word' id='word_1_84' title='bbox 1111 747 1197 789; x_wconf 91' lang='lat' dir='ltr'>hoc</span> <span class='ocrx_word' id='word_1_85' title='bbox 1228 748 1546 790; x_wconf 80' lang='lat' dir='ltr'>consentirent</span> <span class='ocrx_word' id='word_1_86' title='bbox 1577 750 1623 790; x_wconf 94' lang='lat' dir='ltr'>et</span> <span class='ocrx_word' id='word_1_87' title='bbox 1652 746 1881 790; x_wconf 87' lang='lat' dir='ltr'>iuvarent.</span> <span class='ocrx_word' id='word_1_88' title='bbox 1924 745 2084 800; x_wconf 83' lang='lat' dir='ltr'>Aliqui</span> 
     </span>
     <span class='ocr_line' id='line_1_10' title="bbox 309 815 2083 872; baseline 0.001 -14"><span class='ocrx_word' id='word_1_89' title='bbox 309 815 573 859; x_wconf 83' lang='lat' dir='ltr'>cardinales</span> <span class='ocrx_word' id='word_1_90' title='bbox 602 816 886 870; x_wconf 84' lang='lat' dir='ltr'>nitebantur,</span> <span class='ocrx_word' id='word_1_91' title='bbox 918 817 1042 870; x_wconf 92' lang='lat' dir='ltr'>quod</span> <span class='ocrx_word' id='word_1_92' title='bbox 1072 817 1319 871; x_wconf 88' lang='lat' dir='ltr'>collegium</span> <span class='ocrx_word' id='word_1_93' title='bbox 1350 830 1463 872; x_wconf 91' lang='lat' dir='ltr'>sepe</span> <span class='ocrx_word' id='word_1_94' title='bbox 1494 817 1697 860; x_wconf 85' lang='lat' dir='ltr'>mitteret</span> <span class='ocrx_word' id='word_1_95' title='bbox 1729 816 1993 860; x_wconf 77' lang='lat' dir='ltr'>cardinales</span> <span class='ocrx_word' id='word_1_96' title='bbox 2022 815 2083 860; x_wconf 90' lang='lat' dir='ltr'>ad</span> 
     </span>
     <span class='ocr_line' id='line_1_11' title="bbox 310 886 2084 941; baseline 0 -12"><span class='ocrx_word' id='word_1_97' title='bbox 310 886 593 929; x_wconf 89' lang='lat' dir='ltr'>visitandum</span> <span class='ocrx_word' id='word_1_98' title='bbox 620 900 741 941; x_wconf 89' lang='lat' dir='ltr'>eum,</span> <span class='ocrx_word' id='word_1_99' title='bbox 768 887 848 930; x_wconf 91' lang='lat' dir='ltr'>alii</span> <span class='ocrx_word' id='word_1_100' title='bbox 877 887 1093 931; x_wconf 87' lang='lat' dir='ltr'>dicebant</span> <span class='ocrx_word' id='word_1_101' title='bbox 1119 901 1213 931; x_wconf 91' lang='lat' dir='ltr'>non</span> <span class='ocrx_word' id='word_1_102' title='bbox 1241 889 1409 931; x_wconf 88' lang='lat' dir='ltr'>decere</span> <span class='ocrx_word' id='word_1_103' title='bbox 1437 888 1561 931; x_wconf 82' lang='lat' dir='ltr'>fieri.</span> <span class='ocrx_word' id='word_1_104' title='bbox 1600 888 1656 931; x_wconf 89' lang='lat' dir='ltr'>Et</span> <span class='ocrx_word' id='word_1_105' title='bbox 1682 900 1747 930; x_wconf 87' lang='lat' dir='ltr'>ex·</span> <span class='ocrx_word' id='word_1_106' title='bbox 1768 887 1860 931; x_wconf 84' lang='lat' dir='ltr'>hiis</span> <span class='ocrx_word' id='word_1_107' title='bbox 1886 890 1987 931; x_wconf 77' lang='lat' dir='ltr'>orta</span> <span class='ocrx_word' id='word_1_108' title='bbox 2011 890 2084 930; x_wconf 86' lang='lat' dir='ltr'>est</span> 
     </span>
     <span class='ocr_line' id='line_1_12' title="bbox 310 956 704 1011; baseline 0 -11"><span class='ocrx_word' id='word_1_109' title='bbox 310 956 456 1001; x_wconf 89' lang='lat' dir='ltr'>eciam</span> <span class='ocrx_word' id='word_1_110' title='bbox 485 958 704 1011; x_wconf 84' lang='lat' dir='ltr'>suspicio.</span> 
     </span>
    </p>

    <p class='ocr_par' dir='ltr' id='par_1_3' title="bbox 308 1028 2084 1225">
     <span class='ocr_line' id='line_1_13' title="bbox 429 1028 2083 1073; baseline 0.001 -2"><span class='ocrx_word' id='word_1_111' title='bbox 429 1028 515 1071; x_wconf 92' lang='lat' dir='ltr'>Die</span> <span class='ocrx_word' id='word_1_112' title='bbox 536 1028 719 1072; x_wconf 89' lang='lat' dir='ltr'>sabbati</span> <span class='ocrx_word' id='word_1_113' title='bbox 739 1042 862 1072; x_wconf 91' lang='lat' dir='ltr'>nona</span> <span class='ocrx_word' id='word_1_114' title='bbox 883 1029 1094 1073; x_wconf 88' lang='lat' dir='ltr'>Octobris</span> <span class='ocrx_word' id='word_1_115' title='bbox 1115 1042 1238 1073; x_wconf 89' lang='lat' dir='ltr'>anno</span> <span class='ocrx_word' id='word_1_116' title='bbox 1262 1030 1321 1072; x_wconf 77' lang='grc' dir='ltr'>Μ0</span> <span class='ocrx_word' id='word_1_117' title='bbox 1335 1029 1503 1073; x_wconf 90' lang='grc'>00000</span> <span class='ocrx_word' id='word_1_118' title='bbox 1518 1030 1651 1072; x_wconf 93' lang='lat' dir='ltr'>XVII</span> <span class='ocrx_word' id='word_1_119' title='bbox 1673 1032 1718 1072; x_wconf 87' lang='lat' dir='ltr'>et</span> <span class='ocrx_word' id='word_1_120' title='bbox 1737 1029 1920 1072; x_wconf 84' lang='lat' dir='ltr'>concilii</span> <span class='ocrx_word' id='word_1_121' title='bbox 1938 1029 2083 1072; x_wconf 85' lang='lat' dir='ltr'>tercio</span> 
     </span>
     <span class='ocr_line' id='line_1_14' title="bbox 310 1098 2084 1155; baseline 0 -13"><span class='ocrx_word' id='word_1_122' title='bbox 310 1098 431 1142; x_wconf 90' lang='lat' dir='ltr'>sedit</span> <span class='ocrx_word' id='word_1_123' title='bbox 456 1099 699 1142; x_wconf 90' lang='lat' dir='ltr'>concilium</span> <span class='ocrx_word' id='word_1_124' title='bbox 729 1113 831 1142; x_wconf 90' lang='lat' dir='ltr'>cum</span> <span class='ocrx_word' id='word_1_125' title='bbox 859 1101 1153 1143; x_wconf 88' lang='lat' dir='ltr'>solennitate.</span> <span class='ocrx_word' id='word_1_126' title='bbox 1192 1100 1407 1144; x_wconf 91' lang='lat' dir='ltr'>Presedit</span> <span class='ocrx_word' id='word_1_127' title='bbox 1433 1100 1662 1144; x_wconf 90' lang='lat' dir='ltr'>Ostiensis</span> <span class='ocrx_word' id='word_1_128' title='bbox 1689 1103 1734 1143; x_wconf 90' lang='lat' dir='ltr'>et</span> <span class='ocrx_word' id='word_1_129' title='bbox 1761 1100 1954 1143; x_wconf 76' lang='lat' dir='ltr'>fuerunt</span> <span class='ocrx_word' id='word_1_130' title='bbox 1979 1112 2084 1155; x_wconf 88' lang='lat' dir='ltr'>pro-</span> 
     </span>
     <span class='ocr_line' id='line_1_15' title="bbox 308 1170 1552 1225; baseline 0.001 -13"><span class='ocrx_word' id='word_1_131' title='bbox 308 1170 528 1214; x_wconf 88' lang='lat' dir='ltr'>nunciata</span> <span class='ocrx_word' id='word_1_132' title='bbox 562 1170 750 1213; x_wconf 91' lang='lat' dir='ltr'>decreta</span> <span class='ocrx_word' id='word_1_133' title='bbox 784 1171 1154 1225; x_wconf 77' lang='lat' dir='ltr'>reformacionis,</span> <span class='ocrx_word' id='word_1_134' title='bbox 1190 1184 1279 1225; x_wconf 89' lang='lat' dir='ltr'>que</span> <span class='ocrx_word' id='word_1_135' title='bbox 1314 1174 1552 1215; x_wconf 90' lang='lat' dir='ltr'>secuntur:</span> 
     </span>
    </p>

    <p class='ocr_par' dir='ltr' id='par_1_4' title="bbox 427 1241 1106 1296">
     <span class='ocr_line' id='line_1_16' title="bbox 427 1241 1106 1296; baseline 0.003 -12"><span class='ocrx_word' id='word_1_136' title='bbox 427 1241 672 1295; x_wconf 90' lang='lat' dir='ltr'>Frequens</span> <span class='ocrx_word' id='word_1_137' title='bbox 697 1275 710 1292; x_wconf 18' lang='lat'>⁸.</span> <span class='ocrx_word' id='word_1_138' title='bbox 746 1274 755 1284; x_wconf 90' lang='lat'>.</span> <span class='ocrx_word' id='word_1_139' title='bbox 790 1275 799 1284; x_wconf 90' lang='lat'>.</span> <span class='ocrx_word' id='word_1_140' title='bbox 828 1241 1106 1296; x_wconf 81' lang='lat' dir='ltr'>duratura.¹)</span> 
     </span>
    </p>

    <p class='ocr_par' dir='ltr' id='par_1_5' title="bbox 307 1311 2084 2075">
     <span class='ocr_line' id='line_1_17' title="bbox 427 1311 2083 1368; baseline -0.001 -13"><span class='ocrx_word' id='word_1_141' title='bbox 427 1311 514 1355; x_wconf 91' lang='lat' dir='ltr'>Die</span> <span class='ocrx_word' id='word_1_142' title='bbox 550 1312 663 1355; x_wconf 90' lang='lat' dir='ltr'>lune</span> <span class='ocrx_word' id='word_1_143' title='bbox 698 1312 820 1368; x_wconf 69' lang='lat' dir='ltr'>XLa)</span> <span class='ocrx_word' id='word_1_144' title='bbox 860 1312 1071 1356; x_wconf 88' lang='lat' dir='ltr'>Octobris</span> <span class='ocrx_word' id='word_1_145' title='bbox 1108 1315 1154 1356; x_wconf 90' lang='lat' dir='ltr'>et</span> <span class='ocrx_word' id='word_1_146' title='bbox 1189 1312 1356 1356; x_wconf 89' lang='lat' dir='ltr'>diebus</span> <span class='ocrx_word' id='word_1_147' title='bbox 1393 1313 1699 1367; x_wconf 89' lang='lat' dir='ltr'>sequentibus</span> <span class='ocrx_word' id='word_1_148' title='bbox 1736 1312 2001 1356; x_wconf 77' lang='lat' dir='ltr'>cardinales</span> <span class='ocrx_word' id='word_1_149' title='bbox 2034 1314 2083 1355; x_wconf 84' lang='lat' dir='ltr'>et</span> 
     </span>
     <span class='ocr_line' id='line_1_18' title="bbox 307 1381 2083 1438; baseline 0 -13"><span class='ocrx_word' id='word_1_150' title='bbox 307 1381 529 1426; x_wconf 86' lang='lat' dir='ltr'>naciones</span> <span class='ocrx_word' id='word_1_151' title='bbox 561 1384 807 1437; x_wconf 89' lang='lat' dir='ltr'>elegerunt</span> <span class='ocrx_word' id='word_1_152' title='bbox 838 1383 1098 1438; x_wconf 86' lang='lat' dir='ltr'>deputatos,</span> <span class='ocrx_word' id='word_1_153' title='bbox 1130 1383 1338 1438; x_wconf 88' lang='lat' dir='ltr'>quelibet</span> <span class='ocrx_word' id='word_1_154' title='bbox 1370 1387 1470 1427; x_wconf 92' lang='lat' dir='ltr'>octo</span> <span class='ocrx_word' id='word_1_155' title='bbox 1503 1387 1547 1426; x_wconf 89' lang='lat' dir='ltr'>et</span> <span class='ocrx_word' id='word_1_156' title='bbox 1576 1383 1845 1427; x_wconf 86' lang='lat' dir='ltr'>cardinales</span> <span class='ocrx_word' id='word_1_157' title='bbox 1876 1386 1990 1437; x_wconf 89' lang='lat' dir='ltr'>octo,</span> <span class='ocrx_word' id='word_1_158' title='bbox 2023 1382 2083 1426; x_wconf 90' lang='lat' dir='ltr'>ad</span> 
     </span>
     <span class='ocr_line' id='line_1_19' title="bbox 307 1453 2083 1507; baseline 0.001 -11"><span class='ocrx_word' id='word_1_159' title='bbox 307 1453 599 1497; x_wconf 89' lang='lat' dir='ltr'>tractandum</span> <span class='ocrx_word' id='word_1_160' title='bbox 624 1453 687 1497; x_wconf 91' lang='lat' dir='ltr'>de</span> <span class='ocrx_word' id='word_1_161' title='bbox 717 1453 855 1497; x_wconf 90' lang='lat' dir='ltr'>modo</span> <span class='ocrx_word' id='word_1_162' title='bbox 883 1453 1146 1498; x_wconf 89' lang='lat' dir='ltr'>eleccionis.</span> <span class='ocrx_word' id='word_1_163' title='bbox 1187 1455 1274 1507; x_wconf 84' lang='lat' dir='ltr'>Qui</span> <span class='ocrx_word' id='word_1_164' title='bbox 1303 1455 1493 1497; x_wconf 91' lang='lat' dir='ltr'>tandem</span> <span class='ocrx_word' id='word_1_165' title='bbox 1522 1456 1842 1497; x_wconf 88' lang='lat' dir='ltr'>convenerunt</span> <span class='ocrx_word' id='word_1_166' title='bbox 1869 1454 1918 1497; x_wconf 89' lang='lat' dir='ltr'>in</span> <span class='ocrx_word' id='word_1_167' title='bbox 1946 1453 2083 1497; x_wconf 78' lang='lat' dir='ltr'>domo</span> 
     </span>
     <span class='ocr_line' id='line_1_20' title="bbox 310 1524 2082 1579; baseline -0.001 -12"><span class='ocrx_word' id='word_1_168' title='bbox 310 1525 660 1568; x_wconf 90' lang='lat' dir='ltr'>Predicatorum</span> <span class='ocrx_word' id='word_1_169' title='bbox 699 1525 775 1568; x_wconf 88' lang='lat' dir='ltr'>die</span> <span class='ocrx_word' id='word_1_170' title='bbox 813 1525 932 1568; x_wconf 90' lang='lat' dir='ltr'>iovis</span> <span class='ocrx_word' id='word_1_171' title='bbox 971 1525 1186 1578; x_wconf 86' lang='lat' dir='ltr'>sequenti</span> <span class='ocrx_word' id='word_1_172' title='bbox 1225 1525 1283 1567; x_wconf 91' lang='lat' dir='ltr'>de</span> <span class='ocrx_word' id='word_1_173' title='bbox 1321 1537 1473 1579; x_wconf 84' lang='lat' dir='ltr'>mane,</span> <span class='ocrx_word' id='word_1_174' title='bbox 1513 1525 1632 1568; x_wconf 89' lang='lat' dir='ltr'>dicta</span> <span class='ocrx_word' id='word_1_175' title='bbox 1670 1525 1804 1579; x_wconf 89' lang='lat' dir='ltr'>prius</span> <span class='ocrx_word' id='word_1_176' title='bbox 1842 1524 1985 1568; x_wconf 80' lang='lat' dir='ltr'>missa</span> <span class='ocrx_word' id='word_1_177' title='bbox 2022 1524 2082 1567; x_wconf 86' lang='lat' dir='ltr'>de</span> 
     </span>
     <span class='ocr_line' id='line_1_21' title="bbox 310 1594 2083 1650; baseline -0.001 -12"><span class='ocrx_word' id='word_1_178' title='bbox 310 1598 467 1638; x_wconf 90' lang='lat' dir='ltr'>sancto</span> <span class='ocrx_word' id='word_1_179' title='bbox 493 1595 663 1650; x_wconf 86' lang='lat' dir='ltr'>spiritu</span> <span class='ocrx_word' id='word_1_180' title='bbox 690 1608 776 1650; x_wconf 91' lang='lat' dir='ltr'>per</span> <span class='ocrx_word' id='word_1_181' title='bbox 804 1595 1091 1639; x_wconf 90' lang='lat' dir='ltr'>cardinalem</span> <span class='ocrx_word' id='word_1_182' title='bbox 1119 1597 1265 1639; x_wconf 88' lang='lat' dir='ltr'>sancti</span> <span class='ocrx_word' id='word_1_183' title='bbox 1298 1596 1452 1639; x_wconf 92' lang='lat' dir='ltr'>Marci.</span> <span class='ocrx_word' id='word_1_184' title='bbox 1492 1596 1670 1648; x_wconf 85' lang='lat' dir='ltr'>Quibus</span> <span class='ocrx_word' id='word_1_185' title='bbox 1695 1594 2083 1638; x_wconf 82' lang='lat' dir='ltr'>convenientibus</span> 
     </span>
     <span class='ocr_line' id='line_1_22' title="bbox 308 1665 2081 1721; baseline -0.001 -12"><span class='ocrx_word' id='word_1_186' title='bbox 308 1665 396 1709; x_wconf 80' lang='lat' dir='ltr'>fuit</span> <span class='ocrx_word' id='word_1_187' title='bbox 423 1667 576 1720; x_wconf 92' lang='lat' dir='ltr'>primo</span> <span class='ocrx_word' id='word_1_188' title='bbox 604 1667 846 1720; x_wconf 87' lang='lat' dir='ltr'>proposita</span> <span class='ocrx_word' id='word_1_189' title='bbox 874 1666 949 1710; x_wconf 92' lang='lat' dir='ltr'>via</span> <span class='ocrx_word' id='word_1_190' title='bbox 977 1680 1064 1721; x_wconf 88' lang='lat' dir='ltr'>per</span> <span class='ocrx_word' id='word_1_191' title='bbox 1093 1666 1306 1710; x_wconf 81' lang='lat' dir='ltr'>cedulam</span> <span class='ocrx_word' id='word_1_192' title='bbox 1335 1667 1539 1710; x_wconf 89' lang='lat' dir='ltr'>oblatam</span> <span class='ocrx_word' id='word_1_193' title='bbox 1567 1679 1654 1721; x_wconf 86' lang='lat' dir='ltr'>per</span> <span class='ocrx_word' id='word_1_194' title='bbox 1680 1666 1961 1720; x_wconf 81' lang='lat' dir='ltr'>cardinales,</span> <span class='ocrx_word' id='word_1_195' title='bbox 1989 1677 2081 1720; x_wconf 88' lang='lat' dir='ltr'>que</span> 
     </span>
     <span class='ocr_line' id='line_1_23' title="bbox 310 1736 2083 1792; baseline -0.001 -13"><span class='ocrx_word' id='word_1_196' title='bbox 310 1749 453 1791; x_wconf 89' lang='lat' dir='ltr'>supra</span> <span class='ocrx_word' id='word_1_197' title='bbox 483 1737 700 1780; x_wconf 88' lang='lat' dir='ltr'>scribitur</span> <span class='ocrx_word' id='word_1_198' title='bbox 729 1737 778 1780; x_wconf 91' lang='lat' dir='ltr'>in</span> <span class='ocrx_word' id='word_1_199' title='bbox 806 1750 969 1780; x_wconf 90' lang='lat' dir='ltr'>mense</span> <span class='ocrx_word' id='word_1_200' title='bbox 1000 1737 1128 1781; x_wconf 83' lang='lat' dir='ltr'>Junii</span> <span class='ocrx_word' id='word_1_201' title='bbox 1157 1739 1233 1780; x_wconf 89' lang='lat' dir='ltr'>vel</span> <span class='ocrx_word' id='word_1_202' title='bbox 1268 1738 1389 1781; x_wconf 91' lang='lat' dir='ltr'>Maii.</span> <span class='ocrx_word' id='word_1_203' title='bbox 1432 1737 1585 1792; x_wconf 86' lang='lat' dir='ltr'>Super</span> <span class='ocrx_word' id='word_1_204' title='bbox 1615 1750 1707 1791; x_wconf 93' lang='lat' dir='ltr'>qua</span> <span class='ocrx_word' id='word_1_205' title='bbox 1736 1736 2083 1791; x_wconf 80' lang='lat' dir='ltr'>responderunt</span> 
     </span>
     <span class='ocr_line' id='line_1_24' title="bbox 310 1807 2084 1862; baseline 0 -12"><span class='ocrx_word' id='word_1_206' title='bbox 310 1807 518 1861; x_wconf 88' lang='lat' dir='ltr'>deputati</span> <span class='ocrx_word' id='word_1_207' title='bbox 543 1807 753 1851; x_wconf 89' lang='lat' dir='ltr'>nacionis</span> <span class='ocrx_word' id='word_1_208' title='bbox 780 1808 976 1862; x_wconf 89' lang='lat' dir='ltr'>Ytalice‚</span> <span class='ocrx_word' id='word_1_209' title='bbox 1004 1809 1129 1862; x_wconf 90' lang='lat' dir='ltr'>quod</span> <span class='ocrx_word' id='word_1_210' title='bbox 1152 1809 1286 1852; x_wconf 88' lang='lat' dir='ltr'>illam</span> <span class='ocrx_word' id='word_1_211' title='bbox 1312 1808 1528 1852; x_wconf 86' lang='lat' dir='ltr'>cedulam</span> <span class='ocrx_word' id='word_1_212' title='bbox 1554 1808 1689 1851; x_wconf 85' lang='lat' dir='ltr'>nacio</span> <span class='ocrx_word' id='word_1_213' title='bbox 1717 1807 1898 1851; x_wconf 88' lang='lat' dir='ltr'>Ytalica</span> <span class='ocrx_word' id='word_1_214' title='bbox 1923 1819 2084 1861; x_wconf 83' lang='lat' dir='ltr'>accep-</span> 
     </span>
     <span class='ocr_line' id='line_1_25' title="bbox 308 1878 2082 1934; baseline 0 -13"><span class='ocrx_word' id='word_1_215' title='bbox 308 1881 489 1922; x_wconf 85' lang='lat' dir='ltr'>taverat</span> <span class='ocrx_word' id='word_1_216' title='bbox 515 1881 560 1921; x_wconf 87' lang='lat' dir='ltr'>et</span> <span class='ocrx_word' id='word_1_217' title='bbox 587 1880 869 1932; x_wconf 88' lang='lat' dir='ltr'>acceptabat.</span> <span class='ocrx_word' id='word_1_218' title='bbox 911 1880 981 1922; x_wconf 86' lang='lat' dir='ltr'>Ex</span> <span class='ocrx_word' id='word_1_219' title='bbox 1006 1882 1140 1933; x_wconf 89' lang='lat' dir='ltr'>parte</span> <span class='ocrx_word' id='word_1_220' title='bbox 1167 1879 1377 1922; x_wconf 90' lang='lat' dir='ltr'>nacionis</span> <span class='ocrx_word' id='word_1_221' title='bbox 1405 1879 1646 1922; x_wconf 86' lang='lat' dir='ltr'>Gallicane</span> <span class='ocrx_word' id='word_1_222' title='bbox 1673 1878 1763 1922; x_wconf 82' lang='lat' dir='ltr'>fuit</span> <span class='ocrx_word' id='word_1_223' title='bbox 1789 1890 2082 1934; x_wconf 78' lang='lat' dir='ltr'>responsum,</span> 
     </span>
     <span class='ocr_line' id='line_1_26' title="bbox 310 1948 2083 2004; baseline -0.001 -12"><span class='ocrx_word' id='word_1_224' title='bbox 310 1949 434 2003; x_wconf 92' lang='lat' dir='ltr'>quod</span> <span class='ocrx_word' id='word_1_225' title='bbox 461 1949 578 1992; x_wconf 88' lang='lat' dir='ltr'>alias</span> <span class='ocrx_word' id='word_1_226' title='bbox 607 1950 737 1992; x_wconf 90' lang='lat' dir='ltr'>illam</span> <span class='ocrx_word' id='word_1_227' title='bbox 764 1953 1132 2004; x_wconf 88' lang='lat' dir='ltr'>acceptaverant‚</span> <span class='ocrx_word' id='word_1_228' title='bbox 1159 1950 1251 1993; x_wconf 90' lang='lat' dir='ltr'>nisi</span> <span class='ocrx_word' id='word_1_229' title='bbox 1278 1951 1445 1992; x_wconf 85' lang='lat' dir='ltr'>melior</span> <span class='ocrx_word' id='word_1_230' title='bbox 1473 1950 1749 2003; x_wconf 79' lang='lat' dir='ltr'>offerretur3</span> <span class='ocrx_word' id='word_1_231' title='bbox 1777 1949 1856 1993; x_wconf 90' lang='lat' dir='ltr'>alii</span> <span class='ocrx_word' id='word_1_232' title='bbox 1885 1948 2083 1992; x_wconf 89' lang='lat' dir='ltr'>aliarum</span> 
     </span>
     <span class='ocr_line' id='line_1_27' title="bbox 307 2019 2022 2075; baseline -0.001 -13"><span class='ocrx_word' id='word_1_233' title='bbox 307 2020 555 2064; x_wconf 89' lang='lat' dir='ltr'>nacionum</span> <span class='ocrx_word' id='word_1_234' title='bbox 585 2020 970 2063; x_wconf 87' lang='lat' dir='ltr'>deliberaverunt</span> <span class='ocrx_word' id='word_1_235' title='bbox 998 2024 1043 2063; x_wconf 95' lang='lat' dir='ltr'>et</span> <span class='ocrx_word' id='word_1_236' title='bbox 1071 2021 1254 2064; x_wconf 88' lang='lat' dir='ltr'>duravit</span> <span class='ocrx_word' id='word_1_237' title='bbox 1283 2021 1570 2064; x_wconf 85' lang='lat' dir='ltr'>deliberacio</span> <span class='ocrx_word' id='word_1_238' title='bbox 1597 2020 1814 2075; x_wconf 86' lang='lat' dir='ltr'>pluribus</span> <span class='ocrx_word' id='word_1_239' title='bbox 1841 2019 2022 2063; x_wconf 69' lang='lat' dir='ltr'>diebus</span> 
     </span>
    </p>

    <p class='ocr_par' dir='ltr' id='par_1_6' title="bbox 309 2090 2083 2641">
     <span class='ocr_line' id='line_1_28' title="bbox 428 2090 2083 2145; baseline -0.001 -11"><span class='ocrx_word' id='word_1_240' title='bbox 428 2091 514 2134; x_wconf 93' lang='lat' dir='ltr'>Die</span> <span class='ocrx_word' id='word_1_241' title='bbox 554 2091 671 2135; x_wconf 91' lang='lat' dir='ltr'>iovis</span> <span class='ocrx_word' id='word_1_242' title='bbox 710 2091 866 2134; x_wconf 92' lang='lat' dir='ltr'>XIIII.</span> <span class='ocrx_word' id='word_1_243' title='bbox 907 2091 1118 2135; x_wconf 85' lang='lat' dir='ltr'>Octobris</span> <span class='ocrx_word' id='word_1_244' title='bbox 1157 2104 1217 2134; x_wconf 82' lang='lat' dir='ltr'>ex</span> <span class='ocrx_word' id='word_1_245' title='bbox 1255 2095 1388 2145; x_wconf 90' lang='lat' dir='ltr'>parte</span> <span class='ocrx_word' id='word_1_246' title='bbox 1429 2091 1638 2135; x_wconf 90' lang='lat' dir='ltr'>nacionis</span> <span class='ocrx_word' id='word_1_247' title='bbox 1677 2091 1955 2135; x_wconf 82' lang='lat' dir='ltr'>Germanice</span> <span class='ocrx_word' id='word_1_248' title='bbox 1993 2090 2083 2133; x_wconf 76' lang='lat' dir='ltr'>fuit</span> 
     </span>
     <span class='ocr_line' id='line_1_29' title="bbox 310 2161 2081 2217; baseline -0.001 -12"><span class='ocrx_word' id='word_1_249' title='bbox 310 2164 474 2217; x_wconf 80' lang='lat' dir='ltr'>aperta</span> <span class='ocrx_word' id='word_1_250' title='bbox 497 2161 590 2205; x_wconf 89' lang='lat' dir='ltr'>alia</span> <span class='ocrx_word' id='word_1_251' title='bbox 614 2162 690 2204; x_wconf 91' lang='lat' dir='ltr'>via</span> <span class='ocrx_word' id='word_1_252' title='bbox 713 2164 759 2205; x_wconf 93' lang='lat' dir='ltr'>et</span> <span class='ocrx_word' id='word_1_253' title='bbox 784 2162 903 2205; x_wconf 90' lang='lat' dir='ltr'>alias</span> <span class='ocrx_word' id='word_1_254' title='bbox 928 2162 1066 2215; x_wconf 89' lang='lat' dir='ltr'>quod,</span> <span class='ocrx_word' id='word_1_255' title='bbox 1092 2175 1195 2204; x_wconf 90' lang='lat' dir='ltr'>cum</span> <span class='ocrx_word' id='word_1_256' title='bbox 1219 2164 1380 2205; x_wconf 88' lang='lat' dir='ltr'>essent</span> <span class='ocrx_word' id='word_1_257' title='bbox 1403 2162 1486 2204; x_wconf 92' lang='lat' dir='ltr'>XV</span> <span class='ocrx_word' id='word_1_258' title='bbox 1513 2162 1777 2205; x_wconf 85' lang='lat' dir='ltr'>cardinales</span> <span class='ocrx_word' id='word_1_259' title='bbox 1803 2161 1984 2215; x_wconf 79' lang='lat' dir='ltr'>Ytalici,</span> <span class='ocrx_word' id='word_1_260' title='bbox 2011 2161 2081 2204; x_wconf 91' lang='lat' dir='ltr'>illi</span> 
     </span>
     <span class='ocr_line' id='line_1_30' title="bbox 309 2232 2082 2287; baseline -0.001 -12"><span class='ocrx_word' id='word_1_261' title='bbox 309 2235 469 2275; x_wconf 85' lang='lat' dir='ltr'>essent</span> <span class='ocrx_word' id='word_1_262' title='bbox 495 2245 582 2287; x_wconf 89' lang='lat' dir='ltr'>pro</span> <span class='ocrx_word' id='word_1_263' title='bbox 611 2245 694 2276; x_wconf 90' lang='lat' dir='ltr'>sua</span> <span class='ocrx_word' id='word_1_264' title='bbox 722 2233 937 2285; x_wconf 90' lang='lat' dir='ltr'>nacione;</span> <span class='ocrx_word' id='word_1_265' title='bbox 968 2245 1071 2275; x_wconf 90' lang='lat' dir='ltr'>cum</span> <span class='ocrx_word' id='word_1_266' title='bbox 1098 2236 1256 2275; x_wconf 88' lang='lat' dir='ltr'>essent</span> <span class='ocrx_word' id='word_1_267' title='bbox 1285 2232 1376 2275; x_wconf 95' lang='lat' dir='ltr'>VII</span> <span class='ocrx_word' id='word_1_268' title='bbox 1405 2232 1572 2275; x_wconf 89' lang='lat' dir='ltr'>Gallici</span> <span class='ocrx_word' id='word_1_269' title='bbox 1601 2234 1954 2275; x_wconf 81' lang='lat' dir='ltr'>assumerentur</span> <span class='ocrx_word' id='word_1_270' title='bbox 1982 2235 2082 2275; x_wconf 84' lang='lat' dir='ltr'>octo</span> 
     </span>
     <span class='ocr_line' id='line_1_31' title="bbox 310 2302 2081 2357; baseline -0.001 -11"><span class='ocrx_word' id='word_1_271' title='bbox 310 2303 368 2346; x_wconf 89' lang='lat' dir='ltr'>de</span> <span class='ocrx_word' id='word_1_272' title='bbox 399 2304 595 2346; x_wconf 85' lang='lat' dir='ltr'>nacione</span> <span class='ocrx_word' id='word_1_273' title='bbox 630 2304 873 2346; x_wconf 91' lang='lat' dir='ltr'>Gallicana</span> <span class='ocrx_word' id='word_1_274' title='bbox 902 2306 950 2346; x_wconf 88' lang='lat' dir='ltr'>et</span> <span class='ocrx_word' id='word_1_275' title='bbox 979 2303 1045 2345; x_wconf 90' lang='lat' dir='ltr'>sic</span> <span class='ocrx_word' id='word_1_276' title='bbox 1077 2306 1236 2346; x_wconf 88' lang='lat' dir='ltr'>essent</span> <span class='ocrx_word' id='word_1_277' title='bbox 1266 2303 1350 2345; x_wconf 94' lang='lat' dir='ltr'>XV</span> <span class='ocrx_word' id='word_1_278' title='bbox 1380 2316 1467 2357; x_wconf 89' lang='lat' dir='ltr'>pro</span> <span class='ocrx_word' id='word_1_279' title='bbox 1498 2303 1694 2346; x_wconf 87' lang='lat' dir='ltr'>nacione</span> <span class='ocrx_word' id='word_1_280' title='bbox 1729 2302 1989 2356; x_wconf 87' lang='lat' dir='ltr'>Gallicana;</span> <span class='ocrx_word' id='word_1_281' title='bbox 2023 2302 2081 2344; x_wconf 90' lang='lat' dir='ltr'>de</span> 
     </span>
     <span class='ocr_line' id='line_1_32' title="bbox 309 2373 2083 2428; baseline -0.002 -11"><span class='ocrx_word' id='word_1_282' title='bbox 309 2374 588 2428; x_wconf 86' lang='lat' dir='ltr'>Hyspanica‚</span> <span class='ocrx_word' id='word_1_283' title='bbox 617 2374 665 2416; x_wconf 92' lang='lat' dir='ltr'>in</span> <span class='ocrx_word' id='word_1_284' title='bbox 695 2387 786 2427; x_wconf 92' lang='lat' dir='ltr'>qua</span> <span class='ocrx_word' id='word_1_285' title='bbox 815 2377 916 2416; x_wconf 90' lang='lat' dir='ltr'>erat</span> <span class='ocrx_word' id='word_1_286' title='bbox 943 2386 1065 2416; x_wconf 88' lang='lat' dir='ltr'>unus</span> <span class='ocrx_word' id='word_1_287' title='bbox 1095 2373 1361 2427; x_wconf 88' lang='lat' dir='ltr'>cardinalis,</span> <span class='ocrx_word' id='word_1_288' title='bbox 1391 2376 1744 2416; x_wconf 84' lang='lat' dir='ltr'>assumerentur</span> <span class='ocrx_word' id='word_1_289' title='bbox 1771 2373 1915 2415; x_wconf 93' lang='lat' dir='ltr'>XIIII</span> <span class='ocrx_word' id='word_1_290' title='bbox 1941 2376 1989 2416; x_wconf 89' lang='lat' dir='ltr'>et</span> <span class='ocrx_word' id='word_1_291' title='bbox 2015 2373 2083 2416; x_wconf 86' lang='lat' dir='ltr'>sic</span> 
     </span>
     <span class='ocr_line' id='line_1_33' title="bbox 309 2444 2082 2497; baseline -0.001 -10"><span class='ocrx_word' id='word_1_292' title='bbox 309 2448 470 2488; x_wconf 90' lang='lat' dir='ltr'>essent</span> <span class='ocrx_word' id='word_1_293' title='bbox 491 2445 588 2488; x_wconf 93' lang='lat' dir='ltr'>XV.</span> <span class='ocrx_word' id='word_1_294' title='bbox 623 2445 679 2487; x_wconf 85' lang='lat' dir='ltr'>Et</span> <span class='ocrx_word' id='word_1_295' title='bbox 702 2445 759 2487; x_wconf 93' lang='lat' dir='ltr'>de</span> <span class='ocrx_word' id='word_1_296' title='bbox 783 2444 1061 2487; x_wconf 90' lang='lat' dir='ltr'>Germanica</span> <span class='ocrx_word' id='word_1_297' title='bbox 1084 2447 1130 2487; x_wconf 91' lang='lat' dir='ltr'>et</span> <span class='ocrx_word' id='word_1_298' title='bbox 1151 2444 1409 2497; x_wconf 84' lang='lat' dir='ltr'>Anglicana</span> <span class='ocrx_word' id='word_1_299' title='bbox 1431 2445 1706 2486; x_wconf 89' lang='lat' dir='ltr'>nacionibus</span> <span class='ocrx_word' id='word_1_300' title='bbox 1729 2446 2082 2487; x_wconf 83' lang='lat' dir='ltr'>assumerentur</span> 
     </span>
     <span class='ocr_line' id='line_1_34' title="bbox 311 2514 2080 2570; baseline -0.002 -11"><span class='ocrx_word' id='word_1_301' title='bbox 311 2516 370 2559; x_wconf 90' lang='lat' dir='ltr'>de</span> <span class='ocrx_word' id='word_1_302' title='bbox 391 2516 601 2570; x_wconf 88' lang='lat' dir='ltr'>qualibet</span> <span class='ocrx_word' id='word_1_303' title='bbox 621 2516 818 2558; x_wconf 86' lang='lat' dir='ltr'>nacione</span> <span class='ocrx_word' id='word_1_304' title='bbox 838 2515 922 2558; x_wconf 94' lang='lat' dir='ltr'>XV</span> <span class='ocrx_word' id='word_1_305' title='bbox 945 2518 990 2557; x_wconf 91' lang='lat' dir='ltr'>et</span> <span class='ocrx_word' id='word_1_306' title='bbox 1011 2518 1172 2558; x_wconf 89' lang='lat' dir='ltr'>essent</span> <span class='ocrx_word' id='word_1_307' title='bbox 1193 2515 1241 2557; x_wconf 92' lang='lat' dir='ltr'>in</span> <span class='ocrx_word' id='word_1_308' title='bbox 1262 2518 1356 2558; x_wconf 92' lang='lat' dir='ltr'>toto</span> <span class='ocrx_word' id='word_1_309' title='bbox 1377 2515 1542 2558; x_wconf 93' lang='lat' dir='ltr'>LXXV</span> <span class='ocrx_word' id='word_1_310' title='bbox 1565 2515 1807 2568; x_wconf 85' lang='lat' dir='ltr'>electores,</span> <span class='ocrx_word' id='word_1_311' title='bbox 1829 2514 1890 2557; x_wconf 90' lang='lat' dir='ltr'>de</span> <span class='ocrx_word' id='word_1_312' title='bbox 1910 2514 2080 2568; x_wconf 88' lang='lat' dir='ltr'>quibus</span> 
     </span>
     <span class='ocr_line' id='line_1_35' title="bbox 309 2585 1826 2641; baseline -0.001 -12"><span class='ocrx_word' id='word_1_313' title='bbox 309 2586 665 2641; x_wconf 89' lang='lat' dir='ltr'>requirerentur</span> <span class='ocrx_word' id='word_1_314' title='bbox 697 2586 787 2628; x_wconf 92' lang='lat' dir='ltr'>due</span> <span class='ocrx_word' id='word_1_315' title='bbox 818 2589 977 2639; x_wconf 89' lang='lat' dir='ltr'>partes</span> <span class='ocrx_word' id='word_1_316' title='bbox 1006 2587 1360 2628; x_wconf 90' lang='lat' dir='ltr'>consencientes</span> <span class='ocrx_word' id='word_1_317' title='bbox 1390 2585 1438 2628; x_wconf 90' lang='lat' dir='ltr'>in</span> <span class='ocrx_word' id='word_1_318' title='bbox 1467 2598 1610 2628; x_wconf 93' lang='lat' dir='ltr'>unum</span> <span class='ocrx_word' id='word_1_319' title='bbox 1641 2598 1826 2639; x_wconf 77' lang='lat' dir='ltr'>papam.</span> 
     </span>
    </p>

    <p class='ocr_par' dir='ltr' id='par_1_7' title="bbox 310 2655 2081 2923">
     <span class='ocr_line' id='line_1_36' title="bbox 426 2655 2080 2710; baseline -0.001 -10"><span class='ocrx_word' id='word_1_320' title='bbox 426 2657 513 2710; x_wconf 86' lang='lat' dir='ltr'>Qui</span> <span class='ocrx_word' id='word_1_321' title='bbox 551 2657 715 2700; x_wconf 90' lang='lat' dir='ltr'>modus</span> <span class='ocrx_word' id='word_1_322' title='bbox 753 2656 841 2699; x_wconf 85' lang='lat' dir='ltr'>fuit</span> <span class='ocrx_word' id='word_1_323' title='bbox 878 2657 1133 2710; x_wconf 90' lang='lat' dir='ltr'>plurimum</span> <span class='ocrx_word' id='word_1_324' title='bbox 1170 2656 1448 2710; x_wconf 85' lang='lat' dir='ltr'>reprobatus</span> <span class='ocrx_word' id='word_1_325' title='bbox 1485 2669 1572 2710; x_wconf 90' lang='lat' dir='ltr'>per</span> <span class='ocrx_word' id='word_1_326' title='bbox 1609 2655 1898 2699; x_wconf 89' lang='lat' dir='ltr'>cardinalem</span> <span class='ocrx_word' id='word_1_327' title='bbox 1930 2656 2080 2699; x_wconf 78' lang='lat' dir='ltr'>sancti</span> 
     </span>
     <span class='ocr_line' id='line_1_37' title="bbox 311 2725 2081 2782; baseline -0.002 -11"><span class='ocrx_word' id='word_1_328' title='bbox 311 2727 468 2782; x_wconf 88' lang='lat' dir='ltr'>Marci,</span> <span class='ocrx_word' id='word_1_329' title='bbox 494 2728 647 2782; x_wconf 91' lang='lat' dir='ltr'>primo</span> <span class='ocrx_word' id='word_1_330' title='bbox 675 2726 783 2781; x_wconf 91' lang='lat' dir='ltr'>quia</span> <span class='ocrx_word' id='word_1_331' title='bbox 811 2727 1016 2769; x_wconf 86' lang='lat' dir='ltr'>excludit</span> <span class='ocrx_word' id='word_1_332' title='bbox 1044 2727 1290 2780; x_wconf 87' lang='lat' dir='ltr'>collegium</span> <span class='ocrx_word' id='word_1_333' title='bbox 1318 2726 1626 2770; x_wconf 88' lang='lat' dir='ltr'>cardinalium</span> <span class='ocrx_word' id='word_1_334' title='bbox 1653 2729 1702 2770; x_wconf 89' lang='lat' dir='ltr'>ut</span> <span class='ocrx_word' id='word_1_335' title='bbox 1730 2726 1993 2780; x_wconf 81' lang='lat' dir='ltr'>collegium,</span> <span class='ocrx_word' id='word_1_336' title='bbox 2021 2725 2081 2769; x_wconf 89' lang='lat' dir='ltr'>ad</span> 
     </span>
     <span class='ocr_line' id='line_1_38' title="bbox 310 2796 2080 2852; baseline -0.001 -11"><span class='ocrx_word' id='word_1_337' title='bbox 310 2799 435 2852; x_wconf 92' lang='lat' dir='ltr'>quod</span> <span class='ocrx_word' id='word_1_338' title='bbox 463 2798 520 2841; x_wconf 92' lang='lat' dir='ltr'>de</span> <span class='ocrx_word' id='word_1_339' title='bbox 551 2799 653 2840; x_wconf 90' lang='lat' dir='ltr'>iure</span> <span class='ocrx_word' id='word_1_340' title='bbox 682 2798 887 2851; x_wconf 87' lang='lat' dir='ltr'>pertinet</span> <span class='ocrx_word' id='word_1_341' title='bbox 915 2797 1087 2840; x_wconf 91' lang='lat' dir='ltr'>eleccio</span> <span class='ocrx_word' id='word_1_342' title='bbox 1116 2801 1161 2840; x_wconf 90' lang='lat' dir='ltr'>et</span> <span class='ocrx_word' id='word_1_343' title='bbox 1189 2798 1321 2840; x_wconf 92' lang='lat' dir='ltr'>multi</span> <span class='ocrx_word' id='word_1_344' title='bbox 1350 2800 1524 2851; x_wconf 87' lang='lat' dir='ltr'>tenent,</span> <span class='ocrx_word' id='word_1_345' title='bbox 1553 2797 1678 2851; x_wconf 93' lang='lat' dir='ltr'>quod</span> <span class='ocrx_word' id='word_1_346' title='bbox 1705 2796 1950 2840; x_wconf 89' lang='lat' dir='ltr'>concilium</span> <span class='ocrx_word' id='word_1_347' title='bbox 1976 2796 2080 2839; x_wconf 85' lang='lat' dir='ltr'>sine</span> 
     </span>
     <span class='ocr_line' id='line_1_39' title="bbox 310 2868 2081 2923; baseline -0.002 -11"><span class='ocrx_word' id='word_1_348' title='bbox 310 2882 434 2923; x_wconf 90' lang='lat' dir='ltr'>papa</span> <span class='ocrx_word' id='word_1_349' title='bbox 455 2881 551 2912; x_wconf 90' lang='lat' dir='ltr'>non</span> <span class='ocrx_word' id='word_1_350' title='bbox 572 2872 726 2923; x_wconf 90' lang='lat' dir='ltr'>potest</span> <span class='ocrx_word' id='word_1_351' title='bbox 749 2868 830 2912; x_wconf 90' lang='lat' dir='ltr'>illa</span> <span class='ocrx_word' id='word_1_352' title='bbox 853 2869 956 2911; x_wconf 92' lang='lat' dir='ltr'>iura</span> <span class='ocrx_word' id='word_1_353' title='bbox 979 2872 1159 2911; x_wconf 89' lang='lat' dir='ltr'>mutare</span> <span class='ocrx_word' id='word_1_354' title='bbox 1183 2869 1420 2922; x_wconf 88' lang='lat' dir='ltr'>multeque</span> <span class='ocrx_word' id='word_1_355' title='bbox 1444 2869 1666 2911; x_wconf 88' lang='lat' dir='ltr'>naciones</span> <span class='ocrx_word' id='word_1_356' title='bbox 1689 2880 1784 2910; x_wconf 89' lang='lat' dir='ltr'>non</span> <span class='ocrx_word' id='word_1_357' title='bbox 1807 2869 2081 2921; x_wconf 88' lang='lat' dir='ltr'>reputarent</span> 
     </span>
    </p>
   </div>
   <div class='ocr_carea' id='block_1_3' title="bbox 308 2953 1302 3077">
    <p class='ocr_par' dir='ltr' id='par_1_8' title="bbox 308 2953 1302 3077">
     <span class='ocr_line' id='line_1_40' title="bbox 308 2953 1011 3019; baseline -0.004 -7"><span class='ocrx_word' id='word_1_358' title='bbox 308 2953 445 3019; x_wconf 25' lang='grc' dir='ltr'>θήῃ)</span> <span class='ocrx_word' id='word_1_359' title='bbox 467 2985 505 3017; x_wconf 84' lang='grc' dir='ltr'>Β,</span> <span class='ocrx_word' id='word_1_360' title='bbox 526 2984 557 3017; x_wconf 81' lang='grc' dir='ltr'>ο,</span> <span class='ocrx_word' id='word_1_361' title='bbox 578 2984 626 3011; x_wconf 86' lang='lat' dir='ltr'>D:</span> <span class='ocrx_word' id='word_1_362' title='bbox 645 2953 700 3018; x_wconf 63' lang='lat' dir='ltr'>iv2</span> <span class='ocrx_word' id='word_1_363' title='bbox 722 2984 747 3011; x_wconf 79' lang='lat' dir='ltr'>o</span> <span class='ocrx_word' id='word_1_364' title='bbox 764 2983 942 3017; x_wconf 71' lang='lat' dir='ltr'>korriqiert</span> <span class='ocrx_word' id='word_1_365' title='bbox 962 2981 1011 3010; x_wconf 78' lang='lat' dir='ltr'>xl.</span> 
     </span>
     <span class='ocr_line' id='line_1_41' title="bbox 430 3030 1302 3077; baseline -0.002 -9"><span class='ocrx_word' id='word_1_366' title='bbox 430 3032 463 3077; x_wconf 88' lang='grc'>1)</span> <span class='ocrx_word' id='word_1_367' title='bbox 488 3032 610 3068; x_wconf 84' lang='lat' dir='ltr'>Hardt</span> <span class='ocrx_word' id='word_1_368' title='bbox 634 3031 700 3075; x_wconf 84' lang='lat' dir='ltr'>IV,</span> <span class='ocrx_word' id='word_1_369' title='bbox 726 3032 835 3075; x_wconf 85' lang='lat'><strong><em>1435;</em></strong></span> <span class='ocrx_word' id='word_1_370' title='bbox 861 3031 988 3066; x_wconf 80' lang='lat' dir='ltr'>Mansz&#39;</span> <span class='ocrx_word' id='word_1_371' title='bbox 1012 3030 1083 3066; x_wconf 88' lang='lat' dir='ltr'>XX</span> <span class='ocrx_word' id='word_1_372' title='bbox 1094 3030 1173 3074; x_wconf 87' lang='lat' dir='ltr'>VII,</span> <span class='ocrx_word' id='word_1_373' title='bbox 1199 3031 1302 3067; x_wconf 85' lang='lat'>1159.</span> 
     </span>
    </p>
   </div>
   <div class='ocr_carea' id='block_1_4' title="bbox 425 2953 543 2956">
    <p class='ocr_par' dir='ltr' id='par_1_9' title="bbox 425 2953 543 2956">
     <span class='ocr_line' id='line_1_42' title="bbox 425 2953 543 2956; baseline 0 0"><span class='ocrx_word' id='word_1_374' title='bbox 425 2953 543 2956; x_wconf 95' lang='lat' dir='ltr'> </span> 
     </span>
    </p>
   </div>
  </div>
 </body>
</html>
