<?xml version="1.0" encoding="UTF-8"?>
<!DOCTYPE html PUBLIC "-//W3C//DTD XHTML 1.0 Transitional//EN"
    "http://www.w3.org/TR/xhtml1/DTD/xhtml1-transitional.dtd">
<html xmlns="http://www.w3.org/1999/xhtml" xml:lang="en" lang="en">
 <head>
  <title>
</title>
<meta http-equiv="Content-Type" content="text/html;charset=utf-8" />
  <meta name='ocr-system' content='tesseract 3.04.00' />
  <meta name='ocr-capabilities' content='ocr_page ocr_carea ocr_par ocr_line ocrx_word'/>
</head>
<body>
  <div class='ocr_page' id='page_1' title='image "./actaconciliicons02counuoft_0219.png"; bbox 0 0 2227 3434; ppageno 0'>
   <div class='ocr_carea' id='block_1_1' title="bbox 534 162 1841 207">
    <p class='ocr_par' dir='ltr' id='par_1_1' title="bbox 534 162 1841 207">
     <span class='ocr_line' id='line_1_1' title="bbox 534 162 1841 207; baseline -0.002 -10"><span class='ocrx_word' id='word_1_1' title='bbox 534 162 571 197; x_wconf 88' lang='lat' dir='ltr'>B.</span> <span class='ocrx_word' id='word_1_2' title='bbox 610 164 687 197; x_wconf 86' lang='lat' dir='ltr'>Der</span> <span class='ocrx_word' id='word_1_3' title='bbox 710 163 809 198; x_wconf 88' lang='lat' dir='ltr'>liber</span> <span class='ocrx_word' id='word_1_4' title='bbox 831 165 1023 207; x_wconf 87' lang='lat' dir='ltr'>gestorum</span> <span class='ocrx_word' id='word_1_5' title='bbox 1049 164 1118 198; x_wconf 90' lang='lat' dir='ltr'>des</span> <span class='ocrx_word' id='word_1_6' title='bbox 1141 162 1383 198; x_wconf 81' lang='lat' dir='ltr'>Cerretanus.</span> <span class='ocrx_word' id='word_1_7' title='bbox 1757 164 1841 206; x_wconf 82' lang='lat'>205</span> 
     </span>
    </p>
   </div>
   <div class='ocr_carea' id='block_1_2' title="bbox 13 280 1842 2598">
    <p class='ocr_par' dir='ltr' id='par_1_2' title="bbox 74 280 1842 901">
     <span class='ocr_line' id='line_1_2' title="bbox 194 280 1842 334; baseline 0 -11"><span class='ocrx_word' id='word_1_8' title='bbox 194 281 266 323; x_wconf 93' lang='lat' dir='ltr'>Ad</span> <span class='ocrx_word' id='word_1_9' title='bbox 289 280 542 323; x_wconf 90' lang='lat' dir='ltr'>secundum</span> <span class='ocrx_word' id='word_1_10' title='bbox 566 280 832 334; x_wconf 88' lang='lat' dir='ltr'>capitulum,</span> <span class='ocrx_word' id='word_1_11' title='bbox 854 281 980 334; x_wconf 90' lang='lat' dir='ltr'>quod</span> <span class='ocrx_word' id='word_1_12' title='bbox 1004 281 1180 334; x_wconf 89' lang='lat' dir='ltr'>incipit:</span> <span class='ocrx_word' id='word_1_13' title='bbox 1219 280 1424 322; x_wconf 90' lang='lat' dir='ltr'>secundo</span> <span class='ocrx_word' id='word_1_14' title='bbox 1447 280 1612 322; x_wconf 92' lang='lat' dir='ltr'>dicitur</span> <span class='ocrx_word' id='word_1_15' title='bbox 1634 292 1719 333; x_wconf 92' lang='lat' dir='ltr'>per</span> <span class='ocrx_word' id='word_1_16' title='bbox 1743 294 1842 323; x_wconf 89' lang='lat' dir='ltr'>eos-</span> 
     </span>
     <span class='ocr_line' id='line_1_3' title="bbox 75 351 1841 405; baseline -0.001 -11"><span class='ocrx_word' id='word_1_17' title='bbox 75 352 180 394; x_wconf 87' lang='lat' dir='ltr'>dem</span> <span class='ocrx_word' id='word_1_18' title='bbox 208 353 414 405; x_wconf 90' lang='lat' dir='ltr'>prelatos</span> <span class='ocrx_word' id='word_1_19' title='bbox 442 354 524 394; x_wconf 89' lang='lat' dir='ltr'>etc.</span> <span class='ocrx_word' id='word_1_20' title='bbox 552 352 718 405; x_wconf 90' lang='lat' dir='ltr'>placet,</span> <span class='ocrx_word' id='word_1_21' title='bbox 745 352 868 404; x_wconf 93' lang='lat' dir='ltr'>quod</span> <span class='ocrx_word' id='word_1_22' title='bbox 895 351 1138 393; x_wconf 90' lang='lat' dir='ltr'>concilium</span> <span class='ocrx_word' id='word_1_23' title='bbox 1167 355 1363 404; x_wconf 89' lang='lat' dir='ltr'>quatuor</span> <span class='ocrx_word' id='word_1_24' title='bbox 1391 351 1447 393; x_wconf 90' lang='lat' dir='ltr'>de</span> <span class='ocrx_word' id='word_1_25' title='bbox 1476 352 1586 402; x_wconf 88' lang='lat' dir='ltr'>suis,</span> <span class='ocrx_word' id='word_1_26' title='bbox 1615 355 1661 393; x_wconf 93' lang='lat' dir='ltr'>et</span> <span class='ocrx_word' id='word_1_27' title='bbox 1687 351 1728 392; x_wconf 93' lang='lat' dir='ltr'>d.</span> <span class='ocrx_word' id='word_1_28' title='bbox 1758 363 1841 392; x_wconf 82' lang='lat' dir='ltr'>rex</span> 
     </span>
     <span class='ocr_line' id='line_1_4' title="bbox 75 421 1840 476; baseline -0.002 -10"><span class='ocrx_word' id='word_1_29' title='bbox 75 426 286 476; x_wconf 80' lang='lat' dir='ltr'>quatuor,</span> <span class='ocrx_word' id='word_1_30' title='bbox 322 423 576 475; x_wconf 83' lang='lat' dir='ltr'>civitasque</span> <span class='ocrx_word' id='word_1_31' title='bbox 613 422 669 463; x_wconf 93' lang='lat' dir='ltr'>de</span> <span class='ocrx_word' id='word_1_32' title='bbox 706 423 803 465; x_wconf 90' lang='lat' dir='ltr'>suis</span> <span class='ocrx_word' id='word_1_33' title='bbox 838 426 1034 475; x_wconf 91' lang='lat' dir='ltr'>quatuor</span> <span class='ocrx_word' id='word_1_34' title='bbox 1070 422 1222 464; x_wconf 89' lang='lat' dir='ltr'>subito</span> <span class='ocrx_word' id='word_1_35' title='bbox 1257 422 1481 475; x_wconf 90' lang='lat' dir='ltr'>deputent</span> <span class='ocrx_word' id='word_1_36' title='bbox 1516 422 1647 474; x_wconf 89' lang='lat' dir='ltr'>adeo,</span> <span class='ocrx_word' id='word_1_37' title='bbox 1683 425 1731 464; x_wconf 91' lang='lat' dir='ltr'>ut</span> <span class='ocrx_word' id='word_1_38' title='bbox 1767 421 1840 463; x_wconf 94' lang='lat' dir='ltr'>die</span> 
     </span>
     <span class='ocr_line' id='line_1_5' title="bbox 75 492 1841 546; baseline -0.002 -10"><span class='ocrx_word' id='word_1_39' title='bbox 75 494 277 536; x_wconf 87' lang='lat' dir='ltr'>crastina</span> <span class='ocrx_word' id='word_1_40' title='bbox 312 493 604 546; x_wconf 88' lang='lat' dir='ltr'>conveniant,</span> <span class='ocrx_word' id='word_1_41' title='bbox 643 493 719 546; x_wconf 92' lang='lat' dir='ltr'>qui</span> <span class='ocrx_word' id='word_1_42' title='bbox 760 492 972 535; x_wconf 87' lang='lat' dir='ltr'>scrutatis</span> <span class='ocrx_word' id='word_1_43' title='bbox 1009 492 1286 544; x_wconf 81' lang='lat' dir='ltr'>scrutandis,</span> <span class='ocrx_word' id='word_1_44' title='bbox 1324 493 1533 546; x_wconf 82' lang='lat' dir='ltr'>pensatis</span> <span class='ocrx_word' id='word_1_45' title='bbox 1569 492 1841 545; x_wconf 83' lang='lat' dir='ltr'>pensandis,</span> 
     </span>
     <span class='ocr_line' id='line_1_6' title="bbox 75 563 1841 616; baseline -0.001 -10"><span class='ocrx_word' id='word_1_46' title='bbox 75 564 292 606; x_wconf 88' lang='lat' dir='ltr'>ordinent</span> <span class='ocrx_word' id='word_1_47' title='bbox 326 567 372 606; x_wconf 92' lang='lat' dir='ltr'>et</span> <span class='ocrx_word' id='word_1_48' title='bbox 405 567 606 607; x_wconf 86' lang='lat' dir='ltr'>statuant</span> <span class='ocrx_word' id='word_1_49' title='bbox 640 563 892 616; x_wconf 85' lang='lat' dir='ltr'>pensiones</span> <span class='ocrx_word' id='word_1_50' title='bbox 929 564 1169 605; x_wconf 91' lang='lat' dir='ltr'>domorum</span> <span class='ocrx_word' id='word_1_51' title='bbox 1202 566 1248 605; x_wconf 87' lang='lat' dir='ltr'>et</span> <span class='ocrx_word' id='word_1_52' title='bbox 1282 563 1489 616; x_wconf 88' lang='lat' dir='ltr'>precium</span> <span class='ocrx_word' id='word_1_53' title='bbox 1524 576 1609 616; x_wconf 91' lang='lat' dir='ltr'>pro</span> <span class='ocrx_word' id='word_1_54' title='bbox 1646 563 1841 616; x_wconf 85' lang='lat' dir='ltr'>singulis</span> 
     </span>
     <span class='ocr_line' id='line_1_7' title="bbox 74 634 1842 688; baseline -0.001 -11"><span class='ocrx_word' id='word_1_55' title='bbox 74 635 356 678; x_wconf 88' lang='lat' dir='ltr'>necessariis</span> <span class='ocrx_word' id='word_1_56' title='bbox 376 647 685 688; x_wconf 89' lang='lat' dir='ltr'>personarum</span> <span class='ocrx_word' id='word_1_57' title='bbox 709 638 753 676; x_wconf 91' lang='lat' dir='ltr'>et</span> <span class='ocrx_word' id='word_1_58' title='bbox 777 635 1046 676; x_wconf 90' lang='lat' dir='ltr'>animalium</span> <span class='ocrx_word' id='word_1_59' title='bbox 1067 647 1169 676; x_wconf 88' lang='lat' dir='ltr'>cum</span> <span class='ocrx_word' id='word_1_60' title='bbox 1192 634 1350 676; x_wconf 88' lang='lat' dir='ltr'>debita</span> <span class='ocrx_word' id='word_1_61' title='bbox 1373 634 1660 676; x_wconf 89' lang='lat' dir='ltr'>discrecione</span> <span class='ocrx_word' id='word_1_62' title='bbox 1684 637 1728 675; x_wconf 88' lang='lat' dir='ltr'>et</span> <span class='ocrx_word' id='word_1_63' title='bbox 1751 646 1842 675; x_wconf 91' lang='lat' dir='ltr'>mo-</span> 
     </span>
     <span class='ocr_line' id='line_1_8' title="bbox 75 704 1842 758; baseline -0.002 -10"><span class='ocrx_word' id='word_1_64' title='bbox 75 705 316 749; x_wconf 91' lang='lat' dir='ltr'>deratione</span> <span class='ocrx_word' id='word_1_65' title='bbox 346 718 396 748; x_wconf 87' lang='lat' dir='ltr'>ac</span> <span class='ocrx_word' id='word_1_66' title='bbox 427 718 569 758; x_wconf 91' lang='lat' dir='ltr'>super</span> <span class='ocrx_word' id='word_1_67' title='bbox 599 705 703 747; x_wconf 89' lang='lat' dir='ltr'>aliis</span> <span class='ocrx_word' id='word_1_68' title='bbox 734 706 930 758; x_wconf 86' lang='lat' dir='ltr'>singulis</span> <span class='ocrx_word' id='word_1_69' title='bbox 959 705 1316 747; x_wconf 88' lang='lat' dir='ltr'>necessitatibus</span> <span class='ocrx_word' id='word_1_70' title='bbox 1345 717 1404 746; x_wconf 88' lang='lat' dir='ltr'>ex</span> <span class='ocrx_word' id='word_1_71' title='bbox 1434 717 1554 746; x_wconf 92' lang='lat' dir='ltr'>nunc</span> <span class='ocrx_word' id='word_1_72' title='bbox 1586 717 1668 747; x_wconf 90' lang='lat' dir='ltr'>seu</span> <span class='ocrx_word' id='word_1_73' title='bbox 1698 704 1743 745; x_wconf 91' lang='lat' dir='ltr'>in</span> <span class='ocrx_word' id='word_1_74' title='bbox 1773 704 1842 745; x_wconf 84' lang='lat' dir='ltr'>fu-</span> 
     </span>
     <span class='ocr_line' id='line_1_9' title="bbox 74 774 1841 829; baseline -0.002 -11"><span class='ocrx_word' id='word_1_75' title='bbox 74 779 227 818; x_wconf 92' lang='lat' dir='ltr'>turum</span> <span class='ocrx_word' id='word_1_76' title='bbox 270 776 510 818; x_wconf 89' lang='lat' dir='ltr'>occasione</span> <span class='ocrx_word' id='word_1_77' title='bbox 555 776 891 829; x_wconf 88' lang='lat' dir='ltr'>premissorum</span> <span class='ocrx_word' id='word_1_78' title='bbox 936 775 1286 818; x_wconf 88' lang='lat' dir='ltr'>occurrentibus</span> <span class='ocrx_word' id='word_1_79' title='bbox 1331 774 1607 828; x_wconf 84' lang='lat' dir='ltr'>provideant</span> <span class='ocrx_word' id='word_1_80' title='bbox 1650 776 1841 826; x_wconf 88' lang='lat' dir='ltr'>tociens,</span> 
     </span>
     <span class='ocr_line' id='line_1_10' title="bbox 74 847 937 901; baseline -0.001 -12"><span class='ocrx_word' id='word_1_81' title='bbox 74 848 297 901; x_wconf 90' lang='lat' dir='ltr'>quociens</span> <span class='ocrx_word' id='word_1_82' title='bbox 318 847 463 889; x_wconf 84' lang='lat' dir='ltr'>fuerit</span> <span class='ocrx_word' id='word_1_83' title='bbox 483 850 775 900; x_wconf 90' lang='lat' dir='ltr'>oportunum.</span> <span class='ocrx_word' id='word_1_84' title='bbox 933 852 937 855; x_wconf 83' lang='lat'>&#39;</span> 
     </span>
    </p>

    <p class='ocr_par' dir='ltr' id='par_1_3' title="bbox 13 917 1841 1539">
     <span class='ocr_line' id='line_1_11' title="bbox 189 917 1840 971; baseline -0.002 -11"><span class='ocrx_word' id='word_1_85' title='bbox 189 918 262 960; x_wconf 92' lang='lat' dir='ltr'>Ad</span> <span class='ocrx_word' id='word_1_86' title='bbox 284 919 494 971; x_wconf 90' lang='lat' dir='ltr'>tercium,</span> <span class='ocrx_word' id='word_1_87' title='bbox 521 918 598 971; x_wconf 91' lang='lat' dir='ltr'>qui</span> <span class='ocrx_word' id='word_1_88' title='bbox 626 917 801 971; x_wconf 86' lang='lat' dir='ltr'>incipit:</span> <span class='ocrx_word' id='word_1_89' title='bbox 842 918 983 959; x_wconf 87' lang='lat' dir='ltr'>tercio</span> <span class='ocrx_word' id='word_1_90' title='bbox 1010 917 1190 969; x_wconf 85' lang='lat' dir='ltr'>dicitur,</span> <span class='ocrx_word' id='word_1_91' title='bbox 1219 917 1341 970; x_wconf 91' lang='lat' dir='ltr'>quod</span> <span class='ocrx_word' id='word_1_92' title='bbox 1369 917 1701 969; x_wconf 81' lang='lat' dir='ltr'>declararetur,</span> <span class='ocrx_word' id='word_1_93' title='bbox 1728 917 1765 957; x_wconf 88' lang='lat' dir='ltr'>si</span> <span class='ocrx_word' id='word_1_94' title='bbox 1796 917 1840 957; x_wconf 88' lang='lat' dir='ltr'>in</span> 
     </span>
     <span class='ocr_line' id='line_1_12' title="bbox 13 987 1841 1042; baseline -0.002 -10"><span class='ocrx_word' id='word_1_95' title='bbox 13 988 15 991; x_wconf 75' lang='grc'><strong>’</strong></span> <span class='ocrx_word' id='word_1_96' title='bbox 73 988 209 1032; x_wconf 84' lang='lat' dir='ltr'>factis</span> <span class='ocrx_word' id='word_1_97' title='bbox 234 992 317 1031; x_wconf 90' lang='lat' dir='ltr'>etc.</span> <span class='ocrx_word' id='word_1_98' title='bbox 344 988 669 1042; x_wconf 88' lang='lat' dir='ltr'>respondetur,</span> <span class='ocrx_word' id='word_1_99' title='bbox 695 988 819 1041; x_wconf 92' lang='lat' dir='ltr'>quod</span> <span class='ocrx_word' id='word_1_100' title='bbox 845 988 1088 1030; x_wconf 88' lang='lat' dir='ltr'>concilium</span> <span class='ocrx_word' id='word_1_101' title='bbox 1116 989 1162 1029; x_wconf 92' lang='lat' dir='ltr'>in</span> <span class='ocrx_word' id='word_1_102' title='bbox 1189 988 1341 1030; x_wconf 86' lang='lat' dir='ltr'>causis</span> <span class='ocrx_word' id='word_1_103' title='bbox 1365 987 1481 1029; x_wconf 82' lang='lat' dir='ltr'>fidei</span> <span class='ocrx_word' id='word_1_104' title='bbox 1510 987 1708 1029; x_wconf 90' lang='lat' dir='ltr'>liberum</span> <span class='ocrx_word' id='word_1_105' title='bbox 1735 999 1841 1029; x_wconf 86' lang='lat' dir='ltr'>esse</span> 
     </span>
     <span class='ocr_line' id='line_1_13' title="bbox 74 1057 1841 1114; baseline -0.002 -12"><span class='ocrx_word' id='word_1_106' title='bbox 74 1060 214 1102; x_wconf 90' lang='lat' dir='ltr'>debet</span> <span class='ocrx_word' id='word_1_107' title='bbox 235 1063 281 1102; x_wconf 86' lang='lat' dir='ltr'>et</span> <span class='ocrx_word' id='word_1_108' title='bbox 300 1063 453 1114; x_wconf 90' lang='lat' dir='ltr'>potest</span> <span class='ocrx_word' id='word_1_109' title='bbox 473 1059 729 1113; x_wconf 89' lang='lat' dir='ltr'>procedere</span> <span class='ocrx_word' id='word_1_110' title='bbox 750 1062 911 1101; x_wconf 92' lang='lat' dir='ltr'>contra</span> <span class='ocrx_word' id='word_1_111' title='bbox 934 1072 1028 1112; x_wconf 88' lang='lat' dir='ltr'>eos,</span> <span class='ocrx_word' id='word_1_112' title='bbox 1052 1072 1167 1112; x_wconf 92' lang='lat' dir='ltr'>quos</span> <span class='ocrx_word' id='word_1_113' title='bbox 1187 1062 1366 1100; x_wconf 89' lang='lat' dir='ltr'>constat</span> <span class='ocrx_word' id='word_1_114' title='bbox 1388 1058 1443 1100; x_wconf 94' lang='lat' dir='ltr'>de</span> <span class='ocrx_word' id='word_1_115' title='bbox 1467 1058 1625 1100; x_wconf 87' lang='lat' dir='ltr'>heresi</span> <span class='ocrx_word' id='word_1_116' title='bbox 1646 1069 1752 1100; x_wconf 90' lang='lat' dir='ltr'>esse</span> <span class='ocrx_word' id='word_1_117' title='bbox 1776 1057 1841 1098; x_wconf 91' lang='lat' dir='ltr'>in-</span> 
     </span>
     <span class='ocr_line' id='line_1_14' title="bbox 74 1128 1840 1184; baseline -0.002 -11"><span class='ocrx_word' id='word_1_118' title='bbox 74 1131 286 1184; x_wconf 83' lang='lat' dir='ltr'>famatos,</span> <span class='ocrx_word' id='word_1_119' title='bbox 309 1131 371 1174; x_wconf 91' lang='lat' dir='ltr'>ita</span> <span class='ocrx_word' id='word_1_120' title='bbox 392 1134 562 1183; x_wconf 91' lang='lat' dir='ltr'>tamen,</span> <span class='ocrx_word' id='word_1_121' title='bbox 585 1130 708 1183; x_wconf 92' lang='lat' dir='ltr'>quod</span> <span class='ocrx_word' id='word_1_122' title='bbox 731 1131 777 1172; x_wconf 90' lang='lat' dir='ltr'>in</span> <span class='ocrx_word' id='word_1_123' title='bbox 799 1130 1036 1183; x_wconf 91' lang='lat' dir='ltr'>publicum</span> <span class='ocrx_word' id='word_1_124' title='bbox 1058 1130 1205 1172; x_wconf 87' lang='lat' dir='ltr'>vocati</span> <span class='ocrx_word' id='word_1_125' title='bbox 1228 1129 1424 1172; x_wconf 88' lang='lat' dir='ltr'>servatis</span> <span class='ocrx_word' id='word_1_126' title='bbox 1448 1129 1691 1171; x_wconf 83' lang='lat' dir='ltr'>servandis</span> <span class='ocrx_word' id='word_1_127' title='bbox 1714 1128 1840 1170; x_wconf 84' lang='lat' dir='ltr'>iuxta</span> 
     </span>
     <span class='ocr_line' id='line_1_15' title="bbox 74 1199 1841 1255; baseline -0.002 -11"><span class='ocrx_word' id='word_1_128' title='bbox 74 1201 280 1255; x_wconf 90' lang='lat' dir='ltr'>ipsorum</span> <span class='ocrx_word' id='word_1_129' title='bbox 316 1202 481 1244; x_wconf 89' lang='lat' dir='ltr'>merita</span> <span class='ocrx_word' id='word_1_130' title='bbox 517 1201 795 1253; x_wconf 81' lang='lat' dir='ltr'>iudicentur3</span> <span class='ocrx_word' id='word_1_131' title='bbox 832 1201 984 1254; x_wconf 89' lang='lat' dir='ltr'>quoad</span> <span class='ocrx_word' id='word_1_132' title='bbox 1018 1201 1201 1253; x_wconf 89' lang='lat' dir='ltr'>motiva,</span> <span class='ocrx_word' id='word_1_133' title='bbox 1238 1213 1326 1253; x_wconf 90' lang='lat' dir='ltr'>que</span> <span class='ocrx_word' id='word_1_134' title='bbox 1363 1200 1641 1241; x_wconf 90' lang='lat' dir='ltr'>inducuntur</span> <span class='ocrx_word' id='word_1_135' title='bbox 1676 1199 1732 1241; x_wconf 92' lang='lat' dir='ltr'>de</span> <span class='ocrx_word' id='word_1_136' title='bbox 1767 1199 1841 1241; x_wconf 78' lang='lat' dir='ltr'>Jo-</span> 
     </span>
     <span class='ocr_line' id='line_1_16' title="bbox 73 1271 1840 1326; baseline -0.003 -11"><span class='ocrx_word' id='word_1_137' title='bbox 73 1273 227 1315; x_wconf 91' lang='lat' dir='ltr'>hanne</span> <span class='ocrx_word' id='word_1_138' title='bbox 259 1273 371 1326; x_wconf 92' lang='lat' dir='ltr'>Hus,</span> <span class='ocrx_word' id='word_1_139' title='bbox 403 1272 728 1326; x_wconf 87' lang='lat' dir='ltr'>respondetur,</span> <span class='ocrx_word' id='word_1_140' title='bbox 761 1272 883 1325; x_wconf 91' lang='lat' dir='ltr'>quod</span> <span class='ocrx_word' id='word_1_141' title='bbox 917 1272 958 1313; x_wconf 94' lang='lat' dir='ltr'>d.</span> <span class='ocrx_word' id='word_1_142' title='bbox 992 1284 1077 1313; x_wconf 86' lang='lat' dir='ltr'>rex</span> <span class='ocrx_word' id='word_1_143' title='bbox 1108 1274 1266 1313; x_wconf 89' lang='lat' dir='ltr'>contra</span> <span class='ocrx_word' id='word_1_144' title='bbox 1297 1272 1446 1313; x_wconf 89' lang='lat' dir='ltr'>minas</span> <span class='ocrx_word' id='word_1_145' title='bbox 1481 1274 1525 1312; x_wconf 93' lang='lat' dir='ltr'>et</span> <span class='ocrx_word' id='word_1_146' title='bbox 1555 1274 1762 1313; x_wconf 91' lang='lat' dir='ltr'>terrores</span> <span class='ocrx_word' id='word_1_147' title='bbox 1794 1271 1840 1311; x_wconf 93' lang='lat' dir='ltr'>in</span> 
     </span>
     <span class='ocr_line' id='line_1_17' title="bbox 74 1342 1841 1397; baseline -0.002 -11"><span class='ocrx_word' id='word_1_148' title='bbox 74 1343 256 1397; x_wconf 89' lang='lat' dir='ltr'>scriptis</span> <span class='ocrx_word' id='word_1_149' title='bbox 281 1343 329 1385; x_wconf 92' lang='lat' dir='ltr'>in</span> <span class='ocrx_word' id='word_1_150' title='bbox 354 1343 491 1386; x_wconf 90' lang='lat' dir='ltr'>certis</span> <span class='ocrx_word' id='word_1_151' title='bbox 518 1343 630 1385; x_wconf 90' lang='lat' dir='ltr'>locis</span> <span class='ocrx_word' id='word_1_152' title='bbox 656 1343 881 1396; x_wconf 88' lang='lat' dir='ltr'>appositis</span> <span class='ocrx_word' id='word_1_153' title='bbox 905 1355 1159 1395; x_wconf 88' lang='lat' dir='ltr'>expressos</span> <span class='ocrx_word' id='word_1_154' title='bbox 1186 1343 1233 1383; x_wconf 91' lang='lat' dir='ltr'>in</span> <span class='ocrx_word' id='word_1_155' title='bbox 1258 1342 1467 1384; x_wconf 84' lang='lat' dir='ltr'>favorem</span> <span class='ocrx_word' id='word_1_156' title='bbox 1493 1342 1591 1383; x_wconf 91' lang='lat' dir='ltr'>Hus</span> <span class='ocrx_word' id='word_1_157' title='bbox 1617 1353 1841 1394; x_wconf 90' lang='lat' dir='ltr'>quascun-</span> 
     </span>
     <span class='ocr_line' id='line_1_18' title="bbox 73 1412 1841 1468; baseline -0.002 -12"><span class='ocrx_word' id='word_1_158' title='bbox 73 1427 161 1468; x_wconf 92' lang='lat' dir='ltr'>que</span> <span class='ocrx_word' id='word_1_159' title='bbox 182 1415 436 1457; x_wconf 89' lang='lat' dir='ltr'>violencias</span> <span class='ocrx_word' id='word_1_160' title='bbox 460 1414 733 1456; x_wconf 82' lang='lat' dir='ltr'>inferendas</span> <span class='ocrx_word' id='word_1_161' title='bbox 756 1415 885 1467; x_wconf 87' lang='lat' dir='ltr'>regia</span> <span class='ocrx_word' id='word_1_162' title='bbox 908 1414 1166 1467; x_wconf 72' lang='lat' dir='ltr'>maiestas²¹)</span> <span class='ocrx_word' id='word_1_163' title='bbox 1193 1426 1275 1455; x_wconf 88' lang='lat' dir='ltr'>suo</span> <span class='ocrx_word' id='word_1_164' title='bbox 1299 1413 1514 1454; x_wconf 90' lang='lat' dir='ltr'>mandato</span> <span class='ocrx_word' id='word_1_165' title='bbox 1536 1412 1841 1465; x_wconf 90' lang='lat' dir='ltr'>prohibitorio</span> 
     </span>
     <span class='ocr_line' id='line_1_19' title="bbox 72 1483 1839 1539; baseline -0.003 -11"><span class='ocrx_word' id='word_1_166' title='bbox 72 1485 272 1539; x_wconf 90' lang='lat' dir='ltr'>providit</span> <span class='ocrx_word' id='word_1_167' title='bbox 295 1489 342 1529; x_wconf 90' lang='lat' dir='ltr'>et</span> <span class='ocrx_word' id='word_1_168' title='bbox 365 1485 687 1528; x_wconf 83' lang='lat' dir='ltr'>sufficiencius</span> <span class='ocrx_word' id='word_1_169' title='bbox 711 1485 977 1539; x_wconf 86' lang='lat' dir='ltr'>providebit</span> <span class='ocrx_word' id='word_1_170' title='bbox 1001 1486 1046 1526; x_wconf 92' lang='lat' dir='ltr'>in</span> <span class='ocrx_word' id='word_1_171' title='bbox 1072 1484 1292 1535; x_wconf 86' lang='lat' dir='ltr'>futurum,</span> <span class='ocrx_word' id='word_1_172' title='bbox 1319 1485 1356 1526; x_wconf 91' lang='lat' dir='ltr'>si</span> <span class='ocrx_word' id='word_1_173' title='bbox 1381 1483 1524 1525; x_wconf 83' lang='lat' dir='ltr'>fuerit</span> <span class='ocrx_word' id='word_1_174' title='bbox 1548 1485 1839 1535; x_wconf 89' lang='lat' dir='ltr'>oportunum.</span> 
     </span>
    </p>

    <p class='ocr_par' dir='ltr' id='par_1_4' title="bbox 72 1553 1841 1893">
     <span class='ocr_line' id='line_1_20' title="bbox 188 1553 1841 1613; baseline -0.003 -14"><span class='ocrx_word' id='word_1_175' title='bbox 188 1556 398 1613; x_wconf 91' lang='lat' dir='ltr'>Ultimo¹)</span> <span class='ocrx_word' id='word_1_176' title='bbox 429 1555 546 1610; x_wconf 92' lang='lat' dir='ltr'>petit</span> <span class='ocrx_word' id='word_1_177' title='bbox 577 1555 724 1599; x_wconf 90' lang='lat' dir='ltr'>dictus</span> <span class='ocrx_word' id='word_1_178' title='bbox 756 1556 797 1598; x_wconf 90' lang='lat' dir='ltr'>d.</span> <span class='ocrx_word' id='word_1_179' title='bbox 831 1568 915 1597; x_wconf 86' lang='lat' dir='ltr'>rex</span> <span class='ocrx_word' id='word_1_180' title='bbox 946 1568 1031 1609; x_wconf 89' lang='lat' dir='ltr'>per</span> <span class='ocrx_word' id='word_1_181' title='bbox 1062 1555 1306 1597; x_wconf 90' lang='lat' dir='ltr'>concilium</span> <span class='ocrx_word' id='word_1_182' title='bbox 1337 1554 1426 1596; x_wconf 92' lang='lat' dir='ltr'>sibi</span> <span class='ocrx_word' id='word_1_183' title='bbox 1459 1554 1637 1595; x_wconf 88' lang='lat' dir='ltr'>consuli</span> <span class='ocrx_word' id='word_1_184' title='bbox 1669 1553 1841 1595; x_wconf 91' lang='lat' dir='ltr'>accele-</span> 
     </span>
     <span class='ocr_line' id='line_1_21' title="bbox 72 1623 1839 1680; baseline -0.002 -12"><span class='ocrx_word' id='word_1_185' title='bbox 72 1630 171 1670; x_wconf 89' lang='lat' dir='ltr'>rato</span> <span class='ocrx_word' id='word_1_186' title='bbox 199 1638 441 1680; x_wconf 88' lang='lat' dir='ltr'>responso,</span> <span class='ocrx_word' id='word_1_187' title='bbox 471 1627 582 1680; x_wconf 92' lang='lat' dir='ltr'>quid</span> <span class='ocrx_word' id='word_1_188' title='bbox 611 1630 688 1669; x_wconf 90' lang='lat' dir='ltr'>aut</span> <span class='ocrx_word' id='word_1_189' title='bbox 717 1626 917 1679; x_wconf 90' lang='lat' dir='ltr'>qualiter</span> <span class='ocrx_word' id='word_1_190' title='bbox 947 1625 1236 1679; x_wconf 91' lang='lat' dir='ltr'>respondere</span> <span class='ocrx_word' id='word_1_191' title='bbox 1264 1625 1435 1666; x_wconf 88' lang='lat' dir='ltr'>debeat</span> <span class='ocrx_word' id='word_1_192' title='bbox 1463 1624 1644 1666; x_wconf 90' lang='lat' dir='ltr'>nunciis</span> <span class='ocrx_word' id='word_1_193' title='bbox 1672 1623 1839 1676; x_wconf 85' lang='lat' dir='ltr'>Angeli</span> 
     </span>
     <span class='ocr_line' id='line_1_22' title="bbox 74 1694 1840 1752; baseline -0.003 -11"><span class='ocrx_word' id='word_1_194' title='bbox 74 1697 291 1742; x_wconf 88' lang='lat' dir='ltr'>Corrario</span> <span class='ocrx_word' id='word_1_195' title='bbox 313 1698 371 1741; x_wconf 89' lang='lat' dir='ltr'>ad</span> <span class='ocrx_word' id='word_1_196' title='bbox 392 1698 535 1752; x_wconf 90' lang='lat' dir='ltr'>petita</span> <span class='ocrx_word' id='word_1_197' title='bbox 559 1699 606 1739; x_wconf 91' lang='lat' dir='ltr'>in</span> <span class='ocrx_word' id='word_1_198' title='bbox 629 1698 814 1750; x_wconf 92' lang='lat' dir='ltr'>scriptis</span> <span class='ocrx_word' id='word_1_199' title='bbox 837 1700 881 1739; x_wconf 90' lang='lat' dir='ltr'>et</span> <span class='ocrx_word' id='word_1_200' title='bbox 905 1698 951 1738; x_wconf 91' lang='lat' dir='ltr'>in</span> <span class='ocrx_word' id='word_1_201' title='bbox 973 1697 1182 1750; x_wconf 90' lang='lat' dir='ltr'>presenti</span> <span class='ocrx_word' id='word_1_202' title='bbox 1206 1696 1385 1747; x_wconf 89' lang='lat' dir='ltr'>cedula,</span> <span class='ocrx_word' id='word_1_203' title='bbox 1407 1708 1545 1749; x_wconf 91' lang='lat' dir='ltr'>quam</span> <span class='ocrx_word' id='word_1_204' title='bbox 1567 1707 1608 1736; x_wconf 89' lang='lat' dir='ltr'>v.</span> <span class='ocrx_word' id='word_1_205' title='bbox 1630 1707 1675 1748; x_wconf 89' lang='lat' dir='ltr'>p.</span> <span class='ocrx_word' id='word_1_206' title='bbox 1698 1694 1840 1747; x_wconf 87' lang='lat' dir='ltr'>assig-</span> 
     </span>
     <span class='ocr_line' id='line_1_23' title="bbox 72 1764 1840 1822; baseline -0.003 -11"><span class='ocrx_word' id='word_1_207' title='bbox 72 1770 177 1811; x_wconf 85' lang='lat' dir='ltr'>nari</span> <span class='ocrx_word' id='word_1_208' title='bbox 214 1768 464 1821; x_wconf 89' lang='lat' dir='ltr'>mandavit,</span> <span class='ocrx_word' id='word_1_209' title='bbox 501 1767 757 1822; x_wconf 85' lang='lat' dir='ltr'>designata,</span> <span class='ocrx_word' id='word_1_210' title='bbox 795 1772 843 1810; x_wconf 93' lang='lat' dir='ltr'>ut</span> <span class='ocrx_word' id='word_1_211' title='bbox 881 1780 1022 1821; x_wconf 90' lang='lat' dir='ltr'>supra</span> <span class='ocrx_word' id='word_1_212' title='bbox 1061 1768 1109 1810; x_wconf 91' lang='lat' dir='ltr'>in</span> <span class='ocrx_word' id='word_1_213' title='bbox 1147 1767 1238 1809; x_wconf 93' lang='lat' dir='ltr'>alio</span> <span class='ocrx_word' id='word_1_214' title='bbox 1277 1766 1392 1808; x_wconf 81' lang='lat' dir='ltr'>folio</span> <span class='ocrx_word' id='word_1_215' title='bbox 1428 1769 1474 1808; x_wconf 94' lang='lat' dir='ltr'>et</span> <span class='ocrx_word' id='word_1_216' title='bbox 1511 1765 1608 1807; x_wconf 83' lang='lat' dir='ltr'>fine</span> <span class='ocrx_word' id='word_1_217' title='bbox 1647 1764 1840 1807; x_wconf 90' lang='lat' dir='ltr'>alterius</span> 
     </span>
     <span class='ocr_line' id='line_1_24' title="bbox 73 1839 308 1893; baseline 0 -12"><span class='ocrx_word' id='word_1_218' title='bbox 73 1839 308 1893; x_wconf 87' lang='lat' dir='ltr'>marginis.</span> 
     </span>
    </p>

    <p class='ocr_par' dir='ltr' id='par_1_5' title="bbox 68 1906 1841 2598">
     <span class='ocr_line' id='line_1_25' title="bbox 187 1906 1839 1964; baseline -0.003 -12"><span class='ocrx_word' id='word_1_219' title='bbox 187 1911 257 1952; x_wconf 89' lang='lat' dir='ltr'>Ex</span> <span class='ocrx_word' id='word_1_220' title='bbox 280 1923 370 1964; x_wconf 91' lang='lat' dir='ltr'>qua</span> <span class='ocrx_word' id='word_1_221' title='bbox 395 1910 581 1964; x_wconf 93' lang='lat' dir='ltr'>quidem</span> <span class='ocrx_word' id='word_1_222' title='bbox 607 1910 771 1951; x_wconf 89' lang='lat' dir='ltr'>cedula</span> <span class='ocrx_word' id='word_1_223' title='bbox 796 1910 924 1951; x_wconf 91' lang='lat' dir='ltr'>varie</span> <span class='ocrx_word' id='word_1_224' title='bbox 950 1909 1070 1950; x_wconf 91' lang='lat' dir='ltr'>inter</span> <span class='ocrx_word' id='word_1_225' title='bbox 1095 1908 1305 1950; x_wconf 91' lang='lat' dir='ltr'>dominos</span> <span class='ocrx_word' id='word_1_226' title='bbox 1331 1907 1566 1950; x_wconf 86' lang='lat' dir='ltr'>sentencie</span> <span class='ocrx_word' id='word_1_227' title='bbox 1592 1910 1639 1949; x_wconf 89' lang='lat' dir='ltr'>et</span> <span class='ocrx_word' id='word_1_228' title='bbox 1662 1906 1839 1958; x_wconf 89' lang='lat' dir='ltr'>discep-</span> 
     </span>
     <span class='ocr_line' id='line_1_26' title="bbox 70 1976 1839 2033; baseline -0.003 -10"><span class='ocrx_word' id='word_1_229' title='bbox 70 1981 276 2024; x_wconf 88' lang='lat' dir='ltr'>taciones</span> <span class='ocrx_word' id='word_1_230' title='bbox 298 1984 397 2024; x_wconf 92' lang='lat' dir='ltr'>orte</span> <span class='ocrx_word' id='word_1_231' title='bbox 421 1984 540 2023; x_wconf 90' lang='lat' dir='ltr'>sunt.</span> <span class='ocrx_word' id='word_1_232' title='bbox 575 1980 668 2022; x_wconf 92' lang='lat' dir='ltr'>Alii</span> <span class='ocrx_word' id='word_1_233' title='bbox 691 1980 878 2033; x_wconf 90' lang='lat' dir='ltr'>quidem</span> <span class='ocrx_word' id='word_1_234' title='bbox 902 1982 1206 2022; x_wconf 86' lang='lat' dir='ltr'>asseruerunt</span> <span class='ocrx_word' id='word_1_235' title='bbox 1229 1979 1407 2021; x_wconf 90' lang='lat' dir='ltr'>salvum</span> <span class='ocrx_word' id='word_1_236' title='bbox 1430 1978 1703 2020; x_wconf 91' lang='lat' dir='ltr'>conductum</span> <span class='ocrx_word' id='word_1_237' title='bbox 1727 1976 1839 2018; x_wconf 88' lang='lat' dir='ltr'>libe-</span> 
     </span>
     <span class='ocr_line' id='line_1_27' title="bbox 70 2049 1841 2095; baseline -0.003 -2"><span class='ocrx_word' id='word_1_238' title='bbox 70 2064 171 2094; x_wconf 91' lang='lat' dir='ltr'>rum</span> <span class='ocrx_word' id='word_1_239' title='bbox 201 2053 271 2095; x_wconf 88' lang='lat' dir='ltr'>eis</span> <span class='ocrx_word' id='word_1_240' title='bbox 301 2064 406 2095; x_wconf 89' lang='lat' dir='ltr'>esse</span> <span class='ocrx_word' id='word_1_241' title='bbox 439 2051 642 2094; x_wconf 90' lang='lat' dir='ltr'>dandum</span> <span class='ocrx_word' id='word_1_242' title='bbox 674 2055 718 2093; x_wconf 94' lang='lat' dir='ltr'>et</span> <span class='ocrx_word' id='word_1_243' title='bbox 750 2051 990 2093; x_wconf 87' lang='lat' dir='ltr'>licenciam</span> <span class='ocrx_word' id='word_1_244' title='bbox 1022 2050 1156 2092; x_wconf 85' lang='lat' dir='ltr'>fratri</span> <span class='ocrx_word' id='word_1_245' title='bbox 1189 2049 1390 2092; x_wconf 84' lang='lat' dir='ltr'>Johanni</span> <span class='ocrx_word' id='word_1_246' title='bbox 1424 2049 1650 2090; x_wconf 91' lang='lat' dir='ltr'>Dominici</span> <span class='ocrx_word' id='word_1_247' title='bbox 1683 2059 1841 2089; x_wconf 89' lang='lat' dir='ltr'>conce-</span> 
     </span>
     <span class='ocr_line' id='line_1_28' title="bbox 71 2117 1838 2176; baseline -0.003 -11"><span class='ocrx_word' id='word_1_248' title='bbox 71 2122 271 2166; x_wconf 91' lang='lat' dir='ltr'>dendam</span> <span class='ocrx_word' id='word_1_249' title='bbox 310 2135 411 2165; x_wconf 85' lang='lat' dir='ltr'>cum</span> <span class='ocrx_word' id='word_1_250' title='bbox 452 2123 634 2176; x_wconf 91' lang='lat' dir='ltr'>capello</span> <span class='ocrx_word' id='word_1_251' title='bbox 672 2122 819 2164; x_wconf 92' lang='lat' dir='ltr'>rubeo</span> <span class='ocrx_word' id='word_1_252' title='bbox 858 2121 1172 2174; x_wconf 88' lang='lat' dir='ltr'>ingrediendi;</span> <span class='ocrx_word' id='word_1_253' title='bbox 1212 2124 1259 2162; x_wconf 88' lang='lat' dir='ltr'>et</span> <span class='ocrx_word' id='word_1_254' title='bbox 1296 2121 1435 2162; x_wconf 91' lang='lat' dir='ltr'>huius</span> <span class='ocrx_word' id='word_1_255' title='bbox 1474 2119 1711 2162; x_wconf 89' lang='lat' dir='ltr'>sentencie</span> <span class='ocrx_word' id='word_1_256' title='bbox 1751 2117 1838 2159; x_wconf 83' lang='lat' dir='ltr'>fuit</span> 
     </span>
     <span class='ocr_line' id='line_1_29' title="bbox 70 2188 1837 2245; baseline -0.002 -11"><span class='ocrx_word' id='word_1_257' title='bbox 70 2202 238 2235; x_wconf 81' lang='lat' dir='ltr'>revmus</span> <span class='ocrx_word' id='word_1_258' title='bbox 267 2193 309 2236; x_wconf 93' lang='lat' dir='ltr'>d.</span> <span class='ocrx_word' id='word_1_259' title='bbox 339 2193 380 2236; x_wconf 88' lang='lat' dir='ltr'>d.</span> <span class='ocrx_word' id='word_1_260' title='bbox 409 2193 575 2236; x_wconf 90' lang='lat' dir='ltr'>Petrus</span> <span class='ocrx_word' id='word_1_261' title='bbox 603 2193 723 2235; x_wconf 89' lang='lat' dir='ltr'>tituli</span> <span class='ocrx_word' id='word_1_262' title='bbox 752 2192 896 2235; x_wconf 91' lang='lat' dir='ltr'>sancti</span> <span class='ocrx_word' id='word_1_263' title='bbox 924 2191 1172 2245; x_wconf 87' lang='lat' dir='ltr'>Grisogoni</span> <span class='ocrx_word' id='word_1_264' title='bbox 1200 2191 1448 2244; x_wconf 89' lang='lat' dir='ltr'>presbyter</span> <span class='ocrx_word' id='word_1_265' title='bbox 1473 2189 1725 2232; x_wconf 88' lang='lat' dir='ltr'>cardinalis</span> <span class='ocrx_word' id='word_1_266' title='bbox 1756 2188 1837 2231; x_wconf 85' lang='lat' dir='ltr'>Ca-</span> 
     </span>
     <span class='ocr_line' id='line_1_30' title="bbox 69 2260 1837 2317; baseline -0.003 -11"><span class='ocrx_word' id='word_1_267' title='bbox 69 2266 354 2307; x_wconf 89' lang='lat' dir='ltr'>meracensis</span> <span class='ocrx_word' id='word_1_268' title='bbox 377 2268 421 2307; x_wconf 90' lang='lat' dir='ltr'>et</span> <span class='ocrx_word' id='word_1_269' title='bbox 446 2264 633 2317; x_wconf 90' lang='lat' dir='ltr'>quidam</span> <span class='ocrx_word' id='word_1_270' title='bbox 660 2264 752 2308; x_wconf 84' lang='lat' dir='ltr'>alii.</span> <span class='ocrx_word' id='word_1_271' title='bbox 790 2263 883 2304; x_wconf 83' lang='lat' dir='ltr'>Alii</span> <span class='ocrx_word' id='word_1_272' title='bbox 898 2275 1011 2304; x_wconf 82' lang='lat' dir='ltr'>vero</span> <span class='ocrx_word' id='word_1_273' title='bbox 1026 2265 1343 2313; x_wconf 88' lang='lat' dir='ltr'>asseruerunt,</span> <span class='ocrx_word' id='word_1_274' title='bbox 1360 2260 1495 2314; x_wconf 87' lang='lat' dir='ltr'>quod,</span> <span class='ocrx_word' id='word_1_275' title='bbox 1512 2261 1683 2302; x_wconf 87' lang='lat' dir='ltr'>nedum</span> <span class='ocrx_word' id='word_1_276' title='bbox 1700 2260 1837 2301; x_wconf 89' lang='lat' dir='ltr'>licen-</span> 
     </span>
     <span class='ocr_line' id='line_1_31' title="bbox 70 2331 1836 2388; baseline -0.003 -12"><span class='ocrx_word' id='word_1_277' title='bbox 70 2335 138 2378; x_wconf 89' lang='lat' dir='ltr'>cia</span> <span class='ocrx_word' id='word_1_278' title='bbox 161 2348 262 2377; x_wconf 93' lang='lat' dir='ltr'>cum</span> <span class='ocrx_word' id='word_1_279' title='bbox 287 2335 470 2388; x_wconf 90' lang='lat' dir='ltr'>capello</span> <span class='ocrx_word' id='word_1_280' title='bbox 494 2334 641 2377; x_wconf 91' lang='lat' dir='ltr'>rubeo</span> <span class='ocrx_word' id='word_1_281' title='bbox 667 2334 961 2388; x_wconf 87' lang='lat' dir='ltr'>ingrediendi</span> <span class='ocrx_word' id='word_1_282' title='bbox 987 2332 1310 2376; x_wconf 88' lang='lat' dir='ltr'>Constanciam</span> <span class='ocrx_word' id='word_1_283' title='bbox 1335 2331 1585 2374; x_wconf 88' lang='lat' dir='ltr'>tribuenda</span> <span class='ocrx_word' id='word_1_284' title='bbox 1609 2334 1710 2373; x_wconf 88' lang='lat' dir='ltr'>erat</span> <span class='ocrx_word' id='word_1_285' title='bbox 1733 2341 1836 2383; x_wconf 86' lang='lat' dir='ltr'>pre-</span> 
     </span>
     <span class='ocr_line' id='line_1_32' title="bbox 73 2402 1839 2458; baseline -0.004 -10"><span class='ocrx_word' id='word_1_286' title='bbox 73 2405 192 2448; x_wconf 87' lang='lat' dir='ltr'>dicto</span> <span class='ocrx_word' id='word_1_287' title='bbox 217 2405 351 2448; x_wconf 83' lang='lat' dir='ltr'>fratri</span> <span class='ocrx_word' id='word_1_288' title='bbox 378 2405 579 2448; x_wconf 87' lang='lat' dir='ltr'>Johanni</span> <span class='ocrx_word' id='word_1_289' title='bbox 610 2405 849 2458; x_wconf 91' lang='lat' dir='ltr'>Dominici,</span> <span class='ocrx_word' id='word_1_290' title='bbox 877 2417 1029 2457; x_wconf 91' lang='lat' dir='ltr'>ymmo</span> <span class='ocrx_word' id='word_1_291' title='bbox 1055 2416 1141 2445; x_wconf 93' lang='lat' dir='ltr'>nec</span> <span class='ocrx_word' id='word_1_292' title='bbox 1169 2403 1269 2456; x_wconf 89' lang='lat' dir='ltr'>ipse</span> <span class='ocrx_word' id='word_1_293' title='bbox 1298 2415 1382 2444; x_wconf 91' lang='lat' dir='ltr'>nec</span> <span class='ocrx_word' id='word_1_294' title='bbox 1411 2415 1522 2445; x_wconf 90' lang='lat' dir='ltr'>suus</span> <span class='ocrx_word' id='word_1_295' title='bbox 1549 2402 1726 2454; x_wconf 88' lang='lat' dir='ltr'>collega</span> <span class='ocrx_word' id='word_1_296' title='bbox 1752 2412 1839 2442; x_wconf 90' lang='lat' dir='ltr'>nec</span> 
     </span>
     <span class='ocr_line' id='line_1_33' title="bbox 73 2472 1837 2527; baseline -0.003 -9"><span class='ocrx_word' id='word_1_297' title='bbox 73 2479 281 2520; x_wconf 81' lang='lat' dir='ltr'>oratores</span> <span class='ocrx_word' id='word_1_298' title='bbox 314 2477 438 2518; x_wconf 89' lang='lat' dir='ltr'>Petri</span> <span class='ocrx_word' id='word_1_299' title='bbox 471 2476 528 2518; x_wconf 95' lang='lat' dir='ltr'>de</span> <span class='ocrx_word' id='word_1_300' title='bbox 561 2475 691 2518; x_wconf 91' lang='lat' dir='ltr'>Luna</span> <span class='ocrx_word' id='word_1_301' title='bbox 723 2475 943 2517; x_wconf 91' lang='lat' dir='ltr'>audiendi</span> <span class='ocrx_word' id='word_1_302' title='bbox 976 2478 1109 2516; x_wconf 89' lang='lat' dir='ltr'>erant</span> <span class='ocrx_word' id='word_1_303' title='bbox 1140 2477 1187 2516; x_wconf 87' lang='lat' dir='ltr'>et</span> <span class='ocrx_word' id='word_1_304' title='bbox 1217 2486 1302 2527; x_wconf 90' lang='lat' dir='ltr'>per</span> <span class='ocrx_word' id='word_1_305' title='bbox 1334 2484 1626 2525; x_wconf 91' lang='lat' dir='ltr'>consequens</span> <span class='ocrx_word' id='word_1_306' title='bbox 1659 2472 1837 2514; x_wconf 83' lang='lat' dir='ltr'>salvum</span> 
     </span>
     <span class='ocr_line' id='line_1_34' title="bbox 68 2542 1835 2598; baseline -0.003 -11"><span class='ocrx_word' id='word_1_307' title='bbox 68 2546 339 2589; x_wconf 85' lang='lat' dir='ltr'>conductum</span> <span class='ocrx_word' id='word_1_308' title='bbox 367 2547 436 2588; x_wconf 89' lang='lat' dir='ltr'>eis</span> <span class='ocrx_word' id='word_1_309' title='bbox 464 2547 562 2588; x_wconf 91' lang='lat' dir='ltr'>dari</span> <span class='ocrx_word' id='word_1_310' title='bbox 593 2559 686 2588; x_wconf 91' lang='lat' dir='ltr'>non</span> <span class='ocrx_word' id='word_1_311' title='bbox 714 2546 903 2597; x_wconf 88' lang='lat' dir='ltr'>debere,</span> <span class='ocrx_word' id='word_1_312' title='bbox 933 2545 1131 2587; x_wconf 86' lang='lat' dir='ltr'>maxime</span> <span class='ocrx_word' id='word_1_313' title='bbox 1160 2557 1260 2585; x_wconf 92' lang='lat' dir='ltr'>cum</span> <span class='ocrx_word' id='word_1_314' title='bbox 1296 2542 1472 2598; x_wconf 79' lang='lat' dir='ltr'>[per]&#39;·)</span> <span class='ocrx_word' id='word_1_315' title='bbox 1504 2543 1835 2595; x_wconf 81' lang='lat' dir='ltr'>responsiones</span> 
     </span>
    </p>
   </div>
   <div class='ocr_carea' id='block_1_3' title="bbox 0 2613 1832 2671">
    <p class='ocr_par' dir='ltr' id='par_1_6' title="bbox 0 2613 1832 2671">
     <span class='ocr_line' id='line_1_35' title="bbox 0 2613 1832 2671; baseline -0.003 -13"><span class='ocrx_word' id='word_1_316' title='bbox 0 2614 3 2618; x_wconf 83' lang='grc'><strong>’</strong></span> <span class='ocrx_word' id='word_1_317' title='bbox 61 2616 194 2660; x_wconf 79' lang='lat' dir='ltr'>‘Petri</span> <span class='ocrx_word' id='word_1_318' title='bbox 221 2617 281 2660; x_wconf 93' lang='lat' dir='ltr'>de</span> <span class='ocrx_word' id='word_1_319' title='bbox 306 2617 436 2660; x_wconf 92' lang='lat' dir='ltr'>Luna</span> <span class='ocrx_word' id='word_1_320' title='bbox 462 2620 506 2660; x_wconf 91' lang='lat' dir='ltr'>et</span> <span class='ocrx_word' id='word_1_321' title='bbox 533 2618 700 2671; x_wconf 82' lang='lat' dir='ltr'>Angeli</span> <span class='ocrx_word' id='word_1_322' title='bbox 729 2616 946 2659; x_wconf 90' lang='lat' dir='ltr'>Corrario</span> <span class='ocrx_word' id='word_1_323' title='bbox 973 2616 1119 2658; x_wconf 80' lang='lat' dir='ltr'>factas</span> <span class='ocrx_word' id='word_1_324' title='bbox 1144 2615 1297 2657; x_wconf 92' lang='lat' dir='ltr'>eidem</span> <span class='ocrx_word' id='word_1_325' title='bbox 1327 2615 1368 2656; x_wconf 92' lang='lat' dir='ltr'>d.</span> <span class='ocrx_word' id='word_1_326' title='bbox 1398 2614 1494 2667; x_wconf 85' lang='lat' dir='ltr'>regi</span> <span class='ocrx_word' id='word_1_327' title='bbox 1523 2613 1832 2656; x_wconf 87' lang='lat' dir='ltr'>Romanorum</span> 
     </span>
    </p>
   </div>
   <div class='ocr_carea' id='block_1_4' title="bbox 69 2685 1833 2953">
    <p class='ocr_par' dir='ltr' id='par_1_7' title="bbox 69 2685 1833 2953">
     <span class='ocr_line' id='line_1_36' title="bbox 69 2685 1833 2741; baseline -0.005 -10"><span class='ocrx_word' id='word_1_328' title='bbox 69 2699 160 2730; x_wconf 91' lang='lat' dir='ltr'>non</span> <span class='ocrx_word' id='word_1_329' title='bbox 189 2691 422 2731; x_wconf 88' lang='lat' dir='ltr'>constaret</span> <span class='ocrx_word' id='word_1_330' title='bbox 453 2688 511 2731; x_wconf 92' lang='lat' dir='ltr'>de</span> <span class='ocrx_word' id='word_1_331' title='bbox 543 2688 699 2741; x_wconf 89' lang='lat' dir='ltr'>aliqua</span> <span class='ocrx_word' id='word_1_332' title='bbox 731 2687 852 2729; x_wconf 91' lang='lat' dir='ltr'>bona</span> <span class='ocrx_word' id='word_1_333' title='bbox 886 2686 1148 2728; x_wconf 90' lang='lat' dir='ltr'>intencione</span> <span class='ocrx_word' id='word_1_334' title='bbox 1180 2685 1388 2738; x_wconf 91' lang='lat' dir='ltr'>ipsorum</span> <span class='ocrx_word' id='word_1_335' title='bbox 1422 2685 1479 2726; x_wconf 93' lang='lat' dir='ltr'>ad</span> <span class='ocrx_word' id='word_1_336' title='bbox 1512 2685 1730 2726; x_wconf 88' lang='lat' dir='ltr'>unionem</span> <span class='ocrx_word' id='word_1_337' title='bbox 1764 2695 1833 2724; x_wconf 90' lang='lat' dir='ltr'>ec-</span> 
     </span>
     <span class='ocr_line' id='line_1_37' title="bbox 70 2754 1833 2811; baseline -0.004 -11"><span class='ocrx_word' id='word_1_338' title='bbox 70 2757 211 2802; x_wconf 88' lang='lat' dir='ltr'>clesie</span> <span class='ocrx_word' id='word_1_339' title='bbox 241 2762 396 2802; x_wconf 87' lang='lat' dir='ltr'>sancte</span> <span class='ocrx_word' id='word_1_340' title='bbox 429 2758 526 2811; x_wconf 91' lang='lat' dir='ltr'>Dei,</span> <span class='ocrx_word' id='word_1_341' title='bbox 556 2770 708 2811; x_wconf 91' lang='lat' dir='ltr'>ymmo</span> <span class='ocrx_word' id='word_1_342' title='bbox 737 2770 821 2811; x_wconf 92' lang='lat' dir='ltr'>per</span> <span class='ocrx_word' id='word_1_343' title='bbox 851 2769 1010 2799; x_wconf 91' lang='lat' dir='ltr'>eorum</span> <span class='ocrx_word' id='word_1_344' title='bbox 1042 2756 1374 2809; x_wconf 90' lang='lat' dir='ltr'>responsiones</span> <span class='ocrx_word' id='word_1_345' title='bbox 1404 2754 1609 2808; x_wconf 89' lang='lat' dir='ltr'>presumi</span> <span class='ocrx_word' id='word_1_346' title='bbox 1640 2756 1833 2807; x_wconf 87' lang='lat' dir='ltr'>poterat,</span> 
     </span>
     <span class='ocr_line' id='line_1_38' title="bbox 71 2824 1833 2882; baseline -0.004 -11"><span class='ocrx_word' id='word_1_347' title='bbox 71 2829 192 2881; x_wconf 89' lang='lat' dir='ltr'>quod</span> <span class='ocrx_word' id='word_1_348' title='bbox 220 2832 429 2872; x_wconf 89' lang='lat' dir='ltr'>oratores</span> <span class='ocrx_word' id='word_1_349' title='bbox 460 2828 653 2882; x_wconf 90' lang='lat' dir='ltr'>predicti</span> <span class='ocrx_word' id='word_1_350' title='bbox 686 2840 779 2870; x_wconf 92' lang='lat' dir='ltr'>non</span> <span class='ocrx_word' id='word_1_351' title='bbox 809 2828 1062 2869; x_wconf 88' lang='lat' dir='ltr'>veniebant</span> <span class='ocrx_word' id='word_1_352' title='bbox 1090 2826 1179 2869; x_wconf 91' lang='lat' dir='ltr'>nisi</span> <span class='ocrx_word' id='word_1_353' title='bbox 1211 2826 1268 2868; x_wconf 93' lang='lat' dir='ltr'>ad</span> <span class='ocrx_word' id='word_1_354' title='bbox 1299 2825 1624 2876; x_wconf 88' lang='lat' dir='ltr'>cavillandum,</span> <span class='ocrx_word' id='word_1_355' title='bbox 1656 2824 1833 2865; x_wconf 89' lang='lat' dir='ltr'>subter-</span> 
     </span>
     <span class='ocr_line' id='line_1_39' title="bbox 72 2893 1831 2953; baseline -0.003 -13"><span class='ocrx_word' id='word_1_356' title='bbox 72 2897 342 2953; x_wconf 83' lang='lat' dir='ltr'>fugiendum</span> <span class='ocrx_word' id='word_1_357' title='bbox 374 2912 425 2943; x_wconf 90' lang='lat' dir='ltr'>ac</span> <span class='ocrx_word' id='word_1_358' title='bbox 456 2899 861 2953; x_wconf 86' lang='lat' dir='ltr'>tergiversandum</span> <span class='ocrx_word' id='word_1_359' title='bbox 893 2910 945 2940; x_wconf 88' lang='lat' dir='ltr'>ac</span> <span class='ocrx_word' id='word_1_360' title='bbox 979 2897 1342 2950; x_wconf 84' lang='lat' dir='ltr'>impugnandum</span> <span class='ocrx_word' id='word_1_361' title='bbox 1377 2908 1557 2938; x_wconf 88' lang='lat' dir='ltr'>sacrum</span> <span class='ocrx_word' id='word_1_362' title='bbox 1591 2893 1831 2936; x_wconf 89' lang='lat' dir='ltr'>concilium</span> 
     </span>
    </p>
   </div>
   <div class='ocr_carea' id='block_1_5' title="bbox 273 2983 375 2987">
    <p class='ocr_par' dir='ltr' id='par_1_8' title="bbox 273 2983 375 2987">
     <span class='ocr_line' id='line_1_40' title="bbox 273 2983 375 2987; baseline 0 0"><span class='ocrx_word' id='word_1_363' title='bbox 273 2983 375 2987; x_wconf 95' lang='lat' dir='ltr'> </span> 
     </span>
    </p>
   </div>
   <div class='ocr_carea' id='block_1_6' title="bbox 172 3002 1308 3106">
    <p class='ocr_par' dir='ltr' id='par_1_9' title="bbox 172 3002 1308 3106">
     <span class='ocr_line' id='line_1_41' title="bbox 172 3002 865 3037; baseline -0.003 -7"><span class='ocrx_word' id='word_1_364' title='bbox 172 3005 203 3036; x_wconf 78' lang='lat' dir='ltr'>a)</span> <span class='ocrx_word' id='word_1_365' title='bbox 222 3003 351 3037; x_wconf 70' lang='lat' dir='ltr'>Subjekt</span> <span class='ocrx_word' id='word_1_366' title='bbox 374 3003 566 3030; x_wconf 63' lang='lat' dir='ltr'>trivam-halt.</span> <span class='ocrx_word' id='word_1_367' title='bbox 624 3003 655 3029; x_wconf 74' lang='lat' dir='ltr'>b»</span> <span class='ocrx_word' id='word_1_368' title='bbox 676 3002 755 3035; x_wconf 72' lang='lat' dir='ltr'>fehlt</span> <span class='ocrx_word' id='word_1_369' title='bbox 780 3003 814 3028; x_wconf 72' lang='lat' dir='ltr'>lt.</span> <span class='ocrx_word' id='word_1_370' title='bbox 837 3004 865 3028; x_wconf 88' lang='lat'>(¹.</span> 
     </span>
     <span class='ocr_line' id='line_1_42' title="bbox 186 3052 1308 3106; baseline -0.005 -7"><span class='ocrx_word' id='word_1_371' title='bbox 186 3063 213 3105; x_wconf 91' lang='lat'>¹)</span> <span class='ocrx_word' id='word_1_372' title='bbox 240 3065 342 3106; x_wconf 73' lang='lat' dir='ltr'>yedr.</span> <span class='ocrx_word' id='word_1_373' title='bbox 369 3074 438 3098; x_wconf 77' lang='lat' dir='ltr'>aus</span> <span class='ocrx_word' id='word_1_374' title='bbox 467 3073 624 3097; x_wconf 81' lang='lat' dir='ltr'>unserer</span> <span class='ocrx_word' id='word_1_375' title='bbox 650 3052 796 3103; x_wconf 40' lang='lat' dir='ltr'>Q&#39;uelle,</span> <span class='ocrx_word' id='word_1_376' title='bbox 821 3060 1061 3101; x_wconf 75' lang='lat' dir='ltr'>Schelstrute‚</span> <span class='ocrx_word' id='word_1_377' title='bbox 1089 3062 1204 3095; x_wconf 78' lang='lat' dir='ltr'>Tracl.</span> <span class='ocrx_word' id='word_1_378' title='bbox 1231 3061 1308 3094; x_wconf 76' lang='lat'><em>217.</em></span> 
     </span>
    </p>
   </div>
  </div>
 </body>
</html>
