<?xml version="1.0" encoding="UTF-8"?>
<!DOCTYPE html PUBLIC "-//W3C//DTD XHTML 1.0 Transitional//EN"
    "http://www.w3.org/TR/xhtml1/DTD/xhtml1-transitional.dtd">
<html xmlns="http://www.w3.org/1999/xhtml" xml:lang="en" lang="en">
 <head>
  <title>
</title>
<meta http-equiv="Content-Type" content="text/html;charset=utf-8" />
  <meta name='ocr-system' content='tesseract 3.04.00' />
  <meta name='ocr-capabilities' content='ocr_page ocr_carea ocr_par ocr_line ocrx_word'/>
</head>
<body>
  <div class='ocr_page' id='page_1' title='image "./actaconciliicons02counuoft/actaconciliicons02counuoft_0135.png"; bbox 0 0 2227 3434; ppageno 0'>
   <div class='ocr_carea' id='block_1_1' title="bbox 533 191 1882 232">
    <p class='ocr_par' dir='ltr' id='par_1_1' title="bbox 533 191 1882 232">
     <span class='ocr_line' id='line_1_1' title="bbox 533 191 1882 232; baseline -0.003 -5"><span class='ocrx_word' id='word_1_1' title='bbox 533 193 576 227; x_wconf 89' lang='lat' dir='ltr'>A.</span> <span class='ocrx_word' id='word_1_2' title='bbox 618 192 815 226; x_wconf 82' lang='lat' dir='ltr'>Fillastres</span> <span class='ocrx_word' id='word_1_3' title='bbox 844 191 958 226; x_wconf 80' lang='lat' dir='ltr'>Gesta</span> <span class='ocrx_word' id='word_1_4' title='bbox 986 191 1135 225; x_wconf 84' lang='lat' dir='ltr'>concilii</span> <span class='ocrx_word' id='word_1_5' title='bbox 1164 191 1478 226; x_wconf 75' lang='lat' dir='ltr'>Constantiensis.</span> <span class='ocrx_word' id='word_1_6' title='bbox 1807 191 1882 232; x_wconf 81' lang='lat'>121</span> 
     </span>
    </p>
   </div>
   <div class='ocr_carea' id='block_1_2' title="bbox 91 308 1902 3117">
    <p class='ocr_par' dir='ltr' id='par_1_2' title="bbox 91 308 1902 3117">
     <span class='ocr_line' id='line_1_2' title="bbox 125 308 1889 361; baseline -0.003 -7"><span class='ocrx_word' id='word_1_7' title='bbox 125 312 331 355; x_wconf 86' lang='lat' dir='ltr'>tudinem</span> <span class='ocrx_word' id='word_1_8' title='bbox 359 314 403 353; x_wconf 89' lang='lat' dir='ltr'>et</span> <span class='ocrx_word' id='word_1_9' title='bbox 430 310 734 352; x_wconf 87' lang='lat' dir='ltr'>manifestare</span> <span class='ocrx_word' id='word_1_10' title='bbox 762 310 1019 361; x_wconf 81' lang='lat' dir='ltr'>veritatem,</span> <span class='ocrx_word' id='word_1_11' title='bbox 1047 321 1184 361; x_wconf 90' lang='lat' dir='ltr'>quam</span> <span class='ocrx_word' id='word_1_12' title='bbox 1212 309 1258 349; x_wconf 94' lang='lat' dir='ltr'>in</span> <span class='ocrx_word' id='word_1_13' title='bbox 1285 311 1411 350; x_wconf 89' lang='lat' dir='ltr'>tanto</span> <span class='ocrx_word' id='word_1_14' title='bbox 1439 308 1553 350; x_wconf 91' lang='lat' dir='ltr'>fidei</span> <span class='ocrx_word' id='word_1_15' title='bbox 1584 308 1889 360; x_wconf 67' lang='lat' dir='ltr'>fideliumque</span> 
     </span>
     <span class='ocr_line' id='line_1_3' title="bbox 125 378 1890 436; baseline -0.003 -12"><span class='ocrx_word' id='word_1_16' title='bbox 125 383 334 436; x_wconf 90' lang='lat' dir='ltr'>periculo</span> <span class='ocrx_word' id='word_1_17' title='bbox 365 381 662 423; x_wconf 89' lang='lat' dir='ltr'>dissimulare</span> <span class='ocrx_word' id='word_1_18' title='bbox 695 393 786 422; x_wconf 93' lang='lat' dir='ltr'>non</span> <span class='ocrx_word' id='word_1_19' title='bbox 820 380 1048 431; x_wconf 82' lang='lat' dir='ltr'>convenit,</span> <span class='ocrx_word' id='word_1_20' title='bbox 1083 379 1166 421; x_wconf 89' lang='lat' dir='ltr'>sed</span> <span class='ocrx_word' id='word_1_21' title='bbox 1198 379 1410 421; x_wconf 73' lang='lat' dir='ltr'>veracius</span> <span class='ocrx_word' id='word_1_22' title='bbox 1443 379 1674 430; x_wconf 84' lang='lat' dir='ltr'>nuntiare,</span> <span class='ocrx_word' id='word_1_23' title='bbox 1707 381 1752 419; x_wconf 93' lang='lat' dir='ltr'>et</span> <span class='ocrx_word' id='word_1_24' title='bbox 1784 378 1890 431; x_wconf 90' lang='lat' dir='ltr'>quia</span> 
     </span>
     <span class='ocr_line' id='line_1_4' title="bbox 126 449 1891 506; baseline -0.003 -11"><span class='ocrx_word' id='word_1_25' title='bbox 126 466 184 496; x_wconf 87' lang='lat' dir='ltr'>ex</span> <span class='ocrx_word' id='word_1_26' title='bbox 208 452 364 495; x_wconf 89' lang='lat' dir='ltr'>multis</span> <span class='ocrx_word' id='word_1_27' title='bbox 387 451 686 506; x_wconf 83' lang='lat' dir='ltr'>presentibus</span> <span class='ocrx_word' id='word_1_28' title='bbox 710 454 754 492; x_wconf 87' lang='lat' dir='ltr'>et</span> <span class='ocrx_word' id='word_1_29' title='bbox 778 450 1014 504; x_wconf 89' lang='lat' dir='ltr'>preteritis</span> <span class='ocrx_word' id='word_1_30' title='bbox 1037 451 1161 492; x_wconf 90' lang='lat' dir='ltr'>clare</span> <span class='ocrx_word' id='word_1_31' title='bbox 1187 450 1475 502; x_wconf 89' lang='lat' dir='ltr'>conspiciunt</span> <span class='ocrx_word' id='word_1_32' title='bbox 1500 449 1725 491; x_wconf 82' lang='lat' dir='ltr'>adversus</span> <span class='ocrx_word' id='word_1_33' title='bbox 1748 449 1891 501; x_wconf 91' lang='lat' dir='ltr'>pluri-</span> 
     </span>
     <span class='ocr_line' id='line_1_5' title="bbox 127 519 1890 576; baseline -0.003 -10"><span class='ocrx_word' id='word_1_34' title='bbox 127 535 224 566; x_wconf 85' lang='lat' dir='ltr'>mos</span> <span class='ocrx_word' id='word_1_35' title='bbox 247 523 420 576; x_wconf 91' lang='lat' dir='ltr'>probos</span> <span class='ocrx_word' id='word_1_36' title='bbox 443 522 568 565; x_wconf 75' lang='lat' dir='ltr'>viros</span> <span class='ocrx_word' id='word_1_37' title='bbox 593 522 799 575; x_wconf 89' lang='lat' dir='ltr'>prelatos</span> <span class='ocrx_word' id='word_1_38' title='bbox 823 525 868 562; x_wconf 93' lang='lat' dir='ltr'>et</span> <span class='ocrx_word' id='word_1_39' title='bbox 893 521 1010 563; x_wconf 91' lang='lat' dir='ltr'>alios</span> <span class='ocrx_word' id='word_1_40' title='bbox 1034 532 1193 573; x_wconf 89' lang='lat' dir='ltr'>pacem</span> <span class='ocrx_word' id='word_1_41' title='bbox 1220 523 1472 573; x_wconf 84' lang='lat' dir='ltr'>querentes</span> <span class='ocrx_word' id='word_1_42' title='bbox 1496 520 1694 561; x_wconf 81' lang='lat' dir='ltr'>ecclesie</span> <span class='ocrx_word' id='word_1_43' title='bbox 1719 519 1890 571; x_wconf 84' lang='lat' dir='ltr'>probra</span> 
     </span>
     <span class='ocr_line' id='line_1_6' title="bbox 126 589 1891 646; baseline -0.003 -11"><span class='ocrx_word' id='word_1_44' title='bbox 126 593 421 646; x_wconf 88' lang='lat' dir='ltr'>conviciaque</span> <span class='ocrx_word' id='word_1_45' title='bbox 452 592 574 644; x_wconf 87' lang='lat' dir='ltr'>fieri,</span> <span class='ocrx_word' id='word_1_46' title='bbox 603 593 753 634; x_wconf 89' lang='lat' dir='ltr'>minas</span> <span class='ocrx_word' id='word_1_47' title='bbox 783 593 942 645; x_wconf 83' lang='lat' dir='ltr'>augeri</span> <span class='ocrx_word' id='word_1_48' title='bbox 973 593 1018 632; x_wconf 89' lang='lat' dir='ltr'>et</span> <span class='ocrx_word' id='word_1_49' title='bbox 1048 603 1213 644; x_wconf 90' lang='lat' dir='ltr'>magna</span> <span class='ocrx_word' id='word_1_50' title='bbox 1244 594 1401 632; x_wconf 92' lang='lat' dir='ltr'>contra</span> <span class='ocrx_word' id='word_1_51' title='bbox 1431 601 1511 632; x_wconf 93' lang='lat' dir='ltr'>eos</span> <span class='ocrx_word' id='word_1_52' title='bbox 1542 589 1588 630; x_wconf 92' lang='lat' dir='ltr'>in</span> <span class='ocrx_word' id='word_1_53' title='bbox 1618 589 1891 642; x_wconf 86' lang='lat' dir='ltr'>corporibus</span> 
     </span>
     <span class='ocr_line' id='line_1_7' title="bbox 127 659 1892 717; baseline -0.003 -11"><span class='ocrx_word' id='word_1_54' title='bbox 127 667 171 707; x_wconf 93' lang='lat' dir='ltr'>et</span> <span class='ocrx_word' id='word_1_55' title='bbox 197 663 332 706; x_wconf 92' lang='lat' dir='ltr'>bonis</span> <span class='ocrx_word' id='word_1_56' title='bbox 359 663 566 717; x_wconf 91' lang='lat' dir='ltr'>pericula</span> <span class='ocrx_word' id='word_1_57' title='bbox 592 662 847 716; x_wconf 88' lang='lat' dir='ltr'>procurari,</span> <span class='ocrx_word' id='word_1_58' title='bbox 873 674 965 704; x_wconf 93' lang='lat' dir='ltr'>non</span> <span class='ocrx_word' id='word_1_59' title='bbox 992 665 1147 703; x_wconf 90' lang='lat' dir='ltr'>tamen</span> <span class='ocrx_word' id='word_1_60' title='bbox 1176 674 1201 702; x_wconf 95' lang='lat' dir='ltr'>a</span> <span class='ocrx_word' id='word_1_61' title='bbox 1229 661 1407 703; x_wconf 79' lang='lat' dir='ltr'>civibus</span> <span class='ocrx_word' id='word_1_62' title='bbox 1432 663 1478 702; x_wconf 88' lang='lat' dir='ltr'>et</span> <span class='ocrx_word' id='word_1_63' title='bbox 1504 660 1750 702; x_wconf 89' lang='lat' dir='ltr'>officiariis</span> <span class='ocrx_word' id='word_1_64' title='bbox 1779 659 1892 702; x_wconf 90' lang='lat' dir='ltr'>Con-</span> 
     </span>
     <span class='ocr_line' id='line_1_8' title="bbox 128 730 1892 786; baseline -0.003 -9"><span class='ocrx_word' id='word_1_65' title='bbox 128 734 482 786; x_wconf 88' lang='lat' dir='ltr'>stanciensibus,</span> <span class='ocrx_word' id='word_1_66' title='bbox 523 746 675 786; x_wconf 91' lang='lat' dir='ltr'>neque</span> <span class='ocrx_word' id='word_1_67' title='bbox 717 733 774 774; x_wconf 91' lang='lat' dir='ltr'>de</span> <span class='ocrx_word' id='word_1_68' title='bbox 816 745 977 774; x_wconf 92' lang='lat' dir='ltr'>eorum</span> <span class='ocrx_word' id='word_1_69' title='bbox 1019 731 1248 783; x_wconf 86' lang='lat' dir='ltr'>mandato,</span> <span class='ocrx_word' id='word_1_70' title='bbox 1291 735 1366 773; x_wconf 89' lang='lat' dir='ltr'>aut</span> <span class='ocrx_word' id='word_1_71' title='bbox 1408 743 1492 784; x_wconf 93' lang='lat' dir='ltr'>per</span> <span class='ocrx_word' id='word_1_72' title='bbox 1535 732 1677 783; x_wconf 91' lang='lat' dir='ltr'>ipsos:</span> <span class='ocrx_word' id='word_1_73' title='bbox 1724 730 1892 772; x_wconf 86' lang='lat' dir='ltr'>idcirco</span> 
     </span>
     <span class='ocr_line' id='line_1_9' title="bbox 125 788 1893 859; baseline -0.003 -11"><span class='ocrx_word' id='word_1_74' title='bbox 125 804 366 859; x_wconf 90' lang='lat' dir='ltr'>cupientes</span> <span class='ocrx_word' id='word_1_75' title='bbox 402 817 540 847; x_wconf 91' lang='lat' dir='ltr'>cause</span> <span class='ocrx_word' id='word_1_76' title='bbox 579 804 663 846; x_wconf 91' lang='lat' dir='ltr'>Dei</span> <span class='ocrx_word' id='word_1_77' title='bbox 701 816 751 846; x_wconf 90' lang='lat' dir='ltr'>ac</span> <span class='ocrx_word' id='word_1_78' title='bbox 788 816 869 846; x_wconf 88' lang='lat' dir='ltr'>sue</span> <span class='ocrx_word' id='word_1_79' title='bbox 907 788 1127 856; x_wconf 81' lang='lat' dir='ltr'>legationi</span> <span class='ocrx_word' id='word_1_80' title='bbox 1161 806 1206 844; x_wconf 91' lang='lat' dir='ltr'>et</span> <span class='ocrx_word' id='word_1_81' title='bbox 1243 802 1475 844; x_wconf 91' lang='lat' dir='ltr'>securitati</span> <span class='ocrx_word' id='word_1_82' title='bbox 1514 801 1740 843; x_wconf 87' lang='lat' dir='ltr'>adversus</span> <span class='ocrx_word' id='word_1_83' title='bbox 1777 801 1893 842; x_wconf 83' lang='lat' dir='ltr'>veri-</span> 
     </span>
     <span class='ocr_line' id='line_1_10' title="bbox 127 872 1891 927; baseline -0.003 -10"><span class='ocrx_word' id='word_1_84' title='bbox 127 874 295 918; x_wconf 87' lang='lat' dir='ltr'>similia</span> <span class='ocrx_word' id='word_1_85' title='bbox 331 874 674 927; x_wconf 89' lang='lat' dir='ltr'>formidataque</span> <span class='ocrx_word' id='word_1_86' title='bbox 711 874 919 926; x_wconf 90' lang='lat' dir='ltr'>pericula</span> <span class='ocrx_word' id='word_1_87' title='bbox 976 873 1227 926; x_wconf 82' lang='lat' dir='ltr'>provideri,</span> <span class='ocrx_word' id='word_1_88' title='bbox 1285 872 1583 925; x_wconf 88' lang='lat' dir='ltr'>magnificum</span> <span class='ocrx_word' id='word_1_89' title='bbox 1640 872 1788 913; x_wconf 72' lang='lat' dir='ltr'>virum</span> <span class='ocrx_word' id='word_1_90' title='bbox 1843 872 1891 912; x_wconf 92' lang='lat' dir='ltr'>N.</span> 
     </span>
     <span class='ocr_line' id='line_1_11' title="bbox 128 942 1894 999; baseline -0.003 -11"><span class='ocrx_word' id='word_1_91' title='bbox 128 945 394 999; x_wconf 81' lang='lat' dir='ltr'>magistrum</span> <span class='ocrx_word' id='word_1_92' title='bbox 433 944 600 987; x_wconf 84' lang='lat' dir='ltr'>civium</span> <span class='ocrx_word' id='word_1_93' title='bbox 642 948 686 987; x_wconf 92' lang='lat' dir='ltr'>et</span> <span class='ocrx_word' id='word_1_94' title='bbox 727 945 941 997; x_wconf 88' lang='lat' dir='ltr'>egregios</span> <span class='ocrx_word' id='word_1_95' title='bbox 982 945 1106 985; x_wconf 76' lang='lat' dir='ltr'>cives</span> <span class='ocrx_word' id='word_1_96' title='bbox 1146 943 1329 996; x_wconf 91' lang='lat' dir='ltr'>prefate</span> <span class='ocrx_word' id='word_1_97' title='bbox 1372 942 1750 985; x_wconf 90' lang='lat' dir='ltr'>Constanciensis</span> <span class='ocrx_word' id='word_1_98' title='bbox 1790 942 1894 983; x_wconf 85' lang='lat' dir='ltr'>civi-</span> 
     </span>
     <span class='ocr_line' id='line_1_12' title="bbox 125 1013 1894 1070; baseline -0.003 -10"><span class='ocrx_word' id='word_1_99' title='bbox 125 1017 246 1070; x_wconf 82' lang='lat' dir='ltr'>tatis,</span> <span class='ocrx_word' id='word_1_100' title='bbox 273 1017 320 1058; x_wconf 89' lang='lat' dir='ltr'>in</span> <span class='ocrx_word' id='word_1_101' title='bbox 346 1028 438 1069; x_wconf 93' lang='lat' dir='ltr'>qua</span> <span class='ocrx_word' id='word_1_102' title='bbox 462 1018 638 1058; x_wconf 89' lang='lat' dir='ltr'>tantum</span> <span class='ocrx_word' id='word_1_103' title='bbox 665 1015 792 1069; x_wconf 85' lang='lat' dir='ltr'>pacis</span> <span class='ocrx_word' id='word_1_104' title='bbox 818 1015 992 1057; x_wconf 86' lang='lat' dir='ltr'>domini</span> <span class='ocrx_word' id='word_1_105' title='bbox 1020 1015 1230 1067; x_wconf 88' lang='lat' dir='ltr'>queritur</span> <span class='ocrx_word' id='word_1_106' title='bbox 1257 1017 1302 1055; x_wconf 89' lang='lat' dir='ltr'>et</span> <span class='ocrx_word' id='word_1_107' title='bbox 1328 1013 1554 1067; x_wconf 84' lang='lat' dir='ltr'>largiente</span> <span class='ocrx_word' id='word_1_108' title='bbox 1581 1013 1766 1055; x_wconf 91' lang='lat' dir='ltr'>domino</span> <span class='ocrx_word' id='word_1_109' title='bbox 1791 1025 1894 1054; x_wconf 88' lang='lat' dir='ltr'>con-</span> 
     </span>
     <span class='ocr_line' id='line_1_13' title="bbox 131 1084 1895 1141; baseline -0.003 -12"><span class='ocrx_word' id='word_1_110' title='bbox 131 1090 365 1141; x_wconf 83' lang='lat' dir='ltr'>sequetur,</span> <span class='ocrx_word' id='word_1_111' title='bbox 401 1087 589 1129; x_wconf 91' lang='lat' dir='ltr'>nomine</span> <span class='ocrx_word' id='word_1_112' title='bbox 626 1086 797 1139; x_wconf 88' lang='lat' dir='ltr'>prefati</span> <span class='ocrx_word' id='word_1_113' title='bbox 836 1085 1210 1127; x_wconf 87' lang='lat' dir='ltr'>christianissimi</span> <span class='ocrx_word' id='word_1_114' title='bbox 1251 1085 1533 1126; x_wconf 83' lang='lat' dir='ltr'>Francorum</span> <span class='ocrx_word' id='word_1_115' title='bbox 1573 1084 1696 1137; x_wconf 91' lang='lat' dir='ltr'>regis</span> <span class='ocrx_word' id='word_1_116' title='bbox 1733 1086 1895 1137; x_wconf 85' lang='lat' dir='ltr'>rogant</span> 
     </span>
     <span class='ocr_line' id='line_1_14' title="bbox 128 1154 1895 1211; baseline -0.003 -11"><span class='ocrx_word' id='word_1_117' title='bbox 128 1161 174 1200; x_wconf 92' lang='lat' dir='ltr'>et</span> <span class='ocrx_word' id='word_1_118' title='bbox 193 1157 364 1200; x_wconf 86' lang='lat' dir='ltr'>obnixe</span> <span class='ocrx_word' id='word_1_119' title='bbox 387 1160 638 1211; x_wconf 84' lang='lat' dir='ltr'>precantur</span> <span class='ocrx_word' id='word_1_120' title='bbox 662 1156 708 1198; x_wconf 91' lang='lat' dir='ltr'>in</span> <span class='ocrx_word' id='word_1_121' title='bbox 732 1156 990 1200; x_wconf 88' lang='lat' dir='ltr'>visceribus</span> <span class='ocrx_word' id='word_1_122' title='bbox 1014 1155 1231 1207; x_wconf 87' lang='lat' dir='ltr'>caritatis,</span> <span class='ocrx_word' id='word_1_123' title='bbox 1257 1168 1340 1197; x_wconf 90' lang='lat' dir='ltr'>suo</span> <span class='ocrx_word' id='word_1_124' title='bbox 1363 1157 1516 1197; x_wconf 90' lang='lat' dir='ltr'>autem</span> <span class='ocrx_word' id='word_1_125' title='bbox 1540 1154 1725 1196; x_wconf 91' lang='lat' dir='ltr'>nomine</span> <span class='ocrx_word' id='word_1_126' title='bbox 1748 1154 1895 1196; x_wconf 93' lang='lat' dir='ltr'>humi-</span> 
     </span>
     <span class='ocr_line' id='line_1_15' title="bbox 130 1225 1896 1279; baseline -0.003 -8"><span class='ocrx_word' id='word_1_127' title='bbox 130 1229 251 1272; x_wconf 89' lang='lat' dir='ltr'>libus</span> <span class='ocrx_word' id='word_1_128' title='bbox 283 1228 473 1271; x_wconf 90' lang='lat' dir='ltr'>vocibus</span> <span class='ocrx_word' id='word_1_129' title='bbox 507 1231 552 1270; x_wconf 92' lang='lat' dir='ltr'>et</span> <span class='ocrx_word' id='word_1_130' title='bbox 586 1227 839 1270; x_wconf 79' lang='lat' dir='ltr'>affectibus</span> <span class='ocrx_word' id='word_1_131' title='bbox 870 1227 1097 1268; x_wconf 88' lang='lat' dir='ltr'>instanter</span> <span class='ocrx_word' id='word_1_132' title='bbox 1133 1225 1396 1279; x_wconf 87' lang='lat' dir='ltr'>supplicare</span> <span class='ocrx_word' id='word_1_133' title='bbox 1430 1238 1522 1267; x_wconf 92' lang='lat' dir='ltr'>non</span> <span class='ocrx_word' id='word_1_134' title='bbox 1556 1228 1753 1277; x_wconf 90' lang='lat' dir='ltr'>cessant,</span> <span class='ocrx_word' id='word_1_135' title='bbox 1787 1236 1896 1278; x_wconf 90' lang='lat' dir='ltr'>qua-</span> 
     </span>
     <span class='ocr_line' id='line_1_16' title="bbox 91 1296 1897 1352; baseline -0.003 -10"><span class='ocrx_word' id='word_1_136' title='bbox 91 1347 95 1351; x_wconf 48' lang='lat'>,</span> <span class='ocrx_word' id='word_1_137' title='bbox 130 1302 265 1342; x_wconf 91' lang='lat' dir='ltr'>tenus</span> <span class='ocrx_word' id='word_1_138' title='bbox 284 1299 620 1352; x_wconf 89' lang='lat' dir='ltr'>premissorum</span> <span class='ocrx_word' id='word_1_139' title='bbox 641 1297 928 1349; x_wconf 81' lang='lat' dir='ltr'>reverencia,</span> <span class='ocrx_word' id='word_1_140' title='bbox 949 1296 1342 1348; x_wconf 86' lang='lat' dir='ltr'>consideracione,</span> <span class='ocrx_word' id='word_1_141' title='bbox 1364 1296 1526 1338; x_wconf 83' lang='lat' dir='ltr'>favore</span> <span class='ocrx_word' id='word_1_142' title='bbox 1548 1296 1797 1349; x_wconf 87' lang='lat' dir='ltr'>dignentur</span> <span class='ocrx_word' id='word_1_143' title='bbox 1817 1308 1897 1337; x_wconf 92' lang='lat' dir='ltr'>eos</span> 
     </span>
     <span class='ocr_line' id='line_1_17' title="bbox 130 1366 1896 1424; baseline -0.003 -12"><span class='ocrx_word' id='word_1_144' title='bbox 130 1369 343 1424; x_wconf 88' lang='lat' dir='ltr'>plenaria</span> <span class='ocrx_word' id='word_1_145' title='bbox 375 1368 637 1422; x_wconf 87' lang='lat' dir='ltr'>securitate,</span> <span class='ocrx_word' id='word_1_146' title='bbox 670 1368 901 1421; x_wconf 87' lang='lat' dir='ltr'>libertate,</span> <span class='ocrx_word' id='word_1_147' title='bbox 934 1380 1047 1421; x_wconf 85' lang='lat' dir='ltr'>pace</span> <span class='ocrx_word' id='word_1_148' title='bbox 1080 1371 1124 1409; x_wconf 87' lang='lat' dir='ltr'>et</span> <span class='ocrx_word' id='word_1_149' title='bbox 1157 1367 1329 1409; x_wconf 89' lang='lat' dir='ltr'>iustitia</span> <span class='ocrx_word' id='word_1_150' title='bbox 1364 1367 1409 1408; x_wconf 91' lang='lat' dir='ltr'>in</span> <span class='ocrx_word' id='word_1_151' title='bbox 1443 1366 1636 1420; x_wconf 87' lang='lat' dir='ltr'>agendis</span> <span class='ocrx_word' id='word_1_152' title='bbox 1668 1366 1896 1416; x_wconf 90' lang='lat' dir='ltr'>omnibus,</span> 
     </span>
     <span class='ocr_line' id='line_1_18' title="bbox 132 1436 1897 1494; baseline -0.003 -11"><span class='ocrx_word' id='word_1_153' title='bbox 132 1453 221 1494; x_wconf 92' lang='lat' dir='ltr'>que</span> <span class='ocrx_word' id='word_1_154' title='bbox 259 1440 318 1483; x_wconf 88' lang='lat' dir='ltr'>ad</span> <span class='ocrx_word' id='word_1_155' title='bbox 354 1452 514 1493; x_wconf 89' lang='lat' dir='ltr'>pacem</span> <span class='ocrx_word' id='word_1_156' title='bbox 552 1439 824 1493; x_wconf 89' lang='lat' dir='ltr'>expediunt,</span> <span class='ocrx_word' id='word_1_157' title='bbox 863 1451 1156 1481; x_wconf 82' lang='lat' dir='ltr'>conservare.</span> <span class='ocrx_word' id='word_1_158' title='bbox 1209 1437 1322 1480; x_wconf 91' lang='lat' dir='ltr'>Cum</span> <span class='ocrx_word' id='word_1_159' title='bbox 1361 1437 1500 1491; x_wconf 85' lang='lat' dir='ltr'>legati</span> <span class='ocrx_word' id='word_1_160' title='bbox 1538 1436 1642 1489; x_wconf 89' lang='lat' dir='ltr'>sint,</span> <span class='ocrx_word' id='word_1_161' title='bbox 1681 1436 1759 1490; x_wconf 91' lang='lat' dir='ltr'>qui</span> <span class='ocrx_word' id='word_1_162' title='bbox 1797 1436 1897 1478; x_wconf 85' lang='lat' dir='ltr'>iure</span> 
     </span>
     <span class='ocr_line' id='line_1_19' title="bbox 131 1506 1898 1565; baseline -0.004 -11"><span class='ocrx_word' id='word_1_163' title='bbox 131 1510 335 1565; x_wconf 87' lang='lat' dir='ltr'>gentium</span> <span class='ocrx_word' id='word_1_164' title='bbox 357 1511 530 1564; x_wconf 92' lang='lat' dir='ltr'>ubique</span> <span class='ocrx_word' id='word_1_165' title='bbox 555 1522 715 1564; x_wconf 88' lang='lat' dir='ltr'>pacem</span> <span class='ocrx_word' id='word_1_166' title='bbox 738 1513 783 1552; x_wconf 90' lang='lat' dir='ltr'>et</span> <span class='ocrx_word' id='word_1_167' title='bbox 807 1510 1004 1552; x_wconf 89' lang='lat' dir='ltr'>salutem</span> <span class='ocrx_word' id='word_1_168' title='bbox 1029 1512 1281 1560; x_wconf 83' lang='lat' dir='ltr'>merentur,</span> <span class='ocrx_word' id='word_1_169' title='bbox 1305 1508 1362 1550; x_wconf 91' lang='lat' dir='ltr'>ad</span> <span class='ocrx_word' id='word_1_170' title='bbox 1385 1520 1544 1561; x_wconf 90' lang='lat' dir='ltr'>pacem</span> <span class='ocrx_word' id='word_1_171' title='bbox 1569 1506 1765 1549; x_wconf 89' lang='lat' dir='ltr'>ecclesie</span> <span class='ocrx_word' id='word_1_172' title='bbox 1790 1519 1898 1559; x_wconf 90' lang='lat' dir='ltr'>que-</span> 
     </span>
     <span class='ocr_line' id='line_1_20' title="bbox 132 1577 1898 1632; baseline -0.003 -8"><span class='ocrx_word' id='word_1_173' title='bbox 132 1581 324 1624; x_wconf 88' lang='lat' dir='ltr'>rendam</span> <span class='ocrx_word' id='word_1_174' title='bbox 361 1594 462 1624; x_wconf 92' lang='lat' dir='ltr'>cum</span> <span class='ocrx_word' id='word_1_175' title='bbox 500 1581 605 1624; x_wconf 88' lang='lat' dir='ltr'>aliis</span> <span class='ocrx_word' id='word_1_176' title='bbox 642 1580 906 1623; x_wconf 89' lang='lat' dir='ltr'>christianis</span> <span class='ocrx_word' id='word_1_177' title='bbox 943 1579 1236 1632; x_wconf 81' lang='lat' dir='ltr'>conveniunt,</span> <span class='ocrx_word' id='word_1_178' title='bbox 1274 1591 1362 1632; x_wconf 92' lang='lat' dir='ltr'>que</span> <span class='ocrx_word' id='word_1_179' title='bbox 1400 1579 1537 1621; x_wconf 88' lang='lat' dir='ltr'>simul</span> <span class='ocrx_word' id='word_1_180' title='bbox 1575 1591 1675 1620; x_wconf 91' lang='lat' dir='ltr'>cum</span> <span class='ocrx_word' id='word_1_181' title='bbox 1715 1577 1898 1620; x_wconf 90' lang='lat' dir='ltr'>Christo</span> 
     </span>
     <span class='ocr_line' id='line_1_21' title="bbox 131 1648 1897 1706; baseline -0.003 -11"><span class='ocrx_word' id='word_1_182' title='bbox 131 1664 224 1695; x_wconf 91' lang='lat' dir='ltr'>non</span> <span class='ocrx_word' id='word_1_183' title='bbox 250 1652 341 1695; x_wconf 89' lang='lat' dir='ltr'>nisi</span> <span class='ocrx_word' id='word_1_184' title='bbox 369 1653 497 1706; x_wconf 89' lang='lat' dir='ltr'>pacis</span> <span class='ocrx_word' id='word_1_185' title='bbox 528 1653 575 1694; x_wconf 90' lang='lat' dir='ltr'>in</span> <span class='ocrx_word' id='word_1_186' title='bbox 603 1654 814 1705; x_wconf 91' lang='lat' dir='ltr'>tempore</span> <span class='ocrx_word' id='word_1_187' title='bbox 844 1652 1091 1704; x_wconf 90' lang='lat' dir='ltr'>reperitur.</span> <span class='ocrx_word' id='word_1_188' title='bbox 1133 1650 1352 1692; x_wconf 89' lang='lat' dir='ltr'>Oratores</span> <span class='ocrx_word' id='word_1_189' title='bbox 1381 1650 1494 1692; x_wconf 91' lang='lat' dir='ltr'>tanti</span> <span class='ocrx_word' id='word_1_190' title='bbox 1526 1648 1649 1702; x_wconf 88' lang='lat' dir='ltr'>regis</span> <span class='ocrx_word' id='word_1_191' title='bbox 1679 1651 1897 1701; x_wconf 88' lang='lat' dir='ltr'>tanteque</span> 
     </span>
     <span class='ocr_line' id='line_1_22' title="bbox 134 1718 1900 1776; baseline -0.003 -11"><span class='ocrx_word' id='word_1_192' title='bbox 134 1723 414 1766; x_wconf 82' lang='lat' dir='ltr'>Francorum</span> <span class='ocrx_word' id='word_1_193' title='bbox 446 1722 700 1765; x_wconf 88' lang='lat' dir='ltr'>maiestatis</span> <span class='ocrx_word' id='word_1_194' title='bbox 733 1723 818 1764; x_wconf 91' lang='lat' dir='ltr'>sub</span> <span class='ocrx_word' id='word_1_195' title='bbox 849 1722 1032 1776; x_wconf 90' lang='lat' dir='ltr'>publica</span> <span class='ocrx_word' id='word_1_196' title='bbox 1064 1733 1217 1763; x_wconf 88' lang='lat' dir='ltr'>coram</span> <span class='ocrx_word' id='word_1_197' title='bbox 1249 1720 1464 1762; x_wconf 92' lang='lat' dir='ltr'>omnibus</span> <span class='ocrx_word' id='word_1_198' title='bbox 1496 1720 1542 1761; x_wconf 89' lang='lat' dir='ltr'>in</span> <span class='ocrx_word' id='word_1_199' title='bbox 1574 1718 1766 1761; x_wconf 91' lang='lat' dir='ltr'>concilio</span> <span class='ocrx_word' id='word_1_200' title='bbox 1797 1731 1900 1761; x_wconf 93' lang='lat' dir='ltr'>con-</span> 
     </span>
     <span class='ocr_line' id='line_1_23' title="bbox 132 1778 1900 1846; baseline -0.004 -9"><span class='ocrx_word' id='word_1_201' title='bbox 132 1806 262 1837; x_wconf 88' lang='lat' dir='ltr'>cessa</span> <span class='ocrx_word' id='word_1_202' title='bbox 293 1793 539 1837; x_wconf 90' lang='lat' dir='ltr'>securitate</span> <span class='ocrx_word' id='word_1_203' title='bbox 570 1796 813 1843; x_wconf 81' lang='lat' dir='ltr'>venerunt,</span> <span class='ocrx_word' id='word_1_204' title='bbox 846 1805 960 1846; x_wconf 90' lang='lat' dir='ltr'>quos</span> <span class='ocrx_word' id='word_1_205' title='bbox 991 1793 1036 1834; x_wconf 90' lang='lat' dir='ltr'>in</span> <span class='ocrx_word' id='word_1_206' title='bbox 1068 1791 1392 1844; x_wconf 85' lang='lat' dir='ltr'>procuratione</span> <span class='ocrx_word' id='word_1_207' title='bbox 1424 1791 1552 1844; x_wconf 88' lang='lat' dir='ltr'>pacis</span> <span class='ocrx_word' id='word_1_208' title='bbox 1583 1789 1778 1832; x_wconf 88' lang='lat' dir='ltr'>ecclesie</span> <span class='ocrx_word' id='word_1_209' title='bbox 1808 1778 1900 1831; x_wconf 42' lang='lat' dir='ltr'>tur-⁹</span> 
     </span>
     <span class='ocr_line' id='line_1_24' title="bbox 134 1860 1895 1918; baseline -0.003 -12"><span class='ocrx_word' id='word_1_210' title='bbox 134 1864 233 1908; x_wconf 87' lang='lat' dir='ltr'>bari</span> <span class='ocrx_word' id='word_1_211' title='bbox 267 1864 627 1918; x_wconf 90' lang='lat' dir='ltr'>quomodolibet,</span> <span class='ocrx_word' id='word_1_212' title='bbox 663 1864 876 1917; x_wconf 91' lang='lat' dir='ltr'>impediri</span> <span class='ocrx_word' id='word_1_213' title='bbox 911 1864 984 1904; x_wconf 82' lang='lat' dir='ltr'>vel</span> <span class='ocrx_word' id='word_1_214' title='bbox 1019 1863 1201 1905; x_wconf 88' lang='lat' dir='ltr'>offendi</span> <span class='ocrx_word' id='word_1_215' title='bbox 1236 1862 1280 1903; x_wconf 92' lang='lat' dir='ltr'>in</span> <span class='ocrx_word' id='word_1_216' title='bbox 1315 1865 1470 1903; x_wconf 79' lang='lat' dir='ltr'>vestra</span> <span class='ocrx_word' id='word_1_217' title='bbox 1504 1862 1687 1902; x_wconf 71' lang='lat' dir='ltr'>civitate</span> <span class='ocrx_word' id='word_1_218' title='bbox 1721 1860 1779 1902; x_wconf 92' lang='lat' dir='ltr'>ad</span> <span class='ocrx_word' id='word_1_219' title='bbox 1814 1860 1895 1901; x_wconf 88' lang='lat' dir='ltr'>Dei</span> 
     </span>
     <span class='ocr_line' id='line_1_25' title="bbox 132 1931 1899 1988; baseline -0.004 -10"><span class='ocrx_word' id='word_1_220' title='bbox 132 1938 177 1978; x_wconf 91' lang='lat' dir='ltr'>et</span> <span class='ocrx_word' id='word_1_221' title='bbox 215 1935 411 1978; x_wconf 85' lang='lat' dir='ltr'>ecclesie</span> <span class='ocrx_word' id='word_1_222' title='bbox 455 1935 675 1988; x_wconf 88' lang='lat' dir='ltr'>regieque</span> <span class='ocrx_word' id='word_1_223' title='bbox 720 1934 973 1976; x_wconf 88' lang='lat' dir='ltr'>maiestatis</span> <span class='ocrx_word' id='word_1_224' title='bbox 1015 1936 1263 1986; x_wconf 74' lang='lat' dir='ltr'>vestreque</span> <span class='ocrx_word' id='word_1_225' title='bbox 1307 1932 1554 1985; x_wconf 87' lang='lat' dir='ltr'>magnifice</span> <span class='ocrx_word' id='word_1_226' title='bbox 1596 1931 1792 1973; x_wconf 80' lang='lat' dir='ltr'>civitatis</span> <span class='ocrx_word' id='word_1_227' title='bbox 1835 1931 1899 1972; x_wconf 92' lang='lat' dir='ltr'>in-</span> 
     </span>
     <span class='ocr_line' id='line_1_26' title="bbox 134 2002 1900 2060; baseline -0.003 -13"><span class='ocrx_word' id='word_1_228' title='bbox 134 2005 296 2049; x_wconf 89' lang='lat' dir='ltr'>iuriam</span> <span class='ocrx_word' id='word_1_229' title='bbox 334 2009 609 2060; x_wconf 91' lang='lat' dir='ltr'>perpetuam</span> <span class='ocrx_word' id='word_1_230' title='bbox 646 2009 691 2047; x_wconf 93' lang='lat' dir='ltr'>et</span> <span class='ocrx_word' id='word_1_231' title='bbox 729 2005 962 2047; x_wconf 88' lang='lat' dir='ltr'>offensam</span> <span class='ocrx_word' id='word_1_232' title='bbox 1000 2004 1232 2057; x_wconf 85' lang='lat' dir='ltr'>publicam</span> <span class='ocrx_word' id='word_1_233' title='bbox 1271 2002 1528 2047; x_wconf 75' lang='lat' dir='ltr'>evenirent.</span> <span class='ocrx_word' id='word_1_234' title='bbox 1581 2002 1900 2044; x_wconf 86' lang='lat' dir='ltr'>Protestantur</span> 
     </span>
     <span class='ocr_line' id='line_1_27' title="bbox 134 2072 1899 2130; baseline -0.003 -11"><span class='ocrx_word' id='word_1_235' title='bbox 134 2079 285 2119; x_wconf 87' lang='lat' dir='ltr'>autem</span> <span class='ocrx_word' id='word_1_236' title='bbox 310 2089 538 2130; x_wconf 87' lang='lat' dir='ltr'>expresse</span> <span class='ocrx_word' id='word_1_237' title='bbox 567 2077 613 2118; x_wconf 92' lang='lat' dir='ltr'>in</span> <span class='ocrx_word' id='word_1_238' title='bbox 640 2077 731 2118; x_wconf 86' lang='lat' dir='ltr'>hiis</span> <span class='ocrx_word' id='word_1_239' title='bbox 758 2076 942 2128; x_wconf 89' lang='lat' dir='ltr'>scriptis</span> <span class='ocrx_word' id='word_1_240' title='bbox 968 2078 1179 2117; x_wconf 93' lang='lat' dir='ltr'>oratores</span> <span class='ocrx_word' id='word_1_241' title='bbox 1206 2074 1414 2127; x_wconf 36' lang='lat' dir='ltr'>etflegati</span> <span class='ocrx_word' id='word_1_242' title='bbox 1444 2072 1638 2126; x_wconf 90' lang='lat' dir='ltr'>predicti</span> <span class='ocrx_word' id='word_1_243' title='bbox 1666 2085 1750 2125; x_wconf 92' lang='lat' dir='ltr'>pro</span> <span class='ocrx_word' id='word_1_244' title='bbox 1778 2084 1827 2113; x_wconf 91' lang='lat' dir='ltr'>se</span> <span class='ocrx_word' id='word_1_245' title='bbox 1857 2075 1899 2113; x_wconf 91' lang='lat' dir='ltr'>et</span> 
     </span>
     <span class='ocr_line' id='line_1_28' title="bbox 133 2144 1900 2201; baseline -0.005 -11"><span class='ocrx_word' id='word_1_246' title='bbox 133 2159 218 2200; x_wconf 89' lang='lat' dir='ltr'>pro</span> <span class='ocrx_word' id='word_1_247' title='bbox 249 2160 343 2190; x_wconf 89' lang='lat' dir='ltr'>rev.</span> <span class='ocrx_word' id='word_1_248' title='bbox 376 2160 417 2201; x_wconf 89' lang='lat' dir='ltr'>p.</span> <span class='ocrx_word' id='word_1_249' title='bbox 450 2150 495 2189; x_wconf 92' lang='lat' dir='ltr'>et</span> <span class='ocrx_word' id='word_1_250' title='bbox 527 2147 568 2189; x_wconf 92' lang='lat' dir='ltr'>d.</span> <span class='ocrx_word' id='word_1_251' title='bbox 602 2146 809 2200; x_wconf 81' lang='lat' dir='ltr'>prelatis,</span> <span class='ocrx_word' id='word_1_252' title='bbox 841 2146 1107 2188; x_wconf 89' lang='lat' dir='ltr'>doctoribus</span> <span class='ocrx_word' id='word_1_253' title='bbox 1138 2148 1183 2186; x_wconf 88' lang='lat' dir='ltr'>et</span> <span class='ocrx_word' id='word_1_254' title='bbox 1215 2144 1319 2187; x_wconf 92' lang='lat' dir='ltr'>aliis</span> <span class='ocrx_word' id='word_1_255' title='bbox 1352 2144 1409 2186; x_wconf 90' lang='lat' dir='ltr'>de</span> <span class='ocrx_word' id='word_1_256' title='bbox 1443 2144 1725 2186; x_wconf 89' lang='lat' dir='ltr'>Francorum</span> <span class='ocrx_word' id='word_1_257' title='bbox 1757 2155 1900 2194; x_wconf 88' lang='lat' dir='ltr'>regno</span> 
     </span>
     <span class='ocr_line' id='line_1_29' title="bbox 136 2213 1900 2270; baseline -0.003 -10"><span class='ocrx_word' id='word_1_258' title='bbox 136 2217 330 2261; x_wconf 85' lang='lat' dir='ltr'>subditis</span> <span class='ocrx_word' id='word_1_259' title='bbox 350 2221 397 2260; x_wconf 90' lang='lat' dir='ltr'>et</span> <span class='ocrx_word' id='word_1_260' title='bbox 418 2218 615 2261; x_wconf 88' lang='lat' dir='ltr'>vassalis</span> <span class='ocrx_word' id='word_1_261' title='bbox 639 2218 902 2270; x_wconf 88' lang='lat' dir='ltr'>ubicunque</span> <span class='ocrx_word' id='word_1_262' title='bbox 926 2216 1234 2258; x_wconf 85' lang='lat' dir='ltr'>existentibus</span> <span class='ocrx_word' id='word_1_263' title='bbox 1257 2215 1486 2258; x_wconf 88' lang='lat' dir='ltr'>adherere</span> <span class='ocrx_word' id='word_1_264' title='bbox 1510 2214 1615 2256; x_wconf 91' lang='lat' dir='ltr'>huic</span> <span class='ocrx_word' id='word_1_265' title='bbox 1637 2213 1900 2255; x_wconf 73' lang='lat' dir='ltr'>volentibus</span> 
     </span>
     <span class='ocr_line' id='line_1_30' title="bbox 134 2284 1900 2342; baseline -0.004 -11"><span class='ocrx_word' id='word_1_266' title='bbox 134 2291 224 2331; x_wconf 87' lang='lat' dir='ltr'>tam</span> <span class='ocrx_word' id='word_1_267' title='bbox 254 2289 551 2342; x_wconf 91' lang='lat' dir='ltr'>presentibus</span> <span class='ocrx_word' id='word_1_268' title='bbox 583 2292 626 2331; x_wconf 94' lang='lat' dir='ltr'>et</span> <span class='ocrx_word' id='word_1_269' title='bbox 656 2288 839 2339; x_wconf 88' lang='lat' dir='ltr'>futuris,</span> <span class='ocrx_word' id='word_1_270' title='bbox 869 2288 991 2340; x_wconf 91' lang='lat' dir='ltr'>quod</span> <span class='ocrx_word' id='word_1_271' title='bbox 1021 2288 1190 2337; x_wconf 82' lang='lat' dir='ltr'>omnia,</span> <span class='ocrx_word' id='word_1_272' title='bbox 1221 2299 1309 2339; x_wconf 92' lang='lat' dir='ltr'>que</span> <span class='ocrx_word' id='word_1_273' title='bbox 1341 2289 1481 2339; x_wconf 89' lang='lat' dir='ltr'>agunt</span> <span class='ocrx_word' id='word_1_274' title='bbox 1510 2288 1554 2327; x_wconf 92' lang='lat' dir='ltr'>et</span> <span class='ocrx_word' id='word_1_275' title='bbox 1586 2297 1724 2338; x_wconf 87' lang='lat' dir='ltr'>agere</span> <span class='ocrx_word' id='word_1_276' title='bbox 1755 2284 1900 2325; x_wconf 89' lang='lat' dir='ltr'>inten-</span> 
     </span>
     <span class='ocr_line' id='line_1_31' title="bbox 136 2357 1898 2413; baseline -0.003 -13"><span class='ocrx_word' id='word_1_277' title='bbox 136 2358 247 2402; x_wconf 93' lang='lat' dir='ltr'>dunt</span> <span class='ocrx_word' id='word_1_278' title='bbox 268 2360 313 2402; x_wconf 89' lang='lat' dir='ltr'>in</span> <span class='ocrx_word' id='word_1_279' title='bbox 334 2372 445 2413; x_wconf 91' lang='lat' dir='ltr'>pace</span> <span class='ocrx_word' id='word_1_280' title='bbox 467 2359 781 2401; x_wconf 85' lang='lat' dir='ltr'>ecclesiastica</span> <span class='ocrx_word' id='word_1_281' title='bbox 802 2357 1109 2411; x_wconf 88' lang='lat' dir='ltr'>procuranda,</span> <span class='ocrx_word' id='word_1_282' title='bbox 1132 2358 1193 2399; x_wconf 91' lang='lat' dir='ltr'>ita</span> <span class='ocrx_word' id='word_1_283' title='bbox 1215 2357 1398 2398; x_wconf 91' lang='lat' dir='ltr'>demum</span> <span class='ocrx_word' id='word_1_284' title='bbox 1421 2367 1561 2409; x_wconf 89' lang='lat' dir='ltr'>agere</span> <span class='ocrx_word' id='word_1_285' title='bbox 1582 2359 1626 2396; x_wconf 92' lang='lat' dir='ltr'>et</span> <span class='ocrx_word' id='word_1_286' title='bbox 1648 2366 1898 2408; x_wconf 88' lang='lat' dir='ltr'>procurare</span> 
     </span>
     <span class='ocr_line' id='line_1_32' title="bbox 136 2426 1900 2484; baseline -0.004 -12"><span class='ocrx_word' id='word_1_287' title='bbox 136 2430 307 2483; x_wconf 90' lang='lat' dir='ltr'>volunt,</span> <span class='ocrx_word' id='word_1_288' title='bbox 340 2433 439 2473; x_wconf 88' lang='lat' dir='ltr'>acta</span> <span class='ocrx_word' id='word_1_289' title='bbox 472 2433 517 2472; x_wconf 92' lang='lat' dir='ltr'>et</span> <span class='ocrx_word' id='word_1_290' title='bbox 549 2433 678 2484; x_wconf 85' lang='lat' dir='ltr'>gesta</span> <span class='ocrx_word' id='word_1_291' title='bbox 715 2432 930 2482; x_wconf 89' lang='lat' dir='ltr'>reputant</span> <span class='ocrx_word' id='word_1_292' title='bbox 963 2432 1007 2470; x_wconf 91' lang='lat' dir='ltr'>et</span> <span class='ocrx_word' id='word_1_293' title='bbox 1043 2431 1261 2481; x_wconf 87' lang='lat' dir='ltr'>reputare</span> <span class='ocrx_word' id='word_1_294' title='bbox 1297 2426 1541 2469; x_wconf 91' lang='lat' dir='ltr'>intendunt</span> <span class='ocrx_word' id='word_1_295' title='bbox 1575 2426 1728 2467; x_wconf 86' lang='lat' dir='ltr'>valida</span> <span class='ocrx_word' id='word_1_296' title='bbox 1765 2428 1900 2477; x_wconf 82' lang='lat' dir='ltr'>atquc</span> 
     </span>
     <span class='ocr_line' id='line_1_33' title="bbox 137 2495 1901 2553; baseline -0.003 -12"><span class='ocrx_word' id='word_1_297' title='bbox 137 2499 273 2544; x_wconf 87' lang='lat' dir='ltr'>firma</span> <span class='ocrx_word' id='word_1_298' title='bbox 296 2501 482 2543; x_wconf 91' lang='lat' dir='ltr'>nomine</span> <span class='ocrx_word' id='word_1_299' title='bbox 510 2500 616 2542; x_wconf 86' lang='lat' dir='ltr'>dicti</span> <span class='ocrx_word' id='word_1_300' title='bbox 643 2501 766 2553; x_wconf 86' lang='lat' dir='ltr'>regis</span> <span class='ocrx_word' id='word_1_301' title='bbox 792 2503 837 2541; x_wconf 90' lang='lat' dir='ltr'>et</span> <span class='ocrx_word' id='word_1_302' title='bbox 862 2512 959 2551; x_wconf 89' lang='lat' dir='ltr'>suo,</span> <span class='ocrx_word' id='word_1_303' title='bbox 987 2499 1024 2542; x_wconf 94' lang='lat' dir='ltr'>si</span> <span class='ocrx_word' id='word_1_304' title='bbox 1051 2498 1095 2540; x_wconf 93' lang='lat' dir='ltr'>in</span> <span class='ocrx_word' id='word_1_305' title='bbox 1123 2511 1236 2552; x_wconf 85' lang='lat' dir='ltr'>pace</span> <span class='ocrx_word' id='word_1_306' title='bbox 1262 2497 1474 2551; x_wconf 90' lang='lat' dir='ltr'>plenaria</span> <span class='ocrx_word' id='word_1_307' title='bbox 1500 2499 1545 2539; x_wconf 90' lang='lat' dir='ltr'>et</span> <span class='ocrx_word' id='word_1_308' title='bbox 1572 2509 1735 2539; x_wconf 88' lang='lat' dir='ltr'>secura</span> <span class='ocrx_word' id='word_1_309' title='bbox 1763 2495 1901 2537; x_wconf 87' lang='lat' dir='ltr'>liber-</span> 
     </span>
     <span class='ocr_line' id='line_1_34' title="bbox 136 2566 1900 2625; baseline -0.003 -13"><span class='ocrx_word' id='word_1_310' title='bbox 136 2573 226 2613; x_wconf 84' lang='lat' dir='ltr'>tate</span> <span class='ocrx_word' id='word_1_311' title='bbox 257 2574 386 2625; x_wconf 85' lang='lat' dir='ltr'>gesta</span> <span class='ocrx_word' id='word_1_312' title='bbox 416 2574 493 2614; x_wconf 89' lang='lat' dir='ltr'>aut</span> <span class='ocrx_word' id='word_1_313' title='bbox 524 2571 781 2624; x_wconf 88' lang='lat' dir='ltr'>approbata</span> <span class='ocrx_word' id='word_1_314' title='bbox 813 2570 989 2612; x_wconf 87' lang='lat' dir='ltr'>fuerint</span> <span class='ocrx_word' id='word_1_315' title='bbox 1021 2570 1078 2611; x_wconf 87' lang='lat' dir='ltr'>ab</span> <span class='ocrx_word' id='word_1_316' title='bbox 1110 2569 1303 2611; x_wconf 90' lang='lat' dir='ltr'>eisdem.</span> <span class='ocrx_word' id='word_1_317' title='bbox 1350 2568 1515 2610; x_wconf 88' lang='lat' dir='ltr'>Cetera</span> <span class='ocrx_word' id='word_1_318' title='bbox 1547 2570 1697 2609; x_wconf 91' lang='lat' dir='ltr'>autem</span> <span class='ocrx_word' id='word_1_319' title='bbox 1732 2566 1900 2614; x_wconf 75' lang='lat' dir='ltr'>omnia,</span> 
     </span>
     <span class='ocr_line' id='line_1_35' title="bbox 139 2636 1901 2696; baseline -0.004 -12"><span class='ocrx_word' id='word_1_320' title='bbox 139 2642 177 2684; x_wconf 87' lang='lat' dir='ltr'>si</span> <span class='ocrx_word' id='word_1_321' title='bbox 200 2654 290 2696; x_wconf 91' lang='lat' dir='ltr'>que</span> <span class='ocrx_word' id='word_1_322' title='bbox 314 2654 398 2696; x_wconf 91' lang='lat' dir='ltr'>per</span> <span class='ocrx_word' id='word_1_323' title='bbox 423 2655 504 2685; x_wconf 91' lang='lat' dir='ltr'>eos</span> <span class='ocrx_word' id='word_1_324' title='bbox 529 2642 636 2683; x_wconf 87' lang='lat' dir='ltr'>fieri</span> <span class='ocrx_word' id='word_1_325' title='bbox 662 2642 982 2694; x_wconf 90' lang='lat' dir='ltr'>contingerent</span> <span class='ocrx_word' id='word_1_326' title='bbox 1006 2643 1138 2682; x_wconf 87' lang='lat' dir='ltr'>extra</span> <span class='ocrx_word' id='word_1_327' title='bbox 1164 2639 1366 2681; x_wconf 91' lang='lat' dir='ltr'>debitam</span> <span class='ocrx_word' id='word_1_328' title='bbox 1394 2639 1670 2688; x_wconf 72' lang='lat' dir='ltr'>libertatem,</span> <span class='ocrx_word' id='word_1_329' title='bbox 1696 2636 1901 2678; x_wconf 90' lang='lat' dir='ltr'>christia-</span> 
     </span>
     <span class='ocr_line' id='line_1_36' title="bbox 140 2707 1902 2766; baseline -0.004 -13"><span class='ocrx_word' id='word_1_330' title='bbox 140 2711 329 2755; x_wconf 90' lang='lat' dir='ltr'>nissimo</span> <span class='ocrx_word' id='word_1_331' title='bbox 353 2714 449 2766; x_wconf 86' lang='lat' dir='ltr'>regi</span> <span class='ocrx_word' id='word_1_332' title='bbox 477 2725 713 2765; x_wconf 90' lang='lat' dir='ltr'>regnoque</span> <span class='ocrx_word' id='word_1_333' title='bbox 739 2712 1021 2753; x_wconf 91' lang='lat' dir='ltr'>Francorum</span> <span class='ocrx_word' id='word_1_334' title='bbox 1047 2714 1123 2753; x_wconf 89' lang='lat' dir='ltr'>aut</span> <span class='ocrx_word' id='word_1_335' title='bbox 1148 2709 1344 2752; x_wconf 91' lang='lat' dir='ltr'>subditis</span> <span class='ocrx_word' id='word_1_336' title='bbox 1369 2709 1580 2751; x_wconf 90' lang='lat' dir='ltr'>eiusdem</span> <span class='ocrx_word' id='word_1_337' title='bbox 1606 2720 1757 2760; x_wconf 85' lang='lat' dir='ltr'>neque</span> <span class='ocrx_word' id='word_1_338' title='bbox 1784 2707 1902 2759; x_wconf 89' lang='lat' dir='ltr'>ipsa-</span> 
     </span>
     <span class='ocr_line' id='line_1_37' title="bbox 140 2777 1899 2834; baseline -0.004 -10"><span class='ocrx_word' id='word_1_339' title='bbox 140 2785 229 2825; x_wconf 90' lang='lat' dir='ltr'>met</span> <span class='ocrx_word' id='word_1_340' title='bbox 257 2782 535 2826; x_wconf 87' lang='lat' dir='ltr'>facientibus</span> <span class='ocrx_word' id='word_1_341' title='bbox 566 2795 686 2824; x_wconf 88' lang='lat' dir='ltr'>nunc</span> <span class='ocrx_word' id='word_1_342' title='bbox 718 2795 800 2824; x_wconf 86' lang='lat' dir='ltr'>seu</span> <span class='ocrx_word' id='word_1_343' title='bbox 833 2782 949 2824; x_wconf 88' lang='lat' dir='ltr'>alias</span> <span class='ocrx_word' id='word_1_344' title='bbox 981 2780 1289 2834; x_wconf 89' lang='lat' dir='ltr'>preiudicium</span> <span class='ocrx_word' id='word_1_345' title='bbox 1321 2778 1665 2832; x_wconf 89' lang='lat' dir='ltr'>quomodolibet</span> <span class='ocrx_word' id='word_1_346' title='bbox 1697 2777 1899 2819; x_wconf 89' lang='lat' dir='ltr'>afferant</span> 
     </span>
     <span class='ocr_line' id='line_1_38' title="bbox 120 2846 1899 2915; baseline -0.003 -22"><span class='ocrx_word' id='word_1_347' title='bbox 120 2853 213 2915; x_wconf 20' lang='lat' dir='ltr'>*vel</span> <span class='ocrx_word' id='word_1_348' title='bbox 237 2853 484 2905; x_wconf 86' lang='lat' dir='ltr'>ascribant,</span> <span class='ocrx_word' id='word_1_349' title='bbox 510 2853 607 2905; x_wconf 88' lang='lat' dir='ltr'>sed,</span> <span class='ocrx_word' id='word_1_350' title='bbox 634 2854 748 2896; x_wconf 92' lang='lat' dir='ltr'>sicut</span> <span class='ocrx_word' id='word_1_351' title='bbox 774 2864 1003 2894; x_wconf 88' lang='lat' dir='ltr'>consensu</span> <span class='ocrx_word' id='word_1_352' title='bbox 1029 2854 1257 2903; x_wconf 90' lang='lat' dir='ltr'>carerent,</span> <span class='ocrx_word' id='word_1_353' title='bbox 1285 2852 1344 2892; x_wconf 90' lang='lat' dir='ltr'>ita</span> <span class='ocrx_word' id='word_1_354' title='bbox 1371 2849 1584 2892; x_wconf 87' lang='lat' dir='ltr'>efficacie</span> <span class='ocrx_word' id='word_1_355' title='bbox 1611 2849 1786 2889; x_wconf 92' lang='lat' dir='ltr'>nullius</span> <span class='ocrx_word' id='word_1_356' title='bbox 1812 2846 1899 2888; x_wconf 84' lang='lat' dir='ltr'>sint</span> 
     </span>
     <span class='ocr_line' id='line_1_39' title="bbox 141 2918 1901 2977; baseline -0.004 -13"><span class='ocrx_word' id='word_1_357' title='bbox 141 2922 212 2965; x_wconf 85' lang='lat' dir='ltr'>vel</span> <span class='ocrx_word' id='word_1_358' title='bbox 245 2924 475 2967; x_wconf 88' lang='lat' dir='ltr'>momenti.</span> <span class='ocrx_word' id='word_1_359' title='bbox 521 2924 588 2966; x_wconf 92' lang='lat' dir='ltr'>De</span> <span class='ocrx_word' id='word_1_360' title='bbox 620 2923 863 2977; x_wconf 87' lang='lat' dir='ltr'>premissis</span> <span class='ocrx_word' id='word_1_361' title='bbox 894 2926 1046 2965; x_wconf 88' lang='lat' dir='ltr'>autem</span> <span class='ocrx_word' id='word_1_362' title='bbox 1079 2921 1224 2963; x_wconf 88' lang='lat' dir='ltr'>nostri</span> <span class='ocrx_word' id='word_1_363' title='bbox 1257 2921 1534 2971; x_wconf 82' lang='lat' dir='ltr'>intencione,</span> <span class='ocrx_word' id='word_1_364' title='bbox 1566 2918 1901 2965; x_wconf 85' lang='lat' dir='ltr'>declaracione,</span> 
     </span>
     <span class='ocr_line' id='line_1_40' title="bbox 142 2988 1901 3047; baseline -0.001 -13"><span class='ocrx_word' id='word_1_365' title='bbox 142 2994 449 3047; x_wconf 88' lang='lat' dir='ltr'>requisicione</span> <span class='ocrx_word' id='word_1_366' title='bbox 491 2998 535 3036; x_wconf 89' lang='lat' dir='ltr'>et</span> <span class='ocrx_word' id='word_1_367' title='bbox 577 2995 917 3047; x_wconf 84' lang='lat' dir='ltr'>protestacione</span> <span class='ocrx_word' id='word_1_368' title='bbox 961 2993 1005 3034; x_wconf 92' lang='lat' dir='ltr'>in</span> <span class='ocrx_word' id='word_1_369' title='bbox 1050 3001 1281 3034; x_wconf 75' lang='lat' dir='ltr'>revmorum</span> <span class='ocrx_word' id='word_1_370' title='bbox 1324 3004 1366 3044; x_wconf 88' lang='lat' dir='ltr'>p.</span> <span class='ocrx_word' id='word_1_371' title='bbox 1410 2994 1454 3032; x_wconf 91' lang='lat' dir='ltr'>et</span> <span class='ocrx_word' id='word_1_372' title='bbox 1497 2990 1539 3031; x_wconf 91' lang='lat' dir='ltr'>d.</span> <span class='ocrx_word' id='word_1_373' title='bbox 1583 2988 1901 3032; x_wconf 78' lang='lat' dir='ltr'>cardinalium.</span> 
     </span>
     <span class='ocr_line' id='line_1_41' title="bbox 141 3058 1900 3117; baseline -0.005 -11"><span class='ocrx_word' id='word_1_374' title='bbox 141 3065 520 3116; x_wconf 84' lang='lat' dir='ltr'>patriarcharum,</span> <span class='ocrx_word' id='word_1_375' title='bbox 553 3064 1021 3117; x_wconf 89' lang='lat' dir='ltr'>archiepiscoporum,</span> <span class='ocrx_word' id='word_1_376' title='bbox 1054 3063 1392 3115; x_wconf 90' lang='lat' dir='ltr'>episcoporum,</span> <span class='ocrx_word' id='word_1_377' title='bbox 1427 3061 1658 3110; x_wconf 85' lang='lat' dir='ltr'>abbatum,</span> <span class='ocrx_word' id='word_1_378' title='bbox 1694 3058 1900 3106; x_wconf 89' lang='lat' dir='ltr'>militurn,</span> 
     </span>
    </p>
   </div>
  </div>
 </body>
</html>
