2227 3434
818 154 909 188 1416
937 155 1030 190 Juni
1059 154 1113 188 18.
1764 156 1848 198 451

81 274 233 328 copali
255 273 513 327 presidere,
535 273 710 326 primos
733 273 968 314 accubitus
990 274 1036 314 in
1058 274 1186 316 cenis
1206 273 1381 315 habere
1402 277 1450 315 et
1468 274 1783 316 salutaciones
1804 275 1851 315 in

82 344 200 398 foro,
227 347 275 386 et
303 345 457 385 vocari
490 344 547 385 ab
578 343 791 385 omnibus
822 344 969 385 rabbi.
1012 343 1142 395 Quod
1173 344 1358 396 quidem
1390 348 1482 386 tam
1513 344 1701 386 anxium
1733 344 1851 385 desi-

85 415 266 456 derium
306 428 364 457 sc.
403 415 566 468 papari
608 414 681 455 vel
721 414 982 466 episcopari
1022 427 1114 455 non
1153 418 1263 467 puto
1302 427 1387 456 nec
1426 415 1565 456 credo
1604 427 1708 456 esse
1750 415 1849 457 sine

82 489 270 538 peccato
306 485 502 538 mortali,
539 485 628 527 nisi
666 485 757 527 tale
796 485 1082 526 desiderium
1119 485 1344 538 dirigatur
1382 489 1427 527 et
1462 486 1700 538 regulatur
1738 486 1851 527 cari-

81 559 173 598 tate
205 568 330 609 vera,
365 568 455 609 que
489 556 692 597 omnium
726 559 907 597 actuum
940 555 1282 597 meritoriorum
1317 559 1360 598 et
1394 556 1619 598 bonorum
1654 559 1850 597 metrum

82 630 152 669 est
191 626 507 680 iustissimum,
545 626 847 679 equissimum
888 626 1084 679 pondus,
1123 639 1360 679 numerus,
1399 630 1443 668 et
1482 639 1719 679 mensura,
1761 639 1849 680 que

81 697 248 740 caritas
290 700 423 739 extra
467 698 602 739 mittit
641 709 825 738 omnem
867 697 1093 749 timorem,
1138 709 1321 738 omnem
1364 698 1618 750 appetitum
1660 698 1720 739 ad
1762 701 1850 739 ter-

82 780 197 811 rena
238 769 507 810 inclinatum
546 772 591 810 et
631 780 766 810 omne
808 767 1092 810 desiderium
1134 768 1390 819 mundiale;
1433 769 1490 810 de
1532 781 1622 821 qua
1661 768 1849 810 caritate

82 839 141 880 ad
161 851 360 892 presens
381 852 472 881 non
494 840 600 892 plus
623 851 694 880 me
716 839 932 890 extendo,
954 838 1171 891 quoniam
1195 839 1251 880 de
1274 839 1375 892 ipsa
1398 839 1580 881 Christo
1601 839 1849 882 adiuvante

82 922 306 962 compono
336 922 477 951 unum
507 910 814 962 tractatulum,
846 922 984 962 quem
1015 922 1073 950 ex
1103 922 1225 951 nunc
1254 922 1339 963 pro
1370 913 1477 952 tunc
1506 914 1551 952 et
1580 914 1684 952 tunc
1714 913 1851 963 prout

79 993 201 1022 nunc
227 980 450 1024 submitto
479 981 760 1023 correccioni
793 984 949 1023 sancte
982 980 1141 1022 matris
1174 981 1369 1022 ecclesie
1402 981 1636 1033 presentis
1668 981 1850 1022 concilii

82 1051 319 1105 futurique
355 1052 519 1093 summi
548 1051 806 1104 pontificis.
855 1052 969 1094 Sunt
1003 1064 1114 1104 ergo
1148 1051 1261 1093 Jesu
1297 1051 1468 1094 Christi
1505 1052 1771 1094 sacerdotes
1806 1055 1851 1093 et

80 1123 329 1175 pontifices
363 1123 642 1164 immaculati
677 1126 721 1164 et
755 1123 914 1175 sancti,
948 1123 1005 1163 de
1041 1123 1210 1176 quibus
1244 1122 1386 1164 Levit.
1420 1123 1484 1164 XI
1520 1122 1685 1164 dicitur
1719 1126 1764 1164 et
1798 1123 1850 1164 19

81 1193 299 1246 capitulo:
349 1193 530 1246 „Sancti
566 1196 727 1246 estote,
765 1194 873 1246 quia
908 1205 993 1246 ego
1030 1196 1214 1235 sanctus
1252 1194 1380 1235 sum“
1418 1193 1715 1246 offerantque
1754 1193 1851 1235 Deo

83 1263 364 1306 sacrificium
391 1265 734 1306 immaculatum
761 1265 935 1306 scilicet
963 1277 1130 1317 agnum
1159 1265 1516 1317 immaculatum,
1543 1264 1759 1317 quoniam
1788 1265 1851 1307 sic

85 1335 297 1378 Christus
336 1336 420 1377 hoc
460 1335 742 1377 sacrificium
782 1335 990 1388 instituit,
1031 1336 1160 1377 cuius
1202 1335 1410 1377 officium
1452 1335 1669 1377 committi
1709 1336 1854 1377 voluit

84 1406 198 1449 solis
233 1406 563 1460 presbyteris¹)
601 1418 754 1459 neque
791 1407 916 1448 enim
951 1406 1061 1448 fecit
1100 1406 1225 1448 Deus
1262 1409 1309 1448 ut
1344 1406 1480 1448 nobis
1517 1406 1640 1448 omni
1676 1405 1852 1447 nationi

86 1477 181 1531 (Ps.
211 1476 332 1532 140),
358 1489 443 1519 nec
469 1480 539 1519 est
566 1480 641 1519 aut
668 1476 755 1519 fuit
782 1476 1033 1530 aliquando
1059 1480 1151 1519 tam
1177 1477 1367 1530 grandis
1394 1477 1540 1530 nacio,
1567 1489 1656 1530 que
1682 1476 1853 1518 habeat

83 1547 195 1590 deos
224 1548 655 1601 appropinquantes
684 1548 771 1590 sibi
800 1548 915 1591 sicut
942 1549 1069 1590 Deus
1096 1551 1255 1590 noster
1284 1548 1416 1590 adest
1443 1548 1578 1590 nobis
1604 1547 1651 1589 in
1678 1548 1852 1589 cunctis

82 1618 489 1662 obsecracionibus
511 1620 698 1673 nostris,
723 1619 940 1662 scribitur
967 1619 1111 1673 (Deut
1131 1619 1159 1660 4
1195 1619 1269 1672 c.).
1307 1619 1422 1670 Quia
1446 1619 1530 1661 hoc
1555 1618 1851 1670 sacrificium,

83 1702 142 1732 sc.
169 1689 340 1732 Christi
367 1702 474 1732 caro
499 1690 793 1732 immaculata
818 1694 886 1732 est
914 1690 1191 1732 mirabiliter
1218 1690 1264 1731 in
1291 1690 1454 1743 hostia,
1481 1702 1542 1731 sc.
1568 1692 1661 1732 tota
1687 1689 1734 1731 in
1759 1692 1852 1731 toto

83 1764 127 1803 et
149 1763 242 1809 tota
266 1760 313 1802 in
337 1761 545 1814 qualibet
567 1761 670 1803 eius
693 1764 825 1814 parte
851 1764 895 1803 et
920 1761 978 1803 ad
1002 1773 1185 1803 omnem
1210 1764 1429 1814 punctum
1454 1761 1648 1814 integra,
1673 1772 1758 1801 nec
1782 1762 1851 1801 est

83 1831 145 1873 ibi
174 1832 382 1884 parcium
413 1834 490 1874 aut
519 1832 833 1874 membrorum
863 1832 1070 1885 corporis
1101 1831 1272 1873 Christi
1302 1831 1527 1886 confusio,
1557 1831 1664 1884 quia
1693 1833 1851 1884 partes

83 1902 183 1945 eius
217 1915 310 1945 non
345 1902 689 1956 distinguuntur
725 1903 788 1944 ibi
825 1903 1078 1944 secundum
1113 1902 1325 1944 ordinem
1359 1901 1612 1955 posicionis
1644 1902 1852 1955 parcium

84 1974 129 2015 in
152 1974 265 2027 loco,
287 1976 332 2015 et
353 1973 391 2016 si
412 1973 768 2027 distinguantur,
791 1973 1045 2015 secundum
1067 1973 1278 2015 ordinem
1300 1973 1551 2027 posicionis
1571 1973 1780 2026 parcium
1804 1973 1850 2014 in

83 2047 188 2097 toto,
227 2044 445 2097 quoniam
483 2044 761 2098 ubicumque
798 2057 909 2098 pars
946 2045 1154 2098 corporis
1194 2044 1364 2087 Christi
1401 2046 1484 2097 est,
1525 2044 1587 2085 ibi
1625 2047 1671 2086 et
1707 2046 1850 2085 totum

83 2127 252 2169 corpus
274 2114 445 2158 Christi
469 2119 538 2158 est
565 2116 643 2169 (de
667 2115 1021 2158 consecracione
1046 2115 1091 2157 di
1115 2115 1154 2157 2.
1176 2118 1227 2157 ut
1245 2127 1391 2168 supra
1414 2116 1482 2157 ca⁰
1505 2115 1585 2156 ubi
1609 2127 1719 2167 pars
1742 2115 1850 2168 est).

81 2185 154 2228 Sic
186 2197 297 2240 ergo
328 2186 500 2229 veritas
530 2186 662 2228 tercii
694 2186 889 2228 membri
923 2186 1068 2239 adest,
1101 2186 1275 2228 scilicet
1305 2186 1428 2238 quod
1461 2198 1567 2228 caro
1601 2185 1772 2227 Christi
1804 2184 1850 2225 in

82 2257 242 2299 altaris
278 2260 567 2300 sacramento
603 2260 672 2300 est
708 2260 897 2310 captura
936 2257 1182 2299 illocabilis
1219 2257 1412 2299 abiectis
1445 2255 1769 2310 protractibus,
1807 2258 1850 2297 et

83 2328 146 2369 sic
172 2329 321 2370 solum
346 2331 417 2371 est
441 2328 878 2381 comprehensibilis
905 2328 1051 2370 oculis
1077 2327 1359 2370 mentalibus
1385 2327 1508 2380 quod
1534 2326 1619 2368 fuit
1644 2326 1849 2368 tercium.

200 2398 304 2440 D1xi
331 2402 495 2452 quarto
521 2399 690 2441 Christi
717 2411 903 2441 carnem
931 2398 975 2439 in
1002 2399 1163 2440 altaris
1189 2400 1479 2440 sacramento
1504 2398 1708 2439 existere
1734 2396 1850 2438 frac-

82 2471 186 2512 tura
219 2468 549 2522 impartibilem
585 2482 842 2512 connexam
877 2482 936 2511 ex
969 2469 1194 2522 partibus.
1241 2469 1336 2510 Hoc
1372 2468 1436 2511 sic
1469 2468 1706 2521 probetur.
1755 2467 1848 2508 Etsi

81 2541 267 2583 excelsa
296 2540 455 2583 Deitas
484 2552 671 2593 semper
699 2541 900 2593 simplex
929 2541 987 2582 sit
1014 2539 1214 2592 omnino,
1244 2539 1349 2581 ideo
1378 2538 1679 2581 indivisibilis
1707 2541 1776 2580 est
1805 2540 1848 2578 et

80 2610 375 2664 impartibilis
411 2610 579 2653 existat
615 2612 738 2653 omni
777 2610 1049 2664 simpliciter
1085 2623 1250 2652 carens
1284 2610 1639 2663 composicione,
1676 2609 1721 2650 in
1759 2619 1848 2661 qua

82 2682 212 2724 nulla
251 2685 321 2724 est
360 2682 635 2735 partialitas,
674 2682 803 2723 nulla
844 2681 1174 2733 multiplicitas,
1215 2681 1344 2722 nulla
1385 2679 1679 2732 differencia,
1720 2678 1847 2719 nulla

83 2751 282 2804 qualitas
310 2755 385 2794 aut
413 2752 645 2804 quantitas
668 2756 750 2794 'aut
778 2751 993 2804 figuralis
1021 2752 1237 2803 varietas,
1267 2751 1349 2793 sed
1378 2753 1447 2792 est
1476 2749 1739 2792 omnimodo
1768 2748 1849 2790 ibi-

82 2822 228 2876 demss)
253 2823 584 2876 imparcialiter
604 2826 745 2864 totum
767 2835 955 2875 semper
972 2826 1018 2864 et
1039 2834 1157 2874 eque
1179 2822 1324 2863 semel
1345 2824 1391 2862 et
1410 2820 1545 2863 simul
1567 2831 1848 2872 permanens

82 2905 249 2946 corpus
285 2892 455 2935 Christi
493 2893 719 2934 divinitati
759 2893 949 2945 unitum,
986 2892 1109 2944 quod
1147 2891 1337 2944 spiritus
1374 2891 1517 2933 sancti
1556 2889 1846 2931 illuminante

186 3002 216 3023 ευ
241 2996 297 3022 leet·
317 2995 439 3022 cadem.

204 3057 233 3098 ¹)
260 3056 342 3090 „lus
367 3056 453 3089 dem
481 3054 735 3097 Festhymnus
760 3055 829 3089 der
856 3054 1018 3088 Matium
1044 3053 1171 3087 dieses
1198 3053 1327 3095 Tagyes.

1544 3109 1598 3149 929
1615 3106 1634 3129 ²*
