2102 3444
201 158 285 201 464
558 157 600 191 ΙΙ.
633 157 842 192 Abschnitt.
886 157 1091 191 Sermones
1121 157 1269 191 concilii
1302 156 1621 193 Constanciensis.

202 277 406 317 omnium
432 276 627 328 insonat,
654 279 698 316 ut
723 287 884 317 omnes
908 278 1199 327 peccatorum
1224 288 1416 329 magnas
1439 277 1597 330 lepras
1621 276 1679 319 ad
1703 289 1971 330 supremum

202 346 491 389 sacerdotum
524 346 813 398 pertinentes
844 345 1061 387 iudicium
1093 346 1150 388 ad
1182 350 1450 399 presentem
1481 347 1716 390 remittant
1745 348 1972 401 synodum

201 430 250 458 ac
282 417 319 460 si
349 420 562 470 patenter
594 416 761 458 Christi
795 429 905 458 voce
937 416 1106 458 dicant:
1156 417 1235 470 lte,
1267 417 1495 460 ostendite
1526 431 1608 460 vos
1639 418 1971 461 sacerdotibus.

201 488 272 529 Sic
301 481 487 530 adeius
514 487 734 528 iudicium
762 487 916 528 delate
945 490 1050 529 sunt
1077 488 1207 541 lepre
1236 489 1441 530 heretice
1470 488 1855 544 Wiklefistarum,
1881 501 1971 543 que

201 559 432 600 vexabant
460 558 674 610 Angliam
704 561 762 610 et,
792 558 896 610 lieu,
926 558 1063 600 hodie
1092 558 1253 600 fedant
1282 559 1564 612 Bohemiam,
1592 563 1636 602 et
1666 559 1786 602 iusto
1814 559 1899 602 Dei
1927 563 1972 602 et

201 630 395 671 ecclesie
424 628 591 670 iudicio
615 641 716 670 cum
742 629 837 671 suis
861 629 1173 672 assertoribus
1199 629 1550 683 condempnate.
1587 630 1661 673 Sic
1687 631 1840 673 delate
1866 634 1972 673 sunt

199 701 491 741 asserciones
527 703 740 752 suspecte
776 700 832 741 de
872 700 1078 753 Francia,
1115 713 1310 753 quarum
1347 701 1495 742 adhuc
1528 701 1703 754 pendet
1737 701 1969 744 iudicium.

198 771 270 813 Sic
301 771 453 812 delate
486 774 592 812 sunt
623 771 754 823 lepre
785 771 1028 823 pravitatis
1058 773 1321 824 symoniace
1354 775 1400 813 et
1430 772 1798 814 exorbitancium
1827 773 1971 826 graci-

199 854 328 882 arum
356 845 494 883 totam
522 841 623 882 fere
650 845 875 883 vexantes
902 842 1155 884 Romanam
1182 842 1370 894 curiam,
1399 843 1489 884 imo
1513 855 1637 896 pene
1664 855 1847 885 omnem
1874 843 1972 885 infi-

198 913 372 955 cientes
401 915 568 954 statum
597 913 975 955 ecclesiasticum.
1016 913 1088 955 Sic
1117 913 1270 955 delate
1300 917 1406 955 sunt
1432 926 1593 955 omn-es
1623 913 1900 957 infectiones
1925 917 1971 956 et

198 983 494 1025 immundicie
521 983 706 1026 diverse
731 987 824 1025 toto
849 984 963 1038 orbi,
990 997 1041 1026 ac
1066 984 1103 1026 si
1129 997 1291 1026 omnes
1316 997 1415 1026 cum
1442 984 1629 1027 domino
1651 985 1799 1027 Jhesu
1819 985 1970 1039 'ipsius

198 1055 415 1096 instinctu
446 1067 540 1096 una
570 1067 680 1096 voce
711 1055 1031 1097 misterialiter
1063 1059 1107 1097 et
1138 1056 1388 1107 allegorice
1422 1055 1710 1097 conclament
1742 1056 1967 1098 dicentes:

203 1126 265 1167 lte
290 1125 518 1167 ostendite
542 1139 624 1168 vos
649 1125 969 1169 sacerdotibus
994 1161 1002 1168 .
1039 1159 1046 1167 .
1083 1159 1090 1167 .

314 1197 402 1238 Nec
440 1196 609 1249 tedeat,
647 1209 806 1250 queso,
844 1210 924 1239 vos
963 1197 1384 1240 reverendissimos
1419 1201 1592 1251 patres,
1629 1197 1743 1240 tanti
1779 1197 1969 1250 laboris,

196 1280 332 1320 quem
364 1269 565 1310 maxima
595 1268 738 1321 exigit
770 1268 966 1310 ecclesie
996 1268 1266 1321 necessitas,
1297 1268 1497 1311 maxima
1529 1268 1726 1321 requirit
1755 1268 1969 1310 fidelium

195 1339 382 1392 utilitas,
433 1351 539 1391 ymo
583 1339 715 1381 vobis
762 1338 970 1381 imminet
1015 1338 1297 1392 perficiendi
1344 1339 1647 1392 oportunitas,
1695 1339 1773 1393 qui
1820 1340 1969 1393 ipsius

196 1410 370 1453 laboris
397 1410 487 1452 iam
515 1422 632 1452 onus
659 1410 849 1452 subistis
875 1414 920 1453 et
947 1410 1005 1452 ob
1032 1410 1079 1452 id
1105 1410 1429 1463 principaliter
1455 1410 1750 1455 convenistis.
1790 1410 1862 1452 Ad
1887 1423 1969 1452 vos

196 1481 470 1522 deferentur
502 1493 663 1523 omnes
694 1481 891 1522 ecclesie
923 1481 1133 1524 defectus
1164 1485 1211 1524 et
1241 1481 1628 1534 deformaciones,
1661 1481 1720 1524 ad
1750 1493 1833 1524 vos
1863 1484 1969 1524 sunt

196 1553 314 1593 oculi
368 1552 572 1593 omnium
626 1552 998 1605 christianorum,
1053 1552 1130 1605 qui
1184 1552 1573 1594 reformacionem
1625 1552 1822 1594 ecclesie
1876 1554 1968 1594 tam

195 1623 414 1665 ardenter
440 1626 625 1676 tamque
652 1623 858 1665 fidenter
883 1626 1144 1678 expectant,
1169 1626 1217 1665 ut
1244 1624 1297 1676 si,
1325 1623 1448 1676 quod
1475 1625 1653 1665 avertat
1679 1623 1820 1676 Deus,
1846 1635 1968 1664 nunc

196 1706 278 1747 spe
301 1707 384 1736 sua
406 1694 699 1748 fraudentur,
721 1695 799 1736 vix
822 1706 1039 1747 umquam
1062 1694 1249 1736 valeant
1270 1693 1515 1736 consolari.
1549 1694 1653 1736 Jam
1675 1706 1798 1736 anno
1820 1695 1968 1736 altero

195 1766 444 1818 diligenter
468 1765 722 1808 insudastis
745 1765 1034 1807 reformandi
1057 1765 1312 1818 laboribus,
1335 1764 1503 1818 videte,
1527 1764 1793 1807 desiderato
1814 1764 1967 1807 fructu

194 1848 251 1878 ne
300 1836 605 1878 frustremini.
665 1836 763 1878 Non
814 1836 1033 1890 satagatis
1082 1837 1168 1878 Dei
1215 1835 1460 1878 ecclesiam
1508 1835 1768 1878 reformare
1816 1836 1966 1877 solum

194 1907 617 1961 exhortacionibus,
650 1907 983 1950 advisamentis
1015 1910 1060 1949 et
1090 1907 1284 1961 statutis,
1315 1919 1374 1948 ne
1406 1908 1555 1949 solum
1584 1905 1836 1949 videamini
1866 1905 1968 1948 dili-

192 1991 303 2030 gere
334 1978 479 2019 verbo
509 1982 553 2020 et
584 1979 756 2032 lingua,
788 1978 872 2020 sed
899 1978 1048 2021 eciam
1080 1978 1322 2020 executive
1355 1978 1412 2020 ad
1444 1990 1560 2031 opus
1591 1990 1758 2020 manus
1787 1976 1965 2030 mittite,

194 2053 240 2092 ut
271 2049 580 2102 comprobetis
612 2062 692 2092 vos
726 2049 921 2103 diligere
954 2061 1098 2103 opere
1130 2052 1174 2091 et
1207 2049 1416 2101 veritate,
1448 2051 1664 2091 tenentes
1694 2061 1780 2102 pro
1811 2047 1965 2100 firmo,

193 2121 315 2172 quod
340 2121 499 2162 nullus
524 2124 678 2162 vester
706 2120 850 2173 labor,
875 2121 1006 2162 nulla
1031 2119 1306 2173 sollicitudo,
1330 2120 1461 2162 nulla
1486 2119 1714 2162 industria
1737 2122 1830 2161 tam
1854 2118 1965 2161 vali-

194 2191 276 2233 das
306 2192 475 2244 poterit
503 2191 825 2233 advisaciones
855 2195 931 2233 aut
961 2191 1319 2233 constituciones
1348 2203 1492 2233 novas
1521 2190 1664 2232 edere
1695 2193 1772 2232 aut
1800 2189 1965 2232 exhor-

194 2262 398 2304 taciones
427 2261 666 2315 adhibere,
693 2265 741 2303 ut
768 2262 883 2315 ipsis
911 2261 1219 2304 emendentur
1246 2261 1475 2315 perversi,
1502 2260 1592 2303 nisi
1620 2260 1813 2314 speciali
1841 2259 1965 2303 solli-

193 2332 395 2374 citudine
430 2345 535 2374 mox
569 2332 692 2374 edite
727 2332 870 2374 eciam
906 2336 1011 2375 ante
1046 2332 1280 2385 presentis
1315 2332 1479 2385 synodi
1514 2331 1963 2374 consummacionem

192 2403 461 2445 execucioni
496 2403 787 2445 mandentur.
832 2403 1068 2455 Quomodo
1101 2416 1212 2457 ergo
1244 2402 1590 2456 perversissimi
1623 2402 1836 2444 homines
1870 2413 1965 2444 ser-

197 2475 368 2516 vabunt
410 2478 566 2516 vestra
610 2474 851 2527 synodalia
897 2474 1097 2526 decreta,
1143 2474 1219 2527 qui
1267 2473 1483 2516 mandata
1527 2473 1750 2526 decalogi,
1796 2475 1963 2515 statuta

193 2545 477 2598 prophetica,
499 2546 782 2598 ewangelica
804 2548 850 2587 et
870 2546 1137 2598 apostolica,
1159 2557 1264 2597 ymo
1288 2545 1417 2598 leges
1439 2544 1635 2597 divinas,
1657 2543 1899 2586 naturale-s
1919 2545 1965 2584 et

193 2617 419 2658 humanas
457 2615 722 2669 transgredi
762 2628 854 2657 non
893 2618 1129 2658 verentur.
1181 2615 1355 2658 Summi
1398 2614 1680 2668 legislatoris
1718 2613 1963 2656 verissima

194 2700 281 2728 vox
318 2690 405 2728 est:
459 2686 496 2727 si
535 2698 798 2728 sermonem
838 2699 990 2728 meum
1029 2690 1349 2740 servaverunt,
1387 2689 1433 2728 et
1467 2688 1672 2728 vestrum
1709 2684 1963 2726 servabunt

195 2758 445 2811 (Johannis
481 2758 601 2812 XV).
649 2757 886 2808 Quomodo
920 2769 1137 2809 umquam
1173 2756 1461 2798 verebuntur
1494 2755 1759 2809 transgredi
1795 2756 1962 2797 statuta

192 2829 427 2880 presentis
454 2841 584 2870 sacre
614 2828 776 2880 synodi
807 2840 959 2869 coram
988 2828 1084 2869 suis
1113 2826 1310 2869 subditis
1339 2830 1416 2869 aut
1444 2826 1705 2880 equalibus,
1733 2838 1838 2878 ymo
1865 2825 1962 2867 suis

193 2900 516 2951 superioribus
552 2898 815 2951 ordinariis,
853 2898 929 2951 qui
966 2898 1010 2939 in
1047 2896 1296 2951 cons'pectu
1331 2897 1574 2951 ipsiusmet
1609 2896 1788 2950 synodi,
1824 2907 1960 2949 quam

195 2982 410 3022 supreme
437 2970 639 3012 fatentur
663 2982 768 3012 esse
792 2969 1073 3011 auctoritatis
1100 2969 1144 3010 in
1169 2969 1322 3021 terris,
1346 2968 1563 3010 mandata
1586 2967 1672 3010 Dei
1695 2970 1740 3009 et
1763 2966 1960 3009 ecclesie

194 3041 335 3094 leges,
360 3040 594 3093 quaslibet
616 3053 702 3094 per
726 3053 807 3083 ora
832 3052 1114 3082 summorum
1138 3039 1412 3092 pontificum
1437 3042 1514 3081 aut
1536 3041 1696 3080 vetera
1719 3037 1960 3091 generalia
