2227 3434
469 163 508 196 E.
555 162 684 197 Briel'e
717 173 763 197 zu
795 162 967 197 Reform·
999 163 1076 196 und
1112 161 1516 205 Verfassungsfragen.
1791 161 1875 204 763

191 316 195 318 .
228 279 323 332 Ego
350 279 670 333 Bertholdusa)
701 279 758 321 de
786 276 1107 333 Wildungenb)
1139 279 1297 321 doctor
1323 281 1368 321 et
1396 278 1579 322 auditor
1607 312 1614 320 .
1651 312 1658 319 .
1695 312 1703 320 .

229 349 323 402 Ego
344 349 649 391 Geminianus
671 350 727 391 de
751 349 888 391 Prato
910 349 1201 396 decretorum
1224 349 1380 391 doctor
1401 352 1446 391 et
1468 348 1650 391 auditor
1672 382 1680 390 .
1716 382 1724 389 .

227 419 324 472 Ego
348 419 514 461 Petrus
539 418 678 460 Nardi
706 419 997 461 decretorum
1024 419 1181 462 doctor
1206 423 1251 462 et
1277 418 1460 461 auditor
1487 452 1495 460 .
1531 452 1539 460 .
1575 453 1583 460 .

228 489 323 542 Ego
351 488 629 531 Fredericus
659 489 781 542 Deys
811 489 967 531 doctor
995 493 1040 531 et
1068 489 1251 531 auditor
1279 523 1287 531 .
1324 523 1331 530 .
1368 523 1376 531 .

228 559 323 612 Ego
350 558 636 601 Laurencius
664 558 851 601 Sachise
881 559 1172 601 decretorum
1201 559 1358 601 doctor
1386 562 1430 601 et
1457 559 1639 601 auditor
1667 593 1675 600 .
1712 593 1719 600 .
1755 593 1763 600 .

229 629 325 682 Ego
347 629 520 672 Cuntzo
542 629 599 671 de
623 629 777 671 Zwola
799 629 1091 671 decretorum
1115 630 1272 671 doctor
1293 633 1338 671 et
1361 629 1543 672 auditor
1567 663 1575 671 .
1611 663 1619 671 .
1655 663 1663 670 .

228 700 322 751 Ego
347 699 576 742 Henricus
603 699 828 753 Fleckel¹‘)
859 699 1150 742 decretorum
1177 700 1333 742 doctor
1360 703 1404 742 et
1431 700 1612 742 auditor
1640 733 1647 741 .
1684 733 1691 740 .
1728 733 1735 740 .

227 770 323 823 Ego
345 770 584 812 Johannes
607 770 728 812 Naso
746 770 989 823 utriusque
1008 770 1128 813 ’iuris
1150 770 1307 812 doctor
1329 773 1375 813 et
1393 770 1579 812 auditor
1602 803 1610 811 .
1647 803 1654 810 .

108 923 149 965 3.
201 923 286 965 Die
327 922 547 966 deutsche
586 922 749 964 Nation
790 935 847 964 cm
887 922 977 964 den
1020 922 1206 975 Bischof
1246 922 1429 964 Johann
1470 935 1557 964 von
1604 922 1876 973 Wilrzburq:

110 993 306 1036 Fordert
332 993 409 1035 ihu
438 999 573 1036 meter
600 993 805 1035 Hinuaeis
834 992 915 1046 cites
942 993 1016 1035 die
1043 992 1230 1046 δῶν-αἴθῃ
1260 1006 1347 1034 von
1378 1006 1543 1034 iicuem
1571 1005 1671 1033 :um
1702 992 1877 1033 Besae-h

110 1064 192 1107 des
224 1064 514 1107 Konstcmzer
546 1063 735 1106 Komils
768 1064 863 1105 uml
897 1076 997 1105 zum
1031 1063 1303 1105 Ausharren
1340 1063 1408 1105 bis
1443 1076 1545 1105 zum
1579 1062 1750 1115 Schluli'
1785 1062 1876 1115 auf.

697 1133 931 1176 Konstam
959 1134 1072 1177 1416
1099 1134 1194 1176 Julz·
1219 1133 1288 1176 27.

233 1213 515 1257 Wolfenbiillel,
542 1215 701 1250 Helmst.
729 1215 827 1251 HSS.
855 1216 922 1250 279
950 1216 1012 1250 Nr.
1038 1216 1136 1251 357v.

227 1285 402 1328 Littera
426 1286 567 1328 missa
592 1286 778 1328 domino
803 1286 1022 1339 episcopo
1045 1285 1376 1339 Herbipolensi
1400 1298 1485 1339 per
1508 1285 1743 1327 nationem
1769 1285 1880 1327 Ger-

111 1356 351 1409 manicam,
376 1359 424 1398 ut
449 1356 605 1399 veniat
629 1357 687 1399 ad
711 1357 969 1399 concilium.

226 1426 592 1481 Archiepiscopi,
626 1427 831 1481 episcopi
865 1428 1101 1480 ceterique
1135 1427 1303 1480 prelati
1335 1426 1671 1469 ambasiatores
1702 1429 1747 1468 et
1779 1426 1881 1467 doc-

110 1500 235 1540 tores
263 1497 498 1540 nationem
528 1498 852 1540 Germanicam
881 1499 927 1540 in
958 1511 1089 1541 sacro
1118 1498 1312 1540 concilio
1342 1497 1693 1540 Constanciensi
1724 1508 1881 1549 repre-

112 1571 350 1611 sentantes
387 1569 649 1612 reverendo
685 1569 731 1611 in
768 1569 954 1612 Christo
988 1569 1108 1622 patri
1146 1582 1197 1611 ac
1234 1569 1420 1610 domino
1458 1567 1644 1610 domino
1680 1566 1881 1610 Johanni

113 1639 332 1693 episcopo
369 1639 701 1693 Herbipolensi
741 1641 937 1682 salutem
978 1640 1023 1681 in
1063 1639 1249 1681 domino
1284 1642 1331 1681 et
1367 1639 1425 1681 ad
1462 1639 1881 1691 reintegracionem

112 1713 269 1752 sancte
291 1711 452 1753 matris
471 1711 668 1753 ecclesie
690 1714 735 1753 et
755 1710 964 1753 eiusdem
985 1708 1415 1764 reformacionem‘¹)
1438 1722 1630 1762 operam
1652 1709 1879 1751 sinceram

113 1780 352 1823 adhibere.
404 1781 582 1832 Quanta
623 1781 881 1823 animarum
923 1793 1261 1834 corporumque
1303 1793 1395 1822 non
1436 1780 1538 1821 sine
1581 1778 1882 1832 singultuosis

111 1851 486 1904 pertranseunda
512 1852 728 1905 suspiriis
752 1852 1116 1894 exacerbissima
1141 1852 1472 1904 antiquataque
1496 1850 1700 1893 scissura
1723 1852 1882 1891 sancte

111 1923 273 1965 matris
299 1923 496 1965 ecclesia
522 1922 737 1976 dampna,
764 1925 934 1975 quanta
958 1922 1269 1964 hereticorum
1295 1924 1483 1963 versuta
1509 1920 1750 1974 dyabolica
1774 1933 1883 1973 quo-

113 2005 203 2046 que
228 1993 597 2035 machinamenta
621 2006 672 2035 ac
697 1994 890 2046 insuper
913 1996 1084 2046 quanta
1109 1996 1310 2045 quotque
1335 1995 1527 2045 propter
1553 1991 1698 2044 ipsius
1719 1990 1883 2043 capitis

111 2067 157 2106 et
178 2064 492 2106 membrorum
516 2063 909 2106 deformacionem
933 2064 1034 2116 ipsa
1058 2063 1174 2105 felix
1198 2063 1422 2106 catholica
1446 2062 1643 2104 ecclesia
1667 2075 1691 2104 a
1716 2061 1881 2114 pleris-

111 2147 201 2187 que
232 2135 521 2188 temporibus
551 2134 806 2188 dampnosa
838 2134 1096 2187 susceperit
1128 2134 1420 2185 detrimenta,
1451 2136 1647 2186 quantos
1680 2131 1881 2184 denique

112 2205 170 2248 ad
208 2205 572 2248 succurrendum
608 2205 870 2247 huiusmodi
909 2204 1149 2247 deflendis
1187 2203 1383 2246 ecclesie
1421 2203 1759 2246 calamitatibus
1796 2202 1882 2243 hec

115 2276 334 2329 synodus,
366 2288 502 2329 quam
536 2276 693 2318 divina
724 2276 874 2329 pietas
906 2278 1031 2318 tanta
1064 2276 1365 2328 prelatorum,
1399 2274 1634 2316 doctorum
1666 2276 1712 2316 et
1743 2273 1883 2325 magi-

115 2349 330 2399 strorum,
369 2359 544 2400 regum,
583 2346 845 2400 principum
885 2359 936 2388 ac
975 2345 1328 2388 universitatum
1368 2347 1602 2387 oratorum
1643 2342 1883 2386 adornavit

115 2416 260 2470 copia,
291 2421 340 2461 ut
368 2430 522 2470 neque
554 2418 773 2470 quiquam
804 2417 1020 2470 viderint,
1052 2416 1286 2458 audierint
1317 2419 1393 2458 aut
1425 2415 1527 2457 fere
1559 2414 1758 2468 legerint
1788 2416 1883 2454 tan-

112 2491 263 2530 torum
293 2488 602 2541 solempnium
632 2490 814 2541 patrum
845 2500 895 2530 ac
925 2488 1131 2529 virorum
1161 2486 1502 2528 multitudinem
1531 2484 1712 2527 concilii
1743 2496 1881 2526 causa

114 2557 387 2601 convenisse
426 2558 516 2600 iam
554 2558 656 2600 fere
692 2571 779 2611 per
816 2558 1012 2600 duorum
1052 2569 1277 2600 annorum
1316 2556 1514 2610 spatium
1554 2555 1740 2597 labores
1778 2566 1880 2607 per-

114 2629 286 2682 tulerit,
316 2661 324 2670 .
359 2662 368 2670 .
404 2662 412 2671 .
441 2631 488 2671 et
514 2628 762 2681 presertim
792 2629 914 2681 quod
943 2641 1024 2671 vos
1053 2631 1326 2680 ceterosque
1354 2625 1655 2668 ecclesiarum
1687 2624 1881 2677 particu-

117 2698 283 2741 larium
324 2699 543 2742 absentes
582 2700 787 2752 prelatos
827 2699 1073 2741 universos
1112 2698 1201 2740 iam
1242 2697 1414 2739 dudum
1455 2695 1665 2748 repetitis
1706 2694 1883 2735 vicibus

115 2769 201 2811 sub
224 2768 432 2822 prestitis
454 2782 539 2822 per
560 2782 642 2811 vos
665 2769 938 2812 iuramentis
961 2769 1190 2822 penisque
1215 2767 1330 2809 iuris
1353 2766 1457 2808 aliis
1481 2766 1537 2807 ad
1563 2778 1613 2807 se
1635 2763 1880 2810 vocaverit,

115 2839 205 2881 iam
241 2839 379 2892 longe
415 2839 599 2892 lateque
637 2839 836 2882 mundus
872 2840 1070 2892 agnovit,
1108 2839 1169 2880 ita
1204 2837 1327 2890 quod
1362 2849 1417 2879 ea
1454 2834 1677 2888 explicari
1714 2833 1876 2875 calami

115 2909 373 2951 ministerio
399 2921 493 2951 non
523 2912 716 2962 oportet.
757 2910 1123 2962 Verumptamen
1152 2907 1257 2961 quia
1289 2906 1470 2960 pridem
1500 2904 1759 2957 accepimus
1788 2915 1879 2944 non

221 3059 251 3093 a)
273 3059 318 3087 Hs
341 3058 534 3087 Betholdus.
608 3059 640 3086 bi
663 3059 708 3086 He
728 3058 930 3093 Wildungcr.
1005 3063 1034 3091 c)
1058 3059 1103 3085 He
1125 3057 1263 3085 l⁴'leccel.
1345 3056 1376 3083 d)
1398 3056 1443 3082 Ha
1466 3053 1711 3082 reformacionc.
