2227 3434
452 153 493 186 D.
539 151 1188 196 Geschaflsordnungs-Vorschltige
1220 151 1282 185 fiir
1311 152 1380 185 das
1412 150 1558 184 Konzil.
1804 151 1888 193 745

124 268 509 316 reformac‘ionem
537 273 683 312 status
708 269 1025 321 ecclesiastici,
1052 269 1100 310 in
1126 269 1358 322 personis,
1386 269 1493 320 vita,
1520 267 1741 321 moribus,
1769 270 1888 310 statu

121 342 166 380 et
195 339 437 382 honestate
468 339 668 391 illorum,
698 343 835 392 atque
866 339 1110 392 derebus,
1137 339 1320 382 iuribus
1349 342 1395 381 et
1422 338 1718 380 libertatibus
1745 338 1890 379 eccle-

123 408 320 452 siasticis
352 413 396 452 et
427 410 594 452 ceteris
626 410 941 462 generalibus.
987 410 1054 451 De
1087 409 1256 462 quibus
1286 409 1428 451 nichil
1461 408 1609 451 adhuc
1640 412 1711 451 est
1743 411 1889 450 actum

123 483 421 532 preterquam
448 480 505 522 de
533 480 703 521 unione
735 481 779 521 in
809 480 920 522 fide.

245 550 356 592 Item
384 550 507 603 quod
534 550 594 593 de
618 551 763 592 nullis
789 550 933 593 rebus
960 550 1065 592 aliis
1092 551 1453 603 particularibus
1480 553 1643 603 agatur
1668 550 1715 591 in
1741 549 1891 591 nacio-

122 620 274 674 nibus,
302 624 457 674 utpote
485 621 542 662 de
568 620 913 673 exorbitanciis,
940 624 988 662 ut
1012 624 1086 663 est
1112 621 1296 673 dictum,
1322 633 1476 673 neque
1501 621 1559 662 de
1587 620 1891 662 restitucioni-

123 690 210 733 bus
235 691 281 732 in
305 692 457 734 causis
481 691 798 744 singularibus
824 691 907 733 sed
931 692 1085 733 omnia
1110 691 1435 744 relinquantur
1458 691 1687 733 communi
1713 690 1891 732 iusticie

123 764 167 802 et
207 761 392 804 domino
429 761 813 804 vicecancellario
849 774 949 803 cum
988 761 1222 814 deputatis
1260 774 1361 803 cum
1401 761 1579 803 eodem.
1631 761 1892 802 Ridiculum

123 832 247 873 enim
279 835 363 884 est,
396 832 517 885 quod
550 831 769 874 naciones
802 832 1022 875 mandent
1053 832 1163 874 talia
1195 832 1302 873 fieri
1336 835 1413 874 aut
1443 832 1501 874 de
1534 832 1629 874 illis
1662 835 1812 885 agant,
1847 832 1892 873 in

123 901 292 954 quibus
344 915 505 945 omnes
555 903 776 945 naciones
829 902 1021 945 fuerunt
1072 903 1229 945 multis
1281 903 1570 956 temporibus
1620 906 1667 944 et
1718 902 1893 944 frustra

123 975 356 1026 occupate.

240 1043 439 1086 Videtur
470 1047 640 1097 tamen,
675 1044 812 1097 quod,
847 1044 993 1086 donec
1027 1057 1085 1086 ex
1120 1044 1372 1097 Hyspaniis
1408 1044 1466 1086 sit
1497 1044 1757 1097 perfectum
1791 1055 1895 1085 con-

123 1113 293 1167 cilium,
322 1117 371 1156 ut
399 1115 489 1158 erit
516 1115 562 1156 in
591 1115 796 1169 brevi,1),
826 1115 968 1156 nichil
1000 1114 1057 1158 sit
1085 1128 1254 1156 novum
1284 1114 1570 1168 generaliter
1600 1113 1894 1156 statuendum

124 1185 208 1227 sed
249 1185 478 1239 agendum
519 1186 639 1228 circa
678 1186 1033 1228 exsecucionem
1074 1186 1243 1227 iurium
1283 1185 1571 1227 conditorum
1612 1197 1753 1238 super
1791 1197 1895 1238 pre-

62 1271 66 1274 ·
124 1256 280 1299 missis
302 1260 349 1299 et
371 1256 481 1299 satis
506 1257 660 1310 ampla
683 1257 948 1310 reperietur
972 1257 1166 1299 materia
1190 1256 1481 1309 expectando
1503 1256 1762 1309 Hyspanos,
1787 1268 1895 1308 quo-

123 1326 248 1368 niam
273 1326 406 1370 novis
431 1328 573 1370 rebus
599 1327 932 1370 constituendis
958 1327 1078 1369 forte
1105 1340 1199 1369 non
1223 1327 1555 1369 consentirent.

243 1397 324 1439 De
381 1397 873 1441 introducendis
929 1398 1118 1440 rebus
1176 1398 1234 1439 in
1290 1396 1894 1439 deliberacionibus

123 1480 153 1510 n
170 1480 196 1510 a
209 1467 303 1511 cio
315 1480 347 1510 n
362 1481 392 1510 u
407 1481 465 1511 m.

241 1539 452 1593 Videtur,
482 1540 605 1593 quod
634 1541 883 1593 generales
914 1539 1120 1593 deputati
1152 1539 1353 1582 debeant
1384 1539 1497 1581 dare
1528 1539 1574 1580 in
1605 1539 1791 1591 scriptis
1821 1538 1896 1580 de-

124 1609 369 1653 liberanda
398 1624 484 1664 per
512 1611 777 1654 cardinales
807 1611 892 1664 et¹)
911 1611 1173 1664 nacionesa)
1191 1613 1237 1652 et
1251 1609 1499 1664 presidens
1515 1609 1762 1651 cuiuslibet
1775 1609 1897 1650 naci-

125 1681 228 1725 onis
257 1682 339 1724 illa
367 1681 538 1735 scripta
564 1682 717 1735 primo
743 1682 950 1735 publicet
978 1683 1023 1723 in
1055 1695 1138 1724 sua
1165 1681 1360 1723 nacione
1389 1684 1436 1723 et
1463 1680 1728 1722 cardinales
1754 1679 1897 1732 depu-

124 1753 205 1795 tati
234 1752 474 1805 publicent
502 1753 698 1806 collegio
725 1756 785 1806 et,
814 1753 938 1806 quod
968 1756 1216 1805 antequam
1247 1752 1549 1803 deliberetur,
1581 1751 1789 1804 quilibet,
1818 1750 1896 1803 qui

125 1824 263 1877 volet,
289 1823 459 1866 habeat
484 1823 662 1877 copiam
687 1827 733 1866 et
755 1824 922 1877 cogitet
947 1823 993 1865 in
1023 1824 1117 1865 illis
1142 1826 1190 1865 et
1216 1823 1400 1864 demum
1428 1822 1717 1864 deliberatus
1743 1821 1897 1863 veniat

127 1894 184 1936 ad
208 1894 536 1947 explicandum
561 1898 715 1936 votum
740 1907 887 1937 suum.
923 1895 1014 1936 Vix
1037 1894 1162 1936 enim
1187 1897 1382 1946 repente
1406 1896 1451 1935 et
1473 1905 1565 1935 non
1589 1892 1897 1945 premeditate

127 1968 250 2007 recte
281 1965 438 2007 dicere
468 1966 541 2007 vel
576 1965 781 2007 iudicare
812 1968 977 2018 potest,
1007 1977 1161 2018 neque
1193 1963 1441 2017 presidens
1472 1963 1528 2006 ab
1558 1963 1697 2005 inicio
1729 1962 1787 2005 ad
1818 1963 1898 2004 ali-

126 2048 264 2089 quam
296 2040 475 2089 partem
508 2036 723 2088 declinet,
755 2036 844 2077 nisi
879 2036 1066 2088 quando
1097 2035 1218 2077 dicet
1251 2038 1404 2077 votum
1437 2047 1584 2077 suum.

249 2107 361 2149 Item
402 2107 524 2160 quod
567 2107 613 2149 in
655 2107 852 2149 dicendo
891 2111 995 2150 vota
1035 2109 1249 2148 servetur
1288 2106 1509 2157 brevitaS,
1550 2108 1612 2157 ut,
1652 2108 1897 2157 postquam

126 2177 263 2230 primi
294 2177 512 2230 dixerint,
545 2180 795 2230 sequentes
825 2190 918 2219 non
950 2180 1173 2230 occupent
1203 2180 1386 2229 tempus
1418 2179 1488 2218 set
1517 2175 1774 2218 adhereant
1805 2174 1899 2227 opi-

127 2249 270 2302 nioni,
303 2261 393 2302 que
425 2248 642 2302 placebit,
675 2248 765 2290 nisi
798 2249 937 2290 aliam
970 2260 1136 2290 novam
1170 2247 1438 2300 opinionem
1471 2246 1678 2289 afferant
1709 2245 1782 2287 vel
1819 2245 1899 2286 ali-

128 2331 265 2372 quam
292 2319 527 2361 racionem
552 2331 719 2361 novam
746 2319 930 2361 dictant.

250 2389 363 2432 Item
386 2390 523 2454 quod,
546 2390 583 2433 si
608 2391 712 2443 quis
735 2393 889 2431 votum
914 2402 1047 2432 suum
1070 2389 1242 2431 dixerit
1264 2392 1308 2431 et
1333 2388 1489 2431 audIat
1511 2390 1672 2441 postea
1696 2387 1898 2439 aliquam

129 2460 377 2513 racionem,
407 2473 496 2514 que
526 2463 709 2503 moveat
737 2473 842 2502 eum
872 2460 929 2502 ad
959 2460 1097 2502 aliam
1128 2462 1322 2513 partem,
1351 2471 1443 2501 non
1473 2461 1691 2500 vereatur
1720 2460 1898 2498 mutare

129 2534 282 2573 votum
310 2535 357 2574 et
384 2530 606 2574 accedere
633 2534 736 2574 voto
765 2530 971 2573 alterius.

249 2602 328 2645 De
388 2601 585 2644 forma
646 2600 1070 2643 concludendi
1134 2612 1324 2653 super
1385 2599 1550 2641 votis
1613 2599 1670 2640 in
1731 2597 1899 2638 naci-

129 2671 367 2716 onibus.

252 2743 363 2785 Item
400 2743 445 2784 in
480 2743 800 2785 concludendo
833 2755 892 2784 ex
926 2743 1045 2785 votis
1079 2744 1292 2784 servetur
1326 2740 1488 2782 modus
1524 2738 1816 2792 supradictus
1854 2738 1895 2777 in

131 2813 326 2856 articulo
361 2813 419 2855 de
457 2812 738 2866 deputandis
775 2813 832 2855 ad
866 2812 1169 2855 collacionem
1207 2815 1430 2862 votorum,
1468 2809 1683 2851 videlicet
1719 2809 1755 2850 si
1797 2810 1898 2848 vota

131 2884 369 2936 spirantur
403 2884 449 2925 in
482 2883 695 2926 diversas
726 2882 1003 2935 sentencias,
1035 2882 1119 2924 fiat
1151 2880 1367 2924 colleccio
1400 2891 1721 2933 personarum,
1754 2877 1899 2930 dIgni-

238 3000 268 3029 a)
290 2999 336 3024 Πη
355 3005 415 3032 per
435 2997 521 3025 card.
545 2997 576 3024 iu
599 2997 801 3024 nacionibus.

252 3047 284 3090 ¹)
310 3047 404 3081 Also
430 3046 521 3081 nach
549 3047 637 3081 dem
661 3045 890 3081 Narbonner
923 3045 1076 3089 l'erlray
1101 3044 1190 3078 De:.
1218 3044 1318 3079 1415.
