2227 3434
527 196 570 230 A.
612 195 810 231 Fillastres
838 197 953 232 Gesta
980 198 1131 232 concilii
1158 198 1472 235 Constantiensis.
1829 204 1881 246 71

120 326 210 366 que
234 317 304 356 est
329 314 436 366 illis,
462 314 584 367 quod
609 327 693 356 rex
719 314 920 358 mitteret
946 317 1121 369 legatos
1148 317 1206 359 ad
1230 318 1488 371 concilium,
1514 319 1656 361 nichil
1682 321 1810 363 aliud
1836 322 1883 363 in

118 383 308 437 effectu,
340 384 430 427 nisi
463 385 586 438 quod
620 398 704 427 rex
738 386 859 428 bene
894 386 1100 428 afficitur
1133 388 1312 440 unioni;
1350 392 1419 431 set
1453 389 1634 433 iuvenis
1667 394 1739 433 est
1769 394 1884 433 tres-

121 455 267 496 decim
289 468 515 497 annorum
536 459 581 498 et
600 457 790 509 regitur,
811 458 940 499 nulla
961 458 1110 500 adhuc
1129 459 1193 500 ibi
1214 462 1284 501 est
1303 459 1425 502 facta
1446 460 1734 503 substractio.
1771 462 1886 504 Con-

121 529 372 578 sequenter
400 530 630 569 venerunt
658 527 716 569 ad
743 540 901 581 regem
931 529 1135 571 Navarre
1164 533 1210 571 et
1237 533 1399 582 postea
1427 531 1486 572 ad
1514 531 1725 574 comitem
1754 532 1886 585 Fuxi,

119 597 197 650 qui
230 597 365 639 ambo
397 597 656 640 successive
689 599 949 642 convocatis
981 600 1130 642 tribus
1164 600 1359 644 statibus
1391 601 1523 655 regni
1555 605 1602 644 et
1631 603 1886 655 comitatus,

119 670 164 710 et
200 668 257 709 de
292 668 479 710 illorum
513 681 744 712 consensu
781 669 994 712 fecerunt
1029 674 1074 712 et
1108 672 1465 724 publicaverunt
1501 673 1886 716 substractionem

120 738 386 781 obedientie
415 740 539 782 Petri
566 740 623 781 de
652 740 795 793 Luna,
822 744 867 783 et
895 754 1037 794 super
1064 742 1155 785 hiis
1183 742 1344 785 literas
1372 744 1639 797 attulerunt,
1668 757 1782 798 quas
1811 745 1887 787 de-

121 809 290 852 derunt
330 811 523 853 concilio
554 812 614 852 'in
656 811 806 854 forma
849 815 895 854 et
935 812 1113 854 effectu
1154 813 1395 856 literarum
1439 815 1563 867 regis
1605 815 1886 869 Aragonum,

121 893 263 934 super
301 881 639 924 substractione
679 882 893 925 similiter
930 896 1015 936 per
1052 896 1159 925 eum
1196 884 1331 927 facta.
1383 885 1658 928 Retulerunt
1695 886 1888 940 insuper

120 951 314 994 donaria
343 951 439 995 illis
468 952 590 996 facta
618 965 704 1007 per
733 966 891 1006 regem
923 954 1141 997 Castelle.
1186 955 1286 997 Duo
1317 955 1396 997 alii
1427 956 1611 999 iverunt
1641 957 1700 999 ad
1729 969 1888 1010 regem

119 1022 430 1065 Romanorum
477 1024 535 1066 ad
578 1024 794 1077 Angliam
840 1026 914 1067 vel
960 1025 1195 1068 Calesium
1240 1026 1405 1068 eadem
1451 1027 1658 1070 relaturi.
1719 1027 1888 1070 Conse-

122 1097 320 1147 quenter
353 1095 401 1136 in
436 1094 630 1137 concilio
666 1096 784 1138 lecta
818 1100 888 1138 est
924 1109 1016 1139 una
1050 1097 1215 1139 cedula
1250 1098 1426 1140 tenoris
1463 1099 1715 1152 sequentis,
1751 1102 1796 1141 et
1830 1112 1889 1141 ex

120 1168 252 1218 parte
287 1169 484 1219 quatuor
518 1166 765 1209 nacionum
801 1180 1079 1220 responsum
1115 1167 1218 1210 fuit:
1270 1168 1440 1222 Placet,
1477 1182 1565 1222 que
1602 1169 1767 1212 cedula
1803 1170 1890 1212 fuit

122 1237 367 1290 impetrata
403 1237 462 1280 ad
496 1237 762 1280 instantiam
799 1238 930 1281 ducis
966 1239 1177 1292 Bavarie,
1214 1240 1489 1293 protectoris
1525 1240 1722 1294 concilii,
1758 1241 1889 1283 cuius

121 1310 254 1350 tenor
283 1307 391 1351 talis
420 1309 547 1363 est.⁸)

237 1379 333 1421 Hec
365 1382 518 1422 autem
550 1381 715 1423 cedula
747 1393 956 1423 errorem
987 1381 1104 1435 juris
1136 1382 1500 1424 intollerabilem
1533 1382 1749 1436 continet,
1782 1383 1890 1436 quia

122 1450 366 1504 suspendit
399 1452 943 1506 excommunicacionem,
980 1453 1089 1494 item
1124 1453 1428 1506 iniquitatem,
1463 1453 1572 1506 quia
1606 1453 1750 1496 multa
1784 1455 1891 1497 sunt

123 1521 222 1565 loca
250 1521 297 1564 in
327 1522 544 1565 dominiis
573 1522 759 1565 illorum
789 1523 1096 1577 dominorum,
1127 1524 1205 1577 qui
1236 1524 1300 1566 ibi
1328 1525 1642 1578 nominantur,
1672 1537 1761 1577 que
1792 1525 1891 1566 loca

123 1593 301 1636 notorie
326 1593 518 1636 fuerunt
543 1594 600 1636 de
626 1594 901 1637 obediencia
927 1595 1101 1637 domini
1127 1595 1369 1650 Johannis,
1394 1608 1480 1637 nec
1504 1598 1575 1638 est
1599 1609 1717 1649 opus
1742 1595 1892 1637 decla-

125 1665 310 1707 racione
349 1669 394 1708 et
430 1668 586 1707 tamen
624 1666 687 1707 ibi
726 1666 1076 1719 suspenduntur
1114 1670 1159 1708 et
1198 1667 1471 1709 relaxantur
1509 1667 1677 1709 omnia.
1729 1667 1784 1709 Et
1819 1667 1892 1709 hic

126 1748 258 1778 error
299 1739 344 1778 et
385 1736 618 1779 iniusticia
659 1738 780 1779 bene
821 1737 1010 1780 fuerant
1051 1738 1250 1791 expositi
1292 1750 1378 1791 per
1419 1738 1706 1780 cardinalem
1748 1738 1893 1780 sancti

129 1806 266 1849 Marci
288 1807 336 1849 in
360 1807 557 1860 collegio
582 1807 889 1850 cardinalium
913 1811 959 1850 et
984 1809 1031 1850 in
1055 1809 1250 1851 nacione
1276 1808 1531 1851 Gallicana.
1569 1808 1623 1851 Et
1646 1811 1801 1850 tamen
1827 1809 1893 1850 sic

124 1878 349 1921 transivit.
387 1878 555 1921 Postea
581 1879 638 1920 de
664 1879 745 1921 illa
770 1879 935 1922 cedula
961 1879 1049 1922 fuit
1075 1882 1224 1922 actum
1251 1880 1298 1921 in
1324 1879 1519 1922 nacione
1546 1879 1822 1922 Germanica
1848 1882 1893 1921 et

125 1949 309 2002 dictum,
348 1950 472 2003 quod
510 1962 747 2003 nunquam
789 1950 834 1992 in
877 1951 956 1993 illa
996 1950 1191 1992 nacione
1230 1951 1385 1993 fuerat
1424 1950 1699 1993 concordata
1739 1963 1891 2004 neque

126 2020 243 2063 lecta
279 2024 324 2063 et
360 2020 615 2063 tendebant
654 2021 711 2063 ad
750 2021 1104 2064 revocationem.
1155 2022 1273 2074 Quid
1311 2021 1408 2074 fiet,
1447 2021 1679 2063 videbitur
1717 2024 1891 2075 postea.

132 2090 319 2133 Interim
344 2104 430 2145 per
454 2104 663 2134 mensem
687 2104 836 2145 usque
863 2092 921 2134 ad
946 2092 1091 2134 finem
1119 2092 1407 2146 Septembris
1433 2095 1504 2135 est
1529 2095 1678 2135 actum
1704 2104 1789 2146 per
1813 2091 1894 2135 ali-

127 2174 241 2215 quos
268 2162 513 2217 deputatos
541 2175 642 2205 cum
671 2163 836 2216 legatis
864 2163 988 2216 regis
1016 2164 1296 2216 Aragonum‚
1325 2163 1447 2217 quod
1475 2164 1653 2205 vellent
1680 2176 1729 2206 se
1758 2164 1893 2204 unire

126 2246 227 2275 cum
254 2234 448 2277 concilio
475 2237 520 2276 et
547 2237 702 2276 cetera
730 2234 902 2287 facere,
931 2247 1020 2288 que
1048 2234 1093 2276 in
1122 2234 1337 2288 capitulis
1363 2232 1679 2288 prescriptis¹‘)
1711 2246 1895 2276 concor-

129 2303 246 2348 datis
270 2305 485 2347 Narbone
512 2305 819 2348 continentur.
858 2305 941 2357 Qui
971 2307 1111 2359 legati
1138 2306 1295 2348 multis
1322 2306 1588 2348 racionibus
1614 2305 1894 2356 institerunt,

130 2375 251 2428 quod
283 2379 643 2429 expectarentur
678 2377 817 2429 legati
852 2376 1056 2419 Castelle
1090 2379 1134 2418 et
1170 2388 1312 2429 super
1345 2377 1431 2418 hoc
1465 2377 1586 2418 inter
1620 2379 1778 2429 partes
1811 2388 1896 2429 per

130 2458 336 2489 mensem
373 2447 676 2500 disceptatum
715 2450 760 2489 et
796 2447 936 2489 nichil
975 2448 1260 2499 conclusum3
1301 2447 1358 2489 ab
1398 2447 1528 2489 initio
1565 2450 1717 2489 autem
1755 2446 1895 2499 legati

130 2517 330 2560 fuissent
351 2518 552 2560 contenti
575 2518 632 2560 de
655 2518 884 2561 dilacione
905 2531 1052 2571 usque
1076 2519 1134 2560 ad
1156 2518 1359 2560 medium
1382 2517 1592 2561 Octobris
1613 2519 1686 2559 vel
1711 2517 1769 2560 ad
1789 2518 1893 2570 plus

131 2587 188 2630 ad
208 2588 378 2631 festum
398 2588 610 2631 Omnium
632 2592 907 2631 sanctorum.
931 2589 985 2631 Et
1006 2589 1126 2631 inter
1148 2589 1393 2642 deputatos
1414 2589 1506 2631 duo
1526 2588 1612 2632 soli
1633 2588 1901 2630 cardinales*

131 2657 320 2701 fuerunt
342 2659 590 2713 opinionis,
612 2660 735 2712 quod
758 2663 1118 2713 expectarentur
1141 2660 1280 2712 legati
1305 2659 1522 2702 Castelle.
1558 2659 1712 2701 Ceteri
1735 2670 1896 2701 omnes

132 2732 301 2772 contra.
347 2730 402 2772 Et
434 2730 647 2773 transivit
680 2730 854 2772 mensis
888 2733 932 2772 et
966 2733 1036 2773 est
1071 2731 1161 2773 iam
1195 2731 1345 2784 prima
1380 2730 1481 2772 dies
1515 2729 1739 2782 Octobris,
1774 2727 1896 2782 quod

132 2798 271 2842 nichil
302 2803 374 2843 est
404 2800 589 2843 factum.

251 2871 442 2914 Interim
469 2871 613 2914 eciam
643 2875 791 2914 actum
819 2875 889 2914 est
920 2873 1039 2914 inter
1067 2871 1291 2925 quosdam
1320 2871 1565 2924 deputatos
1592 2870 1895 2912 cardinalium

133 2943 177 2983 et
205 2943 449 2985 nacionum
482 2955 623 2996 super
654 2942 868 2996 capitulis
899 2955 985 2996 pro
1015 2941 1313 2985 ordinacione
1345 2942 1540 2993 concilii,
1573 2941 1820 2984 Germanis
1851 2943 1896 2982 et

239 3096 269 3126 a)
289 3092 369 3126 fehlt
390 3094 427 3127 B,
450 3094 481 3127 C',
504 3094 544 3128 D,
565 3093 647 3122 wohl
670 3093 829 3129 Utreque;
854 3094 960 3121 Hardt
982 3094 1036 3121 IV
1049 3096 1102 3121 897
1125 3094 1155 3127 η·
1178 3093 1283 3121 Mansi
1304 3093 1428 3126 XXVII,
1447 3095 1507 3120 943.
1557 3092 1589 3125 b)
1611 3093 1639 3119 Β
1658 3089 1830 3125 prodictio.
