2102 3444
253 130 338 172 530
605 126 650 161 Il.
684 125 892 161 Abschnitt.
936 123 1140 157 Sermones
1171 121 1322 157 concilii
1352 119 1671 157 Constanciensis.

254 247 412 289 duccio
444 248 567 288 esset
600 245 645 285 in
680 243 746 285 rei
778 242 987 293 veritate,
1020 244 1126 283 tunc
1160 241 1316 293 aliqua
1348 244 1474 283 esset
1504 240 1552 282 in
1585 239 1766 283 diurnis
1798 240 2024 283 eternalis

254 316 512 370 produceio,
541 328 629 368 que
656 327 739 356 nec
765 317 835 355 est
861 311 1108 365 generacio
1134 323 1218 353 nec
1247 310 1446 364 spiracio
1472 323 1558 353 nec
1586 312 1767 354 creacio
1793 345 1802 353 .
1837 345 1846 354 .
1882 311 1932 366 .¹)

345 468 347 471 .
370 433 406 474 A
424 446 449 475 η
469 445 492 474 o
509 445 537 474 η
554 445 579 485 y
596 443 638 472 m
656 444 683 472 u
701 444 734 473 s.
1499 428 1549 470 In
1573 440 1690 471 cena
1717 428 1904 471 domini.

372 503 396 536 Τ
413 513 432 536 e
447 504 497 535 ,ΓΙ
517 511 527 535 .·
566 501 628 535 Sle
650 503 695 536 33
717 500 743 544 7¹.
766 502 846 535 303.

369 562 488 614 Ego
533 558 820 601 dominus
866 558 993 600 lavi
1040 558 1234 611 pedes
1279 560 1530 600 vestros
1566 595 1573 602 .
1610 591 1663 600 ..
1711 557 1896 599 Domini
1931 557 2020 599 mei

251 630 506 673 venerandi
539 664 547 672 .
583 664 591 672 .
627 663 635 672 .

249 750 284 790 :i
304 762 329 790 η
349 761 372 790 o
389 761 417 790 η
434 761 459 801 y
475 760 519 789 m
535 761 563 790 u
580 759 613 790 8.
1710 745 1834 799 Sept.
1862 745 1902 788 8.

370 818 495 852 Tea-t
516 827 526 852 .·
568 817 608 850 W
631 817 724 852 4958
747 816 773 861 f.
802 818 877 852 101.

367 875 750 929 Egredietur
797 876 973 928 virga
1012 875 1080 916 de
1117 875 1334 916 radice
1371 874 1553 916 Jesse
1595 874 1711 928 (Ysa
1735 874 1840 928 XI).
1877 872 2022 916 Reve-

249 947 515 989 rendissimi
551 950 709 999 patres
745 950 789 988 et
825 946 1012 988 domini.
1061 945 1270 988 Jocunda
1304 945 1534 987 festivitas
1569 947 1614 987 et
1649 944 1806 988 suavis
1839 948 1910 987 est
1940 945 2021 997 ita,

249 1019 295 1059 in
317 1031 408 1071 qua
426 1017 561 1060 nobis
583 1017 640 1059 ad
663 1018 934 1059 memoriam
956 1016 1206 1069 reducitur,
1229 1016 1458 1069 quomodo
1480 1028 1671 1069 egressa
1690 1019 1764 1059 est
1785 1015 1842 1058 de
1865 1015 2020 1059 radice

246 1089 380 1131 Jesse
407 1087 537 1141 virga
564 1121 572 1129 .
608 1120 616 1129 .
653 1121 660 1129 .

247 1206 280 1247 ‚4
302 1219 328 1247 η
347 1218 370 1247 o
386 1218 415 1247 η
431 1217 457 1259 y
473 1218 517 1247 m
532 1218 562 1247 u
577 1218 612 1248 s.

368 1275 392 1308 T
409 1277 493 1309 exc
513 1285 524 1309 .·
562 1275 624 1309 See
646 1276 692 1310 33
714 1275 740 1318 Ῐ.
767 1275 843 1309 154.

364 1335 470 1376 Ele
487 1335 573 1387 git
609 1346 731 1376 nos.
772 1334 865 1388 (Ad
890 1334 1059 1387 Ephes.
1085 1334 1236 1387 primo
1259 1338 1305 1377 et
1333 1334 1376 1375 II
1402 1333 1461 1375 ad
1485 1333 1695 1375 Thessal.
1724 1332 1781 1375 ΙΙ.
1807 1332 1928 1387 cap.)

245 1405 291 1447 Si
323 1405 490 1448 mentis
519 1417 621 1446 mee
654 1405 864 1447 inhercia
894 1404 1145 1457 diligenter
1176 1403 1382 1446 attendat
1412 1438 1421 1446 .
1457 1437 1466 1446 .
1500 1438 1510 1446 .

243 1522 526 1565 Andreas
563 1521 812 1565 Grecus.
1770 1521 1897 1564 1416.

366 1592 491 1626 Text
511 1602 522 1627 .·
562 1592 640 1626 Mai
667 1593 734 1627 116
757 1592 784 1636 f.
810 1592 864 1627 69.
1576 1598 1580 1602 “

360 1650 407 1693 Si
434 1651 538 1704 quis
566 1654 785 1704 vestrum,
813 1650 1198 1693 reverendissimi
1228 1650 1401 1693 domini
1428 1651 1521 1693 mei
1549 1649 1670 1692 forte
1698 1649 1892 1692 miratur
1919 1648 2016 1692 sive

243 1721 483 1774 indignum
527 1734 599 1764 me
645 1721 816 1764 iudicat
862 1755 915 1765 ..
950 1756 959 1764 .
1017 1721 1259 1763 Etenim
1329 1721 1388 1763 in
1444 1733 1562 1763 uno
1614 1719 1853 1774 spiritu
1906 1731 2016 1762 nos

243 1804 452 1835 omnes
493 1792 552 1834 in
595 1805 776 1835 unum
819 1804 1045 1845 corpus
1089 1791 1402 1845 baptizati
1446 1804 1652 1835 sumus
1696 1792 1830 1835 sive
1872 1803 2016 1844 gen-

241 1863 397 1906 tiles
434 1863 491 1918 (Ι.
518 1863 620 1906 Cor.
646 1863 854 1918 12‚13).
890 1897 899 1906 .
935 1897 943 1906 .

240 1980 278 2021 A
294 1993 323 2021 η
341 1992 364 2022 ο
381 1993 408 2022 n
425 1993 451 2034 y
467 1993 512 2022 m
526 1993 556 2022 u
571 1993 606 2023 s.
1537 1979 1589 2022 In
1622 1980 1895 2023 Parasceve.

358 2050 484 2084 Text
505 2060 515 2084 .·
556 2050 607 2085 Be
633 2051 700 2086 632
725 2050 750 2094 Ϊ.
776 2051 863 2094 299;
893 2051 955 2085 Miz
983 2051 1072 2086 5421
1097 2051 1123 2095 Ῐ.
1153 2051 1229 2086 192.

359 2108 381 2150 Ι
395 2122 424 2151 η
441 2109 468 2150 h
486 2122 510 2151 α
528 2110 541 2151 l
558 2115 571 2151 t
589 2123 602 2152 .·
645 2109 1068 2162 Ραεεὶοηεῃνράῖρι.

359 2179 751 2223 Exclamavit
788 2193 934 2222 voce
974 2193 1187 2234 magna
1226 2183 1282 2223 et
1322 2179 1514 2223 dixit:
1558 2179 1813 2222 Domine
1853 2178 2015 2221 Deus

242 2252 492 2302 eterne,
546 2262 686 2292 ecce
739 2251 971 2293 morior
1024 2263 1148 2293 cum
1202 2251 1404 2293 nichil
1457 2251 1670 2293 horum
1722 2248 2013 2301 fecerim,

242 2332 355 2372 que
418 2319 527 2362 isti
589 2321 920 2364 maliciose
982 2326 1474 2375 composuerunt
1535 2321 1867 2363 adversum
1927 2331 2012 2362 me

244 2391 381 2444 (Dan.
406 2390 574 2445 XIII.).

356 2461 618 2504 Secundum
647 2462 954 2515 Augustinum
984 2463 1042 2505 ad
1070 2463 1332 2516 pacientem
1359 2476 1446 2516 pro
1472 2462 1607 2505 nobis
1636 2462 1862 2505 debemus
1891 2460 2010 2515 aspi-

239 2543 344 2573 cere
375 2535 419 2574 et
450 2532 507 2574 ad
536 2531 810 2574 crucifixum
841 2533 1097 2586 attendere,
1128 2536 1176 2575 ut
1203 2536 1325 2576 totus
1353 2533 1490 2576 nobis
1519 2533 1751 2587 figuretur
1778 2532 1826 2574 in
1855 2531 2009 2584 corde,

241 2603 317 2654 qui
349 2605 470 2644 totus
501 2615 586 2655 pro
616 2603 751 2644 nobis
784 2602 872 2645 fuit
900 2602 1038 2644 hodie
1070 2603 1196 2646 fixus
1228 2605 1275 2645 in
1307 2616 1441 2646 cruce
1474 2637 1483 2646 .
1518 2636 1528 2646 .
1563 2637 1571 2646 .
1621 2603 1817 2657 Inspice,
1848 2601 2010 2656 inquit,

239 2673 435 2714 vulnera
488 2672 750 2725 pendentis,
804 2674 1077 2726 sanguinem
1132 2675 1388 2728 morientis,
1440 2674 1651 2727 precium
1691 2672 2006 2727 redimentisa)

240 2743 378 2785 vitam
417 2744 720 2796 resurgentis.
771 2743 904 2797 Vide,
941 2744 1103 2797 inquit,
1143 2745 1251 2797 quia
1289 2748 1426 2798 caput
1462 2745 1604 2787 habet
1642 2744 1913 2786 inclinatum
1950 2741 2008 2786 ad

239 2813 555 2866 osculandum,
583 2826 660 2855 cor
688 2817 899 2867 paratum
929 2815 986 2856 ad
1015 2814 1317 2869 diligendum,
1346 2828 1511 2857 manus
1539 2814 1806 2869 perforata-s
1833 2814 1891 2857 ad
1919 2815 2008 2857 lar-

342 2955 371 2980 a)
394 2952 437 2977 Be
458 2951 692 2979 redimendum.

357 3012 386 3053 ¹)
415 3011 567 3046 Reslner
592 3012 714 3046 :iliert
741 3013 815 3046 den
842 3012 980 3047 Doctor
1005 3012 1159 3047 subtilis
1184 3012 1381 3048 Johannes
1407 3014 1549 3049 Scotus.
