<?xml version="1.0" encoding="UTF-8"?>
<!DOCTYPE html PUBLIC "-//W3C//DTD XHTML 1.0 Transitional//EN"
    "http://www.w3.org/TR/xhtml1/DTD/xhtml1-transitional.dtd">
<html xmlns="http://www.w3.org/1999/xhtml" xml:lang="en" lang="en">
 <head>
  <title>
</title>
<meta http-equiv="Content-Type" content="text/html;charset=utf-8" />
  <meta name='ocr-system' content='tesseract 3.04.00' />
  <meta name='ocr-capabilities' content='ocr_page ocr_carea ocr_par ocr_line ocrx_word'/>
</head>
<body>
  <div class='ocr_page' id='page_1' title='image "./actaconciliicons02counuoft_0334.png"; bbox 0 0 2102 3444; ppageno 0'>
   <div class='ocr_carea' id='block_1_1' title="bbox 289 147 1527 193">
    <p class='ocr_par' dir='ltr' id='par_1_1' title="bbox 289 147 1527 193">
     <span class='ocr_line' id='line_1_1' title="bbox 289 147 1527 193; baseline -0.002 -8"><span class='ocrx_word' id='word_1_1' title='bbox 289 147 374 191; x_wconf 86' lang='lat'>320</span> <span class='ocrx_word' id='word_1_2' title='bbox 824 148 850 182; x_wconf 92' lang='lat'>1.</span> <span class='ocrx_word' id='word_1_3' title='bbox 876 147 1087 182; x_wconf 82' lang='lat' dir='ltr'>Abschnitt.</span> <span class='ocrx_word' id='word_1_4' title='bbox 1128 147 1527 193; x_wconf 77' lang='lat' dir='ltr'>Konzilstagebiicher.</span> 
     </span>
    </p>
   </div>
   <div class='ocr_carea' id='block_1_2' title="bbox 276 265 2095 2946">
    <p class='ocr_par' dir='ltr' id='par_1_2' title="bbox 277 265 2095 2663">
     <span class='ocr_line' id='line_1_2' title="bbox 291 265 2060 321; baseline 0.002 -14"><span class='ocrx_word' id='word_1_5' title='bbox 291 266 507 308; x_wconf 81' lang='lat' dir='ltr'>scribitur</span> <span class='ocrx_word' id='word_1_6' title='bbox 546 266 758 321; x_wconf 63' lang='lat' dir='ltr'>(judices</span> <span class='ocrx_word' id='word_1_7' title='bbox 792 266 917 321; x_wconf 87' lang='lat' dir='ltr'><strong>XX):</strong></span> <span class='ocrx_word' id='word_1_8' title='bbox 969 265 1195 308; x_wconf 89' lang='lat' dir='ltr'>Convenit</span> <span class='ocrx_word' id='word_1_9' title='bbox 1229 266 1511 310; x_wconf 90' lang='lat' dir='ltr'>universalis</span> <span class='ocrx_word' id='word_1_10' title='bbox 1546 268 1699 310; x_wconf 85' lang='lat' dir='ltr'>Jsrael</span> <span class='ocrx_word' id='word_1_11' title='bbox 1736 268 1795 310; x_wconf 92' lang='lat' dir='ltr'>ad</span> <span class='ocrx_word' id='word_1_12' title='bbox 1829 269 2060 311; x_wconf 89' lang='lat' dir='ltr'>civitatem</span> 
     </span>
     <span class='ocr_line' id='line_1_3' title="bbox 290 337 2061 393; baseline 0.002 -15"><span class='ocrx_word' id='word_1_13' title='bbox 290 337 422 389; x_wconf 83' lang='lat' dir='ltr'>quasi</span> <span class='ocrx_word' id='word_1_14' title='bbox 451 350 571 379; x_wconf 89' lang='lat' dir='ltr'>unus</span> <span class='ocrx_word' id='word_1_15' title='bbox 599 337 736 379; x_wconf 89' lang='lat' dir='ltr'>homo</span> <span class='ocrx_word' id='word_1_16' title='bbox 764 337 929 379; x_wconf 89' lang='lat' dir='ltr'>eadem</span> <span class='ocrx_word' id='word_1_17' title='bbox 958 341 1112 379; x_wconf 87' lang='lat' dir='ltr'>mente</span> <span class='ocrx_word' id='word_1_18' title='bbox 1143 350 1327 391; x_wconf 89' lang='lat' dir='ltr'>unoque</span> <span class='ocrx_word' id='word_1_19' title='bbox 1357 338 1562 381; x_wconf 89' lang='lat' dir='ltr'>consilio.</span> <span class='ocrx_word' id='word_1_20' title='bbox 1603 338 1817 381; x_wconf 86' lang='lat' dir='ltr'>Secundo</span> <span class='ocrx_word' id='word_1_21' title='bbox 1845 339 2061 393; x_wconf 91' lang='lat' dir='ltr'>apparuit</span> 
     </span>
     <span class='ocr_line' id='line_1_4' title="bbox 289 408 2061 463; baseline 0.002 -14"><span class='ocrx_word' id='word_1_22' title='bbox 289 408 453 449; x_wconf 85' lang='lat' dir='ltr'>eadem</span> <span class='ocrx_word' id='word_1_23' title='bbox 486 408 671 461; x_wconf 90' lang='lat' dir='ltr'>veritas,</span> <span class='ocrx_word' id='word_1_24' title='bbox 703 421 804 449; x_wconf 91' lang='lat' dir='ltr'>cum</span> <span class='ocrx_word' id='word_1_25' title='bbox 835 420 894 449; x_wconf 86' lang='lat' dir='ltr'>ex</span> <span class='ocrx_word' id='word_1_26' title='bbox 925 408 1106 451; x_wconf 90' lang='lat' dir='ltr'>duabus</span> <span class='ocrx_word' id='word_1_27' title='bbox 1137 408 1430 463; x_wconf 79' lang='lat' dir='ltr'>obedientiis,</span> <span class='ocrx_word' id='word_1_28' title='bbox 1461 422 1550 463; x_wconf 92' lang='lat' dir='ltr'>que</span> <span class='ocrx_word' id='word_1_29' title='bbox 1581 411 1714 463; x_wconf 90' lang='lat' dir='ltr'>prius</span> <span class='ocrx_word' id='word_1_30' title='bbox 1744 410 1830 452; x_wconf 91' lang='lat' dir='ltr'>sub</span> <span class='ocrx_word' id='word_1_31' title='bbox 1860 409 2061 452; x_wconf 89' lang='lat' dir='ltr'>diversis</span> 
     </span>
     <span class='ocr_line' id='line_1_5' title="bbox 288 478 2061 538; baseline 0.001 -17"><span class='ocrx_word' id='word_1_32' title='bbox 288 483 332 521; x_wconf 88' lang='lat' dir='ltr'>et</span> <span class='ocrx_word' id='word_1_33' title='bbox 362 480 573 522; x_wconf 89' lang='lat' dir='ltr'>adversis</span> <span class='ocrx_word' id='word_1_34' title='bbox 598 478 905 538; x_wconf 26' lang='lat' dir='ltr'>&#39;pontificibus</span> <span class='ocrx_word' id='word_1_35' title='bbox 933 479 1134 532; x_wconf 89' lang='lat' dir='ltr'>fuerant,</span> <span class='ocrx_word' id='word_1_36' title='bbox 1165 479 1397 533; x_wconf 84' lang='lat' dir='ltr'>quondam</span> <span class='ocrx_word' id='word_1_37' title='bbox 1427 480 1601 523; x_wconf 88' lang='lat' dir='ltr'>scilicet</span> <span class='ocrx_word' id='word_1_38' title='bbox 1631 481 1844 523; x_wconf 74' lang='lat' dir='ltr'>Johanne</span> <span class='ocrx_word' id='word_1_39' title='bbox 1873 484 1918 523; x_wconf 89' lang='lat' dir='ltr'>et</span> <span class='ocrx_word' id='word_1_40' title='bbox 1948 480 2061 524; x_wconf 90' lang='lat' dir='ltr'>Gre-</span> 
     </span>
     <span class='ocr_line' id='line_1_6' title="bbox 287 550 2060 606; baseline 0.002 -15"><span class='ocrx_word' id='word_1_41' title='bbox 287 550 418 602; x_wconf 83' lang='lat' dir='ltr'>gorio</span> <span class='ocrx_word' id='word_1_42' title='bbox 442 550 606 592; x_wconf 91' lang='lat' dir='ltr'>eodem</span> <span class='ocrx_word' id='word_1_43' title='bbox 632 553 789 592; x_wconf 88' lang='lat' dir='ltr'>sancto</span> <span class='ocrx_word' id='word_1_44' title='bbox 815 550 981 603; x_wconf 90' lang='lat' dir='ltr'>spiritu</span> <span class='ocrx_word' id='word_1_45' title='bbox 1007 554 1286 603; x_wconf 80' lang='lat' dir='ltr'>cooperante</span> <span class='ocrx_word' id='word_1_46' title='bbox 1314 551 1440 594; x_wconf 90' lang='lat' dir='ltr'>unita</span> <span class='ocrx_word' id='word_1_47' title='bbox 1466 552 1671 604; x_wconf 82' lang='lat' dir='ltr'>synodus</span> <span class='ocrx_word' id='word_1_48' title='bbox 1697 555 1742 594; x_wconf 90' lang='lat' dir='ltr'>et</span> <span class='ocrx_word' id='word_1_49' title='bbox 1766 552 2060 606; x_wconf 87' lang='lat' dir='ltr'>congregatio</span> 
     </span>
     <span class='ocr_line' id='line_1_7' title="bbox 290 621 2060 676; baseline 0.001 -13"><span class='ocrx_word' id='word_1_50' title='bbox 290 622 410 663; x_wconf 81' lang='lat' dir='ltr'>facta</span> <span class='ocrx_word' id='word_1_51' title='bbox 432 624 502 663; x_wconf 89' lang='lat' dir='ltr'>est</span> <span class='ocrx_word' id='word_1_52' title='bbox 525 624 569 662; x_wconf 90' lang='lat' dir='ltr'>et</span> <span class='ocrx_word' id='word_1_53' title='bbox 591 621 653 663; x_wconf 91' lang='lat' dir='ltr'>ita</span> <span class='ocrx_word' id='word_1_54' title='bbox 676 621 879 664; x_wconf 89' lang='lat' dir='ltr'>salvator</span> <span class='ocrx_word' id='word_1_55' title='bbox 902 624 1075 674; x_wconf 90' lang='lat' dir='ltr'>noster,</span> <span class='ocrx_word' id='word_1_56' title='bbox 1100 623 1177 675; x_wconf 93' lang='lat' dir='ltr'>qui</span> <span class='ocrx_word' id='word_1_57' title='bbox 1200 625 1270 664; x_wconf 90' lang='lat' dir='ltr'>est</span> <span class='ocrx_word' id='word_1_58' title='bbox 1290 635 1384 676; x_wconf 84' lang='lat' dir='ltr'>pax</span> <span class='ocrx_word' id='word_1_59' title='bbox 1406 635 1530 675; x_wconf 88' lang='lat' dir='ltr'>vera,</span> <span class='ocrx_word' id='word_1_60' title='bbox 1553 623 1663 664; x_wconf 79' lang='lat' dir='ltr'>fecit</span> <span class='ocrx_word' id='word_1_61' title='bbox 1686 625 1930 676; x_wconf 93' lang='lat' dir='ltr'>utramque</span> <span class='ocrx_word' id='word_1_62' title='bbox 1953 622 2060 665; x_wconf 92' lang='lat' dir='ltr'>obe-</span> 
     </span>
     <span class='ocr_line' id='line_1_8' title="bbox 289 691 2060 748; baseline 0.002 -15"><span class='ocrx_word' id='word_1_63' title='bbox 289 691 509 734; x_wconf 90' lang='lat' dir='ltr'>dientiam</span> <span class='ocrx_word' id='word_1_64' title='bbox 539 704 682 734; x_wconf 90' lang='lat' dir='ltr'>unum</span> <span class='ocrx_word' id='word_1_65' title='bbox 713 692 1021 735; x_wconf 88' lang='lat' dir='ltr'>reconsilians</span> <span class='ocrx_word' id='word_1_66' title='bbox 1050 705 1135 735; x_wconf 85' lang='lat' dir='ltr'>nos</span> <span class='ocrx_word' id='word_1_67' title='bbox 1166 694 1213 734; x_wconf 91' lang='lat' dir='ltr'>in</span> <span class='ocrx_word' id='word_1_68' title='bbox 1244 706 1336 735; x_wconf 91' lang='lat' dir='ltr'>uno</span> <span class='ocrx_word' id='word_1_69' title='bbox 1366 706 1560 746; x_wconf 90' lang='lat' dir='ltr'>corpore</span> <span class='ocrx_word' id='word_1_70' title='bbox 1595 693 1732 747; x_wconf 87' lang='lat' dir='ltr'>(Eph.</span> <span class='ocrx_word' id='word_1_71' title='bbox 1762 693 1864 748; x_wconf 95' lang='lat' dir='ltr'>VI).</span> <span class='ocrx_word' id='word_1_72' title='bbox 1907 693 2060 747; x_wconf 89' lang='lat' dir='ltr'>Appa-</span> 
     </span>
     <span class='ocr_line' id='line_1_9' title="bbox 288 763 2061 818; baseline 0.002 -15"><span class='ocrx_word' id='word_1_73' title='bbox 288 764 378 804; x_wconf 83' lang='lat' dir='ltr'>ruit</span> <span class='ocrx_word' id='word_1_74' title='bbox 411 767 454 804; x_wconf 89' lang='lat' dir='ltr'>et</span> <span class='ocrx_word' id='word_1_75' title='bbox 486 763 621 805; x_wconf 90' lang='lat' dir='ltr'>tertio</span> <span class='ocrx_word' id='word_1_76' title='bbox 654 775 755 805; x_wconf 92' lang='lat' dir='ltr'>cum</span> <span class='ocrx_word' id='word_1_77' title='bbox 788 776 873 816; x_wconf 88' lang='lat' dir='ltr'>per</span> <span class='ocrx_word' id='word_1_78' title='bbox 906 763 1555 818; x_wconf 71' lang='lat' dir='ltr'>ministerium²²)serenissimi</span> <span class='ocrx_word' id='word_1_79' title='bbox 1587 764 1813 818; x_wconf 88' lang='lat' dir='ltr'>principis</span> <span class='ocrx_word' id='word_1_80' title='bbox 1847 764 1889 806; x_wconf 91' lang='lat' dir='ltr'>d.</span> <span class='ocrx_word' id='word_1_81' title='bbox 1921 764 2061 818; x_wconf 86' lang='lat' dir='ltr'>Sigis-</span> 
     </span>
     <span class='ocr_line' id='line_1_10' title="bbox 288 834 2060 889; baseline 0.001 -15"><span class='ocrx_word' id='word_1_82' title='bbox 288 834 445 875; x_wconf 87' lang='lat' dir='ltr'>mundi</span> <span class='ocrx_word' id='word_1_83' title='bbox 476 834 789 876; x_wconf 87' lang='lat' dir='ltr'>Romanorum</span> <span class='ocrx_word' id='word_1_84' title='bbox 819 838 865 877; x_wconf 92' lang='lat' dir='ltr'>et</span> <span class='ocrx_word' id='word_1_85' title='bbox 897 835 1135 889; x_wconf 88' lang='lat' dir='ltr'>Hungarie</span> <span class='ocrx_word' id='word_1_86' title='bbox 1166 836 1292 889; x_wconf 89' lang='lat' dir='ltr'>regis</span> <span class='ocrx_word' id='word_1_87' title='bbox 1324 847 1512 888; x_wconf 90' lang='lat' dir='ltr'>semper</span> <span class='ocrx_word' id='word_1_88' title='bbox 1544 836 1740 888; x_wconf 82' lang='lat' dir='ltr'>augusti,</span> <span class='ocrx_word' id='word_1_89' title='bbox 1774 835 1904 878; x_wconf 88' lang='lat' dir='ltr'>cuius</span> <span class='ocrx_word' id='word_1_90' title='bbox 1936 835 2060 877; x_wconf 92' lang='lat' dir='ltr'>miri-</span> 
     </span>
     <span class='ocr_line' id='line_1_11' title="bbox 287 906 2059 959; baseline 0.001 -13"><span class='ocrx_word' id='word_1_91' title='bbox 287 906 375 947; x_wconf 75' lang='lat' dir='ltr'>fica</span> <span class='ocrx_word' id='word_1_92' title='bbox 403 909 534 958; x_wconf 87' lang='lat' dir='ltr'>gesta</span> <span class='ocrx_word' id='word_1_93' title='bbox 561 906 691 947; x_wconf 89' lang='lat' dir='ltr'>nulle</span> <span class='ocrx_word' id='word_1_94' title='bbox 720 906 779 947; x_wconf 91' lang='lat' dir='ltr'>ad</span> <span class='ocrx_word' id='word_1_95' title='bbox 806 906 1136 959; x_wconf 86' lang='lat' dir='ltr'>explicandum</span> <span class='ocrx_word' id='word_1_96' title='bbox 1166 907 1299 948; x_wconf 89' lang='lat' dir='ltr'>litere</span> <span class='ocrx_word' id='word_1_97' title='bbox 1330 906 1585 959; x_wconf 88' lang='lat' dir='ltr'>sufficiunt,</span> <span class='ocrx_word' id='word_1_98' title='bbox 1613 910 1658 948; x_wconf 90' lang='lat' dir='ltr'>et</span> <span class='ocrx_word' id='word_1_99' title='bbox 1687 906 1883 948; x_wconf 91' lang='lat' dir='ltr'>aliorum</span> <span class='ocrx_word' id='word_1_100' title='bbox 1911 909 2059 949; x_wconf 89' lang='lat' dir='ltr'>orato-</span> 
     </span>
     <span class='ocr_line' id='line_1_12' title="bbox 287 977 2057 1031; baseline 0.001 -15"><span class='ocrx_word' id='word_1_101' title='bbox 287 989 387 1017; x_wconf 91' lang='lat' dir='ltr'>rum</span> <span class='ocrx_word' id='word_1_102' title='bbox 414 977 552 1019; x_wconf 91' lang='lat' dir='ltr'>huius</span> <span class='ocrx_word' id='word_1_103' title='bbox 577 977 696 1019; x_wconf 87' lang='lat' dir='ltr'>sacri</span> <span class='ocrx_word' id='word_1_104' title='bbox 722 977 904 1019; x_wconf 90' lang='lat' dir='ltr'>concilii</span> <span class='ocrx_word' id='word_1_105' title='bbox 929 981 974 1019; x_wconf 90' lang='lat' dir='ltr'>et</span> <span class='ocrx_word' id='word_1_106' title='bbox 998 990 1083 1031; x_wconf 90' lang='lat' dir='ltr'>per</span> <span class='ocrx_word' id='word_1_107' title='bbox 1108 977 1260 1030; x_wconf 90' lang='lat' dir='ltr'>ipsum</span> <span class='ocrx_word' id='word_1_108' title='bbox 1286 977 1530 1019; x_wconf 90' lang='lat' dir='ltr'>concilium</span> <span class='ocrx_word' id='word_1_109' title='bbox 1557 978 1615 1019; x_wconf 92' lang='lat' dir='ltr'>ad</span> <span class='ocrx_word' id='word_1_110' title='bbox 1638 981 1798 1031; x_wconf 91' lang='lat' dir='ltr'>partes</span> <span class='ocrx_word' id='word_1_111' title='bbox 1823 977 2057 1031; x_wconf 85' lang='lat' dir='ltr'>Aragonie</span> 
     </span>
     <span class='ocr_line' id='line_1_13' title="bbox 288 1047 2058 1102; baseline 0.001 -14"><span class='ocrx_word' id='word_1_112' title='bbox 288 1048 667 1090; x_wconf 83' lang='lat' dir='ltr'>transmissorum</span> <span class='ocrx_word' id='word_1_113' title='bbox 694 1047 829 1090; x_wconf 90' lang='lat' dir='ltr'>simul</span> <span class='ocrx_word' id='word_1_114' title='bbox 858 1061 960 1089; x_wconf 90' lang='lat' dir='ltr'>cum</span> <span class='ocrx_word' id='word_1_115' title='bbox 987 1048 1290 1090; x_wconf 90' lang='lat' dir='ltr'>serenissimo</span> <span class='ocrx_word' id='word_1_116' title='bbox 1316 1052 1423 1090; x_wconf 90' lang='lat' dir='ltr'>tunc</span> <span class='ocrx_word' id='word_1_117' title='bbox 1450 1061 1559 1102; x_wconf 89' lang='lat' dir='ltr'>rege</span> <span class='ocrx_word' id='word_1_118' title='bbox 1586 1048 1854 1102; x_wconf 84' lang='lat' dir='ltr'>Aragonum</span> <span class='ocrx_word' id='word_1_119' title='bbox 1881 1048 1922 1090; x_wconf 92' lang='lat' dir='ltr'>d.</span> <span class='ocrx_word' id='word_1_120' title='bbox 1951 1048 2058 1090; x_wconf 91' lang='lat' dir='ltr'>Fer-</span> 
     </span>
     <span class='ocr_line' id='line_1_14' title="bbox 286 1118 2058 1173; baseline 0 -13"><span class='ocrx_word' id='word_1_121' title='bbox 286 1119 491 1161; x_wconf 88' lang='lat' dir='ltr'>dinando</span> <span class='ocrx_word' id='word_1_122' title='bbox 517 1121 563 1161; x_wconf 90' lang='lat' dir='ltr'>et</span> <span class='ocrx_word' id='word_1_123' title='bbox 590 1118 747 1161; x_wconf 90' lang='lat' dir='ltr'>inclito</span> <span class='ocrx_word' id='word_1_124' title='bbox 773 1118 875 1161; x_wconf 90' lang='lat' dir='ltr'>eius</span> <span class='ocrx_word' id='word_1_125' title='bbox 901 1119 1211 1172; x_wconf 85' lang='lat' dir='ltr'>primogenito</span> <span class='ocrx_word' id='word_1_126' title='bbox 1239 1119 1280 1161; x_wconf 89' lang='lat' dir='ltr'>d.</span> <span class='ocrx_word' id='word_1_127' title='bbox 1308 1119 1506 1161; x_wconf 88' lang='lat' dir='ltr'>Alfonso</span> <span class='ocrx_word' id='word_1_128' title='bbox 1534 1132 1655 1161; x_wconf 91' lang='lat' dir='ltr'>nunc</span> <span class='ocrx_word' id='word_1_129' title='bbox 1681 1122 1786 1173; x_wconf 91' lang='lat' dir='ltr'>post</span> <span class='ocrx_word' id='word_1_130' title='bbox 1814 1119 2058 1172; x_wconf 86' lang='lat' dir='ltr'>lugubrem</span> 
     </span>
     <span class='ocr_line' id='line_1_15' title="bbox 286 1190 2057 1244; baseline 0.001 -13"><span class='ocrx_word' id='word_1_131' title='bbox 286 1194 329 1232; x_wconf 91' lang='lat' dir='ltr'>et</span> <span class='ocrx_word' id='word_1_132' title='bbox 364 1191 469 1231; x_wconf 87' lang='lat' dir='ltr'>huic</span> <span class='ocrx_word' id='word_1_133' title='bbox 504 1190 698 1232; x_wconf 89' lang='lat' dir='ltr'>concilio</span> <span class='ocrx_word' id='word_1_134' title='bbox 735 1190 987 1232; x_wconf 91' lang='lat' dir='ltr'>dolendum</span> <span class='ocrx_word' id='word_1_135' title='bbox 1023 1190 1197 1232; x_wconf 91' lang='lat' dir='ltr'>obitum</span> <span class='ocrx_word' id='word_1_136' title='bbox 1232 1190 1380 1244; x_wconf 90' lang='lat' dir='ltr'>ipsius</span> <span class='ocrx_word' id='word_1_137' title='bbox 1416 1191 1457 1233; x_wconf 92' lang='lat' dir='ltr'>d.</span> <span class='ocrx_word' id='word_1_138' title='bbox 1495 1190 1780 1233; x_wconf 90' lang='lat' dir='ltr'>Ferdinandi</span> <span class='ocrx_word' id='word_1_139' title='bbox 1816 1192 1864 1232; x_wconf 93' lang='lat' dir='ltr'>in</span> <span class='ocrx_word' id='word_1_140' title='bbox 1899 1202 2057 1244; x_wconf 87' lang='lat' dir='ltr'>regem</span> 
     </span>
     <span class='ocr_line' id='line_1_16' title="bbox 286 1261 2058 1315; baseline 0.001 -13"><span class='ocrx_word' id='word_1_141' title='bbox 286 1262 384 1303; x_wconf 89' lang='lat' dir='ltr'>loco</span> <span class='ocrx_word' id='word_1_142' title='bbox 412 1261 560 1314; x_wconf 89' lang='lat' dir='ltr'>patris</span> <span class='ocrx_word' id='word_1_143' title='bbox 589 1264 827 1314; x_wconf 88' lang='lat' dir='ltr'>assumpto</span> <span class='ocrx_word' id='word_1_144' title='bbox 857 1264 994 1314; x_wconf 92' lang='lat' dir='ltr'>atque</span> <span class='ocrx_word' id='word_1_145' title='bbox 1025 1274 1125 1303; x_wconf 92' lang='lat' dir='ltr'>cum</span> <span class='ocrx_word' id='word_1_146' title='bbox 1156 1261 1260 1303; x_wconf 89' lang='lat' dir='ltr'>aliis</span> <span class='ocrx_word' id='word_1_147' title='bbox 1290 1262 1479 1315; x_wconf 88' lang='lat' dir='ltr'>regibus</span> <span class='ocrx_word' id='word_1_148' title='bbox 1508 1266 1553 1304; x_wconf 92' lang='lat' dir='ltr'>et</span> <span class='ocrx_word' id='word_1_149' title='bbox 1580 1261 1871 1315; x_wconf 90' lang='lat' dir='ltr'>principibus</span> <span class='ocrx_word' id='word_1_150' title='bbox 1901 1261 2058 1303; x_wconf 92' lang='lat' dir='ltr'>obedi-</span> 
     </span>
     <span class='ocr_line' id='line_1_17' title="bbox 285 1332 2058 1386; baseline 0 -12"><span class='ocrx_word' id='word_1_151' title='bbox 285 1333 407 1374; x_wconf 87' lang='lat' dir='ltr'>entie</span> <span class='ocrx_word' id='word_1_152' title='bbox 430 1333 472 1375; x_wconf 85' lang='lat' dir='ltr'>d.</span> <span class='ocrx_word' id='word_1_153' title='bbox 494 1332 733 1374; x_wconf 85' lang='lat' dir='ltr'>Benedicti</span> <span class='ocrx_word' id='word_1_154' title='bbox 755 1333 820 1375; x_wconf 91' lang='lat' dir='ltr'>sic</span> <span class='ocrx_word' id='word_1_155' title='bbox 841 1333 889 1374; x_wconf 91' lang='lat' dir='ltr'>in</span> <span class='ocrx_word' id='word_1_156' title='bbox 911 1345 994 1375; x_wconf 90' lang='lat' dir='ltr'>sua</span> <span class='ocrx_word' id='word_1_157' title='bbox 1015 1332 1282 1375; x_wconf 82' lang='lat' dir='ltr'>obedientia</span> <span class='ocrx_word' id='word_1_158' title='bbox 1301 1333 1525 1375; x_wconf 91' lang='lat' dir='ltr'>nominati</span> <span class='ocrx_word' id='word_1_159' title='bbox 1547 1345 1631 1375; x_wconf 91' lang='lat' dir='ltr'>seu</span> <span class='ocrx_word' id='word_1_160' title='bbox 1651 1333 1860 1386; x_wconf 89' lang='lat' dir='ltr'>ipsorum</span> <span class='ocrx_word' id='word_1_161' title='bbox 1882 1335 2058 1386; x_wconf 82' lang='lat' dir='ltr'>specta-</span> 
     </span>
     <span class='ocr_line' id='line_1_18' title="bbox 285 1402 2055 1457; baseline 0.001 -14"><span class='ocrx_word' id='word_1_162' title='bbox 285 1403 457 1446; x_wconf 87' lang='lat' dir='ltr'>bilibus</span> <span class='ocrx_word' id='word_1_163' title='bbox 487 1402 750 1446; x_wconf 88' lang='lat' dir='ltr'>oratoribus</span> <span class='ocrx_word' id='word_1_164' title='bbox 779 1403 892 1446; x_wconf 90' lang='lat' dir='ltr'>inita</span> <span class='ocrx_word' id='word_1_165' title='bbox 921 1403 1008 1446; x_wconf 90' lang='lat' dir='ltr'>fuit</span> <span class='ocrx_word' id='word_1_166' title='bbox 1036 1403 1281 1446; x_wconf 89' lang='lat' dir='ltr'>concordia</span> <span class='ocrx_word' id='word_1_167' title='bbox 1309 1416 1452 1457; x_wconf 90' lang='lat' dir='ltr'>super</span> <span class='ocrx_word' id='word_1_168' title='bbox 1479 1416 1593 1457; x_wconf 88' lang='lat' dir='ltr'>pace</span> <span class='ocrx_word' id='word_1_169' title='bbox 1622 1407 1668 1446; x_wconf 93' lang='lat' dir='ltr'>et</span> <span class='ocrx_word' id='word_1_170' title='bbox 1695 1404 1869 1445; x_wconf 91' lang='lat' dir='ltr'>unione</span> <span class='ocrx_word' id='word_1_171' title='bbox 1899 1406 2055 1446; x_wconf 89' lang='lat' dir='ltr'>sancte</span> 
     </span>
     <span class='ocr_line' id='line_1_19' title="bbox 284 1474 2055 1528; baseline 0.001 -14"><span class='ocrx_word' id='word_1_172' title='bbox 284 1474 443 1517; x_wconf 89' lang='lat' dir='ltr'>matris</span> <span class='ocrx_word' id='word_1_173' title='bbox 470 1474 668 1516; x_wconf 84' lang='lat' dir='ltr'>ecclesie</span> <span class='ocrx_word' id='word_1_174' title='bbox 697 1475 783 1517; x_wconf 92' lang='lat' dir='ltr'>sub</span> <span class='ocrx_word' id='word_1_175' title='bbox 811 1474 950 1518; x_wconf 90' lang='lat' dir='ltr'>certis</span> <span class='ocrx_word' id='word_1_176' title='bbox 977 1474 1191 1527; x_wconf 88' lang='lat' dir='ltr'>capitulis</span> <span class='ocrx_word' id='word_1_177' title='bbox 1218 1474 1338 1516; x_wconf 90' lang='lat' dir='ltr'>inter</span> <span class='ocrx_word' id='word_1_178' title='bbox 1365 1487 1446 1517; x_wconf 91' lang='lat' dir='ltr'>eos</span> <span class='ocrx_word' id='word_1_179' title='bbox 1474 1487 1616 1528; x_wconf 91' lang='lat' dir='ltr'>super</span> <span class='ocrx_word' id='word_1_180' title='bbox 1643 1474 1728 1517; x_wconf 87' lang='lat' dir='ltr'>hac</span> <span class='ocrx_word' id='word_1_181' title='bbox 1754 1486 1806 1516; x_wconf 90' lang='lat' dir='ltr'>re</span> <span class='ocrx_word' id='word_1_182' title='bbox 1833 1474 2055 1517; x_wconf 89' lang='lat' dir='ltr'>confectis</span> 
     </span>
     <span class='ocr_line' id='line_1_20' title="bbox 284 1545 2055 1599; baseline 0 -12"><span class='ocrx_word' id='word_1_183' title='bbox 284 1549 327 1587; x_wconf 89' lang='lat' dir='ltr'>et</span> <span class='ocrx_word' id='word_1_184' title='bbox 352 1546 400 1587; x_wconf 91' lang='lat' dir='ltr'>in</span> <span class='ocrx_word' id='word_1_185' title='bbox 422 1545 611 1599; x_wconf 90' lang='lat' dir='ltr'>publica</span> <span class='ocrx_word' id='word_1_186' title='bbox 634 1546 921 1588; x_wconf 91' lang='lat' dir='ltr'>munimenta</span> <span class='ocrx_word' id='word_1_187' title='bbox 946 1545 1147 1588; x_wconf 89' lang='lat' dir='ltr'>redactis</span> <span class='ocrx_word' id='word_1_188' title='bbox 1170 1549 1214 1588; x_wconf 91' lang='lat' dir='ltr'>et</span> <span class='ocrx_word' id='word_1_189' title='bbox 1239 1546 1286 1587; x_wconf 92' lang='lat' dir='ltr'>in</span> <span class='ocrx_word' id='word_1_190' title='bbox 1310 1546 1395 1588; x_wconf 91' lang='lat' dir='ltr'>hac</span> <span class='ocrx_word' id='word_1_191' title='bbox 1419 1558 1551 1588; x_wconf 89' lang='lat' dir='ltr'>sacra</span> <span class='ocrx_word' id='word_1_192' title='bbox 1576 1545 1752 1598; x_wconf 90' lang='lat' dir='ltr'>synodo</span> <span class='ocrx_word' id='word_1_193' title='bbox 1775 1548 1821 1587; x_wconf 89' lang='lat' dir='ltr'>et</span> <span class='ocrx_word' id='word_1_194' title='bbox 1843 1545 1928 1588; x_wconf 93' lang='lat' dir='ltr'>hoc</span> <span class='ocrx_word' id='word_1_195' title='bbox 1953 1545 2055 1599; x_wconf 89' lang='lat' dir='ltr'>ipso</span> 
     </span>
     <span class='ocr_line' id='line_1_21' title="bbox 283 1616 2054 1670; baseline 0.001 -13"><span class='ocrx_word' id='word_1_196' title='bbox 283 1617 382 1658; x_wconf 89' lang='lat' dir='ltr'>loco</span> <span class='ocrx_word' id='word_1_197' title='bbox 408 1616 524 1659; x_wconf 91' lang='lat' dir='ltr'>alias</span> <span class='ocrx_word' id='word_1_198' title='bbox 552 1617 683 1659; x_wconf 89' lang='lat' dir='ltr'>lectis</span> <span class='ocrx_word' id='word_1_199' title='bbox 709 1620 755 1659; x_wconf 87' lang='lat' dir='ltr'>et</span> <span class='ocrx_word' id='word_1_200' title='bbox 780 1616 1029 1670; x_wconf 88' lang='lat' dir='ltr'>publicatis</span> <span class='ocrx_word' id='word_1_201' title='bbox 1055 1620 1100 1658; x_wconf 89' lang='lat' dir='ltr'>et</span> <span class='ocrx_word' id='word_1_202' title='bbox 1127 1616 1190 1659; x_wconf 92' lang='lat' dir='ltr'>sic</span> <span class='ocrx_word' id='word_1_203' title='bbox 1218 1617 1274 1658; x_wconf 90' lang='lat' dir='ltr'>de</span> <span class='ocrx_word' id='word_1_204' title='bbox 1301 1617 1451 1659; x_wconf 91' lang='lat' dir='ltr'>tribus</span> <span class='ocrx_word' id='word_1_205' title='bbox 1478 1616 1851 1659; x_wconf 89' lang='lat' dir='ltr'>obedientiarum</span> <span class='ocrx_word' id='word_1_206' title='bbox 1877 1616 2054 1658; x_wconf 91' lang='lat' dir='ltr'>cetibus</span> 
     </span>
     <span class='ocr_line' id='line_1_22' title="bbox 282 1687 2095 1742; baseline 0.001 -14"><span class='ocrx_word' id='word_1_207' title='bbox 282 1699 340 1728; x_wconf 79' lang='lat' dir='ltr'>ex</span> <span class='ocrx_word' id='word_1_208' title='bbox 369 1687 543 1729; x_wconf 87' lang='lat' dir='ltr'>unitate</span> <span class='ocrx_word' id='word_1_209' title='bbox 571 1687 816 1729; x_wconf 89' lang='lat' dir='ltr'>concordie</span> <span class='ocrx_word' id='word_1_210' title='bbox 844 1687 1008 1730; x_wconf 90' lang='lat' dir='ltr'>unicus</span> <span class='ocrx_word' id='word_1_211' title='bbox 1034 1687 1184 1730; x_wconf 88' lang='lat' dir='ltr'>factus</span> <span class='ocrx_word' id='word_1_212' title='bbox 1211 1690 1295 1742; x_wconf 91' lang='lat' dir='ltr'>est,</span> <span class='ocrx_word' id='word_1_213' title='bbox 1324 1691 1373 1730; x_wconf 91' lang='lat' dir='ltr'>ut</span> <span class='ocrx_word' id='word_1_214' title='bbox 1400 1687 1671 1730; x_wconf 81' lang='lat' dir='ltr'>verificetur</span> <span class='ocrx_word' id='word_1_215' title='bbox 1699 1688 1747 1730; x_wconf 92' lang='lat' dir='ltr'>in</span> <span class='ocrx_word' id='word_1_216' title='bbox 1774 1687 1910 1730; x_wconf 92' lang='lat' dir='ltr'>nobis</span> <span class='ocrx_word' id='word_1_217' title='bbox 1937 1687 2054 1729; x_wconf 92' lang='lat' dir='ltr'>illud</span> <span class='ocrx_word' id='word_1_218' title='bbox 2084 1700 2095 1704; x_wconf 80' lang='grc'><strong><em>·</em></strong></span> 
     </span>
     <span class='ocr_line' id='line_1_23' title="bbox 281 1757 2055 1813; baseline 0 -13"><span class='ocrx_word' id='word_1_219' title='bbox 281 1758 509 1800; x_wconf 58' lang='lat' dir='ltr'>tIohannis</span> <span class='ocrx_word' id='word_1_220' title='bbox 540 1758 752 1801; x_wconf 90' lang='lat' dir='ltr'>verbum:</span> <span class='ocrx_word' id='word_1_221' title='bbox 799 1759 875 1800; x_wconf 89' lang='lat' dir='ltr'>Hii</span> <span class='ocrx_word' id='word_1_222' title='bbox 905 1762 1001 1802; x_wconf 89' lang='lat' dir='ltr'>tres</span> <span class='ocrx_word' id='word_1_223' title='bbox 1033 1771 1176 1801; x_wconf 91' lang='lat' dir='ltr'>unum</span> <span class='ocrx_word' id='word_1_224' title='bbox 1208 1759 1369 1813; x_wconf 77' lang='lat' dir='ltr'>sunt1).</span> <span class='ocrx_word' id='word_1_225' title='bbox 1415 1759 1470 1801; x_wconf 92' lang='lat' dir='ltr'>Et</span> <span class='ocrx_word' id='word_1_226' title='bbox 1500 1759 1732 1812; x_wconf 91' lang='lat' dir='ltr'>premissa</span> <span class='ocrx_word' id='word_1_227' title='bbox 1763 1759 1904 1801; x_wconf 89' lang='lat' dir='ltr'>etiam</span> <span class='ocrx_word' id='word_1_228' title='bbox 1935 1757 2055 1812; x_wconf 90' lang='lat' dir='ltr'>capi-</span> 
     </span>
     <span class='ocr_line' id='line_1_24' title="bbox 280 1824 2054 1884; baseline 0.001 -15"><span class='ocrx_word' id='word_1_229' title='bbox 280 1830 375 1871; x_wconf 90' lang='lat' dir='ltr'>tula</span> <span class='ocrx_word' id='word_1_230' title='bbox 405 1833 450 1872; x_wconf 89' lang='lat' dir='ltr'>et</span> <span class='ocrx_word' id='word_1_231' title='bbox 477 1824 769 1872; x_wconf 84' lang='lat' dir='ltr'>concordiam</span> <span class='ocrx_word' id='word_1_232' title='bbox 797 1830 882 1872; x_wconf 90' lang='lat' dir='ltr'>hec</span> <span class='ocrx_word' id='word_1_233' title='bbox 911 1833 1068 1873; x_wconf 85' lang='lat' dir='ltr'>sancta</span> <span class='ocrx_word' id='word_1_234' title='bbox 1097 1829 1302 1883; x_wconf 87' lang='lat' dir='ltr'>synodus</span> <span class='ocrx_word' id='word_1_235' title='bbox 1330 1829 1619 1883; x_wconf 87' lang='lat' dir='ltr'>approbavit,</span> <span class='ocrx_word' id='word_1_236' title='bbox 1647 1833 1695 1871; x_wconf 92' lang='lat' dir='ltr'>ut</span> <span class='ocrx_word' id='word_1_237' title='bbox 1722 1829 1924 1884; x_wconf 91' lang='lat' dir='ltr'>publicis</span> <span class='ocrx_word' id='word_1_238' title='bbox 1951 1842 2054 1872; x_wconf 89' lang='lat' dir='ltr'>con-</span> 
     </span>
     <span class='ocr_line' id='line_1_25' title="bbox 282 1900 2053 1954; baseline 0.001 -13"><span class='ocrx_word' id='word_1_239' title='bbox 282 1903 368 1942; x_wconf 91' lang='lat' dir='ltr'>stat</span> <span class='ocrx_word' id='word_1_240' title='bbox 393 1900 696 1954; x_wconf 90' lang='lat' dir='ltr'>documentis,</span> <span class='ocrx_word' id='word_1_241' title='bbox 720 1913 806 1954; x_wconf 88' lang='lat' dir='ltr'>pro</span> <span class='ocrx_word' id='word_1_242' title='bbox 830 1913 1026 1954; x_wconf 90' lang='lat' dir='ltr'>quorum</span> <span class='ocrx_word' id='word_1_243' title='bbox 1051 1901 1190 1943; x_wconf 89' lang='lat' dir='ltr'>etiam</span> <span class='ocrx_word' id='word_1_244' title='bbox 1216 1900 1513 1943; x_wconf 87' lang='lat' dir='ltr'>observantia</span> <span class='ocrx_word' id='word_1_245' title='bbox 1538 1904 1584 1943; x_wconf 91' lang='lat' dir='ltr'>et</span> <span class='ocrx_word' id='word_1_246' title='bbox 1604 1900 1882 1943; x_wconf 82' lang='lat' dir='ltr'>executione</span> <span class='ocrx_word' id='word_1_247' title='bbox 1904 1903 2053 1943; x_wconf 89' lang='lat' dir='ltr'>trans-</span> 
     </span>
     <span class='ocr_line' id='line_1_26' title="bbox 280 1971 2051 2025; baseline 0.001 -13"><span class='ocrx_word' id='word_1_248' title='bbox 280 1971 404 2013; x_wconf 90' lang='lat' dir='ltr'>misit</span> <span class='ocrx_word' id='word_1_249' title='bbox 428 1971 486 2014; x_wconf 90' lang='lat' dir='ltr'>ad</span> <span class='ocrx_word' id='word_1_250' title='bbox 509 1971 701 2014; x_wconf 91' lang='lat' dir='ltr'>easdem</span> <span class='ocrx_word' id='word_1_251' title='bbox 724 1975 882 2025; x_wconf 89' lang='lat' dir='ltr'>partes</span> <span class='ocrx_word' id='word_1_252' title='bbox 909 1972 1139 2025; x_wconf 89' lang='lat' dir='ltr'>insignem</span> <span class='ocrx_word' id='word_1_253' title='bbox 1164 1975 1209 2014; x_wconf 91' lang='lat' dir='ltr'>et</span> <span class='ocrx_word' id='word_1_254' title='bbox 1233 1972 1441 2014; x_wconf 87' lang='lat' dir='ltr'>nobilem</span> <span class='ocrx_word' id='word_1_255' title='bbox 1465 1972 1613 2013; x_wconf 92' lang='lat' dir='ltr'>virum</span> <span class='ocrx_word' id='word_1_256' title='bbox 1639 1972 1681 2014; x_wconf 92' lang='lat' dir='ltr'>d.</span> <span class='ocrx_word' id='word_1_257' title='bbox 1707 1972 1969 2014; x_wconf 85' lang='lat' dir='ltr'>Johannem</span> <span class='ocrx_word' id='word_1_258' title='bbox 1994 1971 2051 2013; x_wconf 92' lang='lat' dir='ltr'>de</span> 
     </span>
     <span class='ocr_line' id='line_1_27' title="bbox 279 2042 2052 2096; baseline 0.001 -13"><span class='ocrx_word' id='word_1_259' title='bbox 279 2042 446 2095; x_wconf 91' lang='lat' dir='ltr'>Opizis,</span> <span class='ocrx_word' id='word_1_260' title='bbox 468 2043 761 2084; x_wconf 86' lang='lat' dir='ltr'>decretorum</span> <span class='ocrx_word' id='word_1_261' title='bbox 783 2043 1017 2085; x_wconf 89' lang='lat' dir='ltr'>doctorem</span> <span class='ocrx_word' id='word_1_262' title='bbox 1033 2046 1078 2085; x_wconf 91' lang='lat' dir='ltr'>et</span> <span class='ocrx_word' id='word_1_263' title='bbox 1094 2043 1212 2085; x_wconf 88' lang='lat' dir='ltr'>sacri</span> <span class='ocrx_word' id='word_1_264' title='bbox 1228 2043 1469 2096; x_wconf 88' lang='lat' dir='ltr'>apostolici</span> <span class='ocrx_word' id='word_1_265' title='bbox 1483 2044 1646 2096; x_wconf 88' lang='lat' dir='ltr'>palatii</span> <span class='ocrx_word' id='word_1_266' title='bbox 1662 2043 1935 2096; x_wconf 89' lang='lat' dir='ltr'>auditorem,</span> <span class='ocrx_word' id='word_1_267' title='bbox 1951 2055 2052 2084; x_wconf 93' lang='lat' dir='ltr'>cum</span> 
     </span>
     <span class='ocr_line' id='line_1_28' title="bbox 280 2112 2052 2168; baseline 0.001 -14"><span class='ocrx_word' id='word_1_268' title='bbox 280 2112 447 2155; x_wconf 82' lang='lat' dir='ltr'>litteris</span> <span class='ocrx_word' id='word_1_269' title='bbox 480 2113 813 2156; x_wconf 89' lang='lat' dir='ltr'>convocatoriis</span> <span class='ocrx_word' id='word_1_270' title='bbox 844 2117 890 2156; x_wconf 92' lang='lat' dir='ltr'>et</span> <span class='ocrx_word' id='word_1_271' title='bbox 922 2113 1063 2156; x_wconf 88' lang='lat' dir='ltr'>salvis</span> <span class='ocrx_word' id='word_1_272' title='bbox 1096 2114 1411 2167; x_wconf 90' lang='lat' dir='ltr'>conductibus,</span> <span class='ocrx_word' id='word_1_273' title='bbox 1442 2117 1581 2168; x_wconf 91' lang='lat' dir='ltr'>prout</span> <span class='ocrx_word' id='word_1_274' title='bbox 1611 2115 1659 2155; x_wconf 91' lang='lat' dir='ltr'>in</span> <span class='ocrx_word' id='word_1_275' title='bbox 1690 2113 1806 2168; x_wconf 90' lang='lat' dir='ltr'>ipsis</span> <span class='ocrx_word' id='word_1_276' title='bbox 1837 2113 2052 2167; x_wconf 89' lang='lat' dir='ltr'>capitulis</span> 
     </span>
     <span class='ocr_line' id='line_1_29' title="bbox 279 2184 2050 2238; baseline 0.001 -14"><span class='ocrx_word' id='word_1_277' title='bbox 279 2186 555 2225; x_wconf 90' lang='lat' dir='ltr'>conventum</span> <span class='ocrx_word' id='word_1_278' title='bbox 582 2187 696 2237; x_wconf 90' lang='lat' dir='ltr'>erat,</span> <span class='ocrx_word' id='word_1_279' title='bbox 725 2184 801 2237; x_wconf 92' lang='lat' dir='ltr'>qui</span> <span class='ocrx_word' id='word_1_280' title='bbox 830 2185 969 2226; x_wconf 91' lang='lat' dir='ltr'>etiam</span> <span class='ocrx_word' id='word_1_281' title='bbox 998 2185 1039 2226; x_wconf 92' lang='lat' dir='ltr'>d.</span> <span class='ocrx_word' id='word_1_282' title='bbox 1068 2185 1308 2228; x_wconf 78' lang='lat' dir='ltr'>Johannes</span> <span class='ocrx_word' id='word_1_283' title='bbox 1337 2185 1586 2238; x_wconf 85' lang='lat' dir='ltr'>diligenter</span> <span class='ocrx_word' id='word_1_284' title='bbox 1613 2188 1836 2228; x_wconf 85' lang='lat' dir='ltr'>executus</span> <span class='ocrx_word' id='word_1_285' title='bbox 1859 2187 1933 2227; x_wconf 89' lang='lat' dir='ltr'>est</span> <span class='ocrx_word' id='word_1_286' title='bbox 1960 2184 2050 2226; x_wconf 91' lang='lat' dir='ltr'>sibi</span> 
     </span>
     <span class='ocr_line' id='line_1_30' title="bbox 279 2254 2049 2309; baseline 0.001 -13"><span class='ocrx_word' id='word_1_287' title='bbox 279 2254 482 2297; x_wconf 92' lang='lat' dir='ltr'>iniuncta</span> <span class='ocrx_word' id='word_1_288' title='bbox 517 2258 562 2297; x_wconf 93' lang='lat' dir='ltr'>et</span> <span class='ocrx_word' id='word_1_289' title='bbox 597 2255 753 2297; x_wconf 91' lang='lat' dir='ltr'>omnia</span> <span class='ocrx_word' id='word_1_290' title='bbox 787 2259 831 2297; x_wconf 89' lang='lat' dir='ltr'>et</span> <span class='ocrx_word' id='word_1_291' title='bbox 867 2256 1050 2308; x_wconf 87' lang='lat' dir='ltr'>singula</span> <span class='ocrx_word' id='word_1_292' title='bbox 1084 2255 1265 2309; x_wconf 85' lang='lat' dir='ltr'>peregit</span> <span class='ocrx_word' id='word_1_293' title='bbox 1301 2256 1555 2298; x_wconf 90' lang='lat' dir='ltr'>secundum</span> <span class='ocrx_word' id='word_1_294' title='bbox 1591 2255 1789 2298; x_wconf 89' lang='lat' dir='ltr'>formam</span> <span class='ocrx_word' id='word_1_295' title='bbox 1825 2255 2049 2298; x_wconf 88' lang='lat' dir='ltr'>dictorum</span> 
     </span>
     <span class='ocr_line' id='line_1_31' title="bbox 279 2325 2049 2379; baseline 0.001 -12"><span class='ocrx_word' id='word_1_296' title='bbox 279 2325 584 2379; x_wconf 90' lang='lat' dir='ltr'>capitulorum</span> <span class='ocrx_word' id='word_1_297' title='bbox 627 2326 866 2378; x_wconf 88' lang='lat' dir='ltr'>dictasque</span> <span class='ocrx_word' id='word_1_298' title='bbox 910 2326 1087 2368; x_wconf 89' lang='lat' dir='ltr'>litteras</span> <span class='ocrx_word' id='word_1_299' title='bbox 1129 2326 1474 2369; x_wconf 85' lang='lat' dir='ltr'>convocatorias</span> <span class='ocrx_word' id='word_1_300' title='bbox 1516 2330 1561 2369; x_wconf 91' lang='lat' dir='ltr'>et</span> <span class='ocrx_word' id='word_1_301' title='bbox 1602 2327 1757 2369; x_wconf 88' lang='lat' dir='ltr'>salvos</span> <span class='ocrx_word' id='word_1_302' title='bbox 1799 2325 2049 2369; x_wconf 91' lang='lat' dir='ltr'>conductus</span> 
     </span>
     <span class='ocr_line' id='line_1_32' title="bbox 279 2396 2050 2451; baseline 0.001 -14"><span class='ocrx_word' id='word_1_303' title='bbox 279 2396 566 2448; x_wconf 88' lang='lat' dir='ltr'>presentavit</span> <span class='ocrx_word' id='word_1_304' title='bbox 590 2396 877 2439; x_wconf 83' lang='lat' dir='ltr'>officialibus</span> <span class='ocrx_word' id='word_1_305' title='bbox 901 2400 946 2438; x_wconf 89' lang='lat' dir='ltr'>et</span> <span class='ocrx_word' id='word_1_306' title='bbox 969 2398 1155 2439; x_wconf 89' lang='lat' dir='ltr'>vicariis</span> <span class='ocrx_word' id='word_1_307' title='bbox 1179 2397 1352 2450; x_wconf 86' lang='lat' dir='ltr'>prefati</span> <span class='ocrx_word' id='word_1_308' title='bbox 1377 2398 1521 2439; x_wconf 88' lang='lat' dir='ltr'>incliti</span> <span class='ocrx_word' id='word_1_309' title='bbox 1545 2401 1650 2439; x_wconf 90' lang='lat' dir='ltr'>tunc</span> <span class='ocrx_word' id='word_1_310' title='bbox 1675 2396 1799 2451; x_wconf 88' lang='lat' dir='ltr'>regis</span> <span class='ocrx_word' id='word_1_311' title='bbox 1822 2397 1865 2439; x_wconf 90' lang='lat' dir='ltr'>d.</span> <span class='ocrx_word' id='word_1_312' title='bbox 1892 2397 2050 2439; x_wconf 91' lang='lat' dir='ltr'>Ferdi-</span> 
     </span>
     <span class='ocr_line' id='line_1_33' title="bbox 278 2467 2048 2520; baseline 0.001 -13"><span class='ocrx_word' id='word_1_313' title='bbox 278 2467 435 2520; x_wconf 87' lang='lat' dir='ltr'>nandi,</span> <span class='ocrx_word' id='word_1_314' title='bbox 463 2479 600 2520; x_wconf 89' lang='lat' dir='ltr'>quam</span> <span class='ocrx_word' id='word_1_315' title='bbox 629 2467 768 2509; x_wconf 90' lang='lat' dir='ltr'>etiam</span> <span class='ocrx_word' id='word_1_316' title='bbox 796 2467 1192 2520; x_wconf 84' lang='lat' dir='ltr'>presentationem</span> <span class='ocrx_word' id='word_1_317' title='bbox 1222 2467 1310 2520; x_wconf 91' lang='lat' dir='ltr'>ipsi</span> <span class='ocrx_word' id='word_1_318' title='bbox 1340 2467 1573 2511; x_wconf 91' lang='lat' dir='ltr'>officiales</span> <span class='ocrx_word' id='word_1_319' title='bbox 1601 2471 1645 2510; x_wconf 92' lang='lat' dir='ltr'>et</span> <span class='ocrx_word' id='word_1_320' title='bbox 1673 2467 1834 2510; x_wconf 90' lang='lat' dir='ltr'>vicarii</span> <span class='ocrx_word' id='word_1_321' title='bbox 1861 2467 2048 2510; x_wconf 89' lang='lat' dir='ltr'>nomine</span> 
     </span>
     <span class='ocr_line' id='line_1_34' title="bbox 279 2537 2050 2592; baseline 0.001 -13"><span class='ocrx_word' id='word_1_322' title='bbox 279 2537 386 2580; x_wconf 90' lang='lat' dir='ltr'>dicti</span> <span class='ocrx_word' id='word_1_323' title='bbox 413 2538 537 2591; x_wconf 90' lang='lat' dir='ltr'>regis</span> <span class='ocrx_word' id='word_1_324' title='bbox 565 2538 767 2591; x_wconf 89' lang='lat' dir='ltr'>benigne</span> <span class='ocrx_word' id='word_1_325' title='bbox 794 2538 1097 2591; x_wconf 87' lang='lat' dir='ltr'>admiserunt,</span> <span class='ocrx_word' id='word_1_326' title='bbox 1123 2542 1260 2591; x_wconf 91' lang='lat' dir='ltr'>prout</span> <span class='ocrx_word' id='word_1_327' title='bbox 1286 2539 1370 2580; x_wconf 90' lang='lat' dir='ltr'>hec</span> <span class='ocrx_word' id='word_1_328' title='bbox 1398 2539 1552 2581; x_wconf 80' lang='lat' dir='ltr'>omnia</span> <span class='ocrx_word' id='word_1_329' title='bbox 1579 2538 1873 2581; x_wconf 89' lang='lat' dir='ltr'>continentur</span> <span class='ocrx_word' id='word_1_330' title='bbox 1899 2538 2050 2592; x_wconf 92' lang='lat' dir='ltr'>publi-</span> 
     </span>
     <span class='ocr_line' id='line_1_35' title="bbox 277 2608 1675 2663; baseline 0.001 -14"><span class='ocrx_word' id='word_1_331' title='bbox 277 2608 341 2651; x_wconf 87' lang='lat' dir='ltr'>cis</span> <span class='ocrx_word' id='word_1_332' title='bbox 369 2608 704 2663; x_wconf 91' lang='lat' dir='ltr'>instrumentis,</span> <span class='ocrx_word' id='word_1_333' title='bbox 732 2621 821 2661; x_wconf 90' lang='lat' dir='ltr'>que</span> <span class='ocrx_word' id='word_1_334' title='bbox 850 2608 921 2650; x_wconf 92' lang='lat' dir='ltr'>hic</span> <span class='ocrx_word' id='word_1_335' title='bbox 948 2609 1135 2662; x_wconf 89' lang='lat' dir='ltr'>publice</span> <span class='ocrx_word' id='word_1_336' title='bbox 1164 2609 1264 2651; x_wconf 89' lang='lat' dir='ltr'>sine</span> <span class='ocrx_word' id='word_1_337' title='bbox 1293 2621 1421 2651; x_wconf 91' lang='lat' dir='ltr'>mora</span> <span class='ocrx_word' id='word_1_338' title='bbox 1450 2610 1675 2662; x_wconf 88' lang='lat' dir='ltr'>legentur.</span> 
     </span>
    </p>

    <p class='ocr_par' dir='ltr' id='par_1_3' title="bbox 276 2679 2046 2946">
     <span class='ocr_line' id='line_1_36' title="bbox 394 2679 2046 2734; baseline 0.001 -13"><span class='ocrx_word' id='word_1_339' title='bbox 394 2679 486 2722; x_wconf 87' lang='lat' dir='ltr'>Sed</span> <span class='ocrx_word' id='word_1_340' title='bbox 520 2682 566 2721; x_wconf 90' lang='lat' dir='ltr'>et</span> <span class='ocrx_word' id='word_1_341' title='bbox 599 2682 764 2733; x_wconf 90' lang='lat' dir='ltr'>quarto</span> <span class='ocrx_word' id='word_1_342' title='bbox 799 2679 1092 2722; x_wconf 89' lang='lat' dir='ltr'>manifestius</span> <span class='ocrx_word' id='word_1_343' title='bbox 1127 2679 1211 2721; x_wconf 92' lang='lat' dir='ltr'>hec</span> <span class='ocrx_word' id='word_1_344' title='bbox 1246 2679 1427 2721; x_wconf 87' lang='lat' dir='ltr'>concilii</span> <span class='ocrx_word' id='word_1_345' title='bbox 1461 2680 1616 2722; x_wconf 75' lang='lat' dir='ltr'>unitas</span> <span class='ocrx_word' id='word_1_346' title='bbox 1650 2680 1910 2734; x_wconf 89' lang='lat' dir='ltr'>apparebit,</span> <span class='ocrx_word' id='word_1_347' title='bbox 1944 2692 2046 2722; x_wconf 90' lang='lat' dir='ltr'>cum</span> 
     </span>
     <span class='ocr_line' id='line_1_37' title="bbox 280 2750 2046 2804; baseline 0.001 -14"><span class='ocrx_word' id='word_1_348' title='bbox 280 2750 377 2791; x_wconf 77' lang='lat' dir='ltr'>Deo</span> <span class='ocrx_word' id='word_1_349' title='bbox 410 2751 615 2804; x_wconf 85' lang='lat' dir='ltr'>propitio</span> <span class='ocrx_word' id='word_1_350' title='bbox 649 2751 948 2793; x_wconf 85' lang='lat' dir='ltr'>venientibus</span> <span class='ocrx_word' id='word_1_351' title='bbox 984 2750 1247 2792; x_wconf 79' lang='lat' dir='ltr'>oratoribus</span> <span class='ocrx_word' id='word_1_352' title='bbox 1284 2762 1443 2804; x_wconf 88' lang='lat' dir='ltr'>regum</span> <span class='ocrx_word' id='word_1_353' title='bbox 1482 2753 1527 2792; x_wconf 88' lang='lat' dir='ltr'>et</span> <span class='ocrx_word' id='word_1_354' title='bbox 1563 2750 1824 2804; x_wconf 85' lang='lat' dir='ltr'>principum</span> <span class='ocrx_word' id='word_1_355' title='bbox 1861 2753 1907 2793; x_wconf 93' lang='lat' dir='ltr'>et</span> <span class='ocrx_word' id='word_1_356' title='bbox 1941 2750 2046 2792; x_wconf 89' lang='lat' dir='ltr'>aliis</span> 
     </span>
     <span class='ocr_line' id='line_1_38' title="bbox 276 2820 2046 2874; baseline 0.001 -13"><span class='ocrx_word' id='word_1_357' title='bbox 276 2820 332 2862; x_wconf 87' lang='lat' dir='ltr'>de</span> <span class='ocrx_word' id='word_1_358' title='bbox 392 2820 658 2863; x_wconf 89' lang='lat' dir='ltr'>obedientia</span> <span class='ocrx_word' id='word_1_359' title='bbox 717 2821 823 2863; x_wconf 82' lang='lat' dir='ltr'>dicti</span> <span class='ocrx_word' id='word_1_360' title='bbox 883 2821 924 2863; x_wconf 95' lang='lat' dir='ltr'>d.</span> <span class='ocrx_word' id='word_1_361' title='bbox 983 2820 1235 2874; x_wconf 87' lang='lat' dir='ltr'>Benedicti,</span> <span class='ocrx_word' id='word_1_362' title='bbox 1294 2820 1409 2862; x_wconf 90' lang='lat' dir='ltr'>sicut</span> <span class='ocrx_word' id='word_1_363' title='bbox 1468 2833 1609 2874; x_wconf 90' lang='lat' dir='ltr'>supra</span> <span class='ocrx_word' id='word_1_364' title='bbox 1665 2821 1903 2874; x_wconf 89' lang='lat' dir='ltr'>nominati,</span> <span class='ocrx_word' id='word_1_365' title='bbox 1960 2833 2046 2863; x_wconf 85' lang='lat' dir='ltr'>nos</span> 
     </span>
     <span class='ocr_line' id='line_1_39' title="bbox 276 2891 2044 2946; baseline 0.001 -14"><span class='ocrx_word' id='word_1_366' title='bbox 276 2904 377 2933; x_wconf 92' lang='lat' dir='ltr'>cum</span> <span class='ocrx_word' id='word_1_367' title='bbox 404 2893 474 2935; x_wconf 90' lang='lat' dir='ltr'>eis</span> <span class='ocrx_word' id='word_1_368' title='bbox 501 2895 545 2934; x_wconf 90' lang='lat' dir='ltr'>et</span> <span class='ocrx_word' id='word_1_369' title='bbox 573 2892 662 2946; x_wconf 88' lang='lat' dir='ltr'>ipsi</span> <span class='ocrx_word' id='word_1_370' title='bbox 688 2892 929 2934; x_wconf 91' lang='lat' dir='ltr'>nobiscum</span> <span class='ocrx_word' id='word_1_371' title='bbox 958 2893 1084 2934; x_wconf 83' lang='lat' dir='ltr'>iuxta</span> <span class='ocrx_word' id='word_1_372' title='bbox 1110 2891 1320 2944; x_wconf 91' lang='lat' dir='ltr'>predicta</span> <span class='ocrx_word' id='word_1_373' title='bbox 1347 2892 1550 2944; x_wconf 87' lang='lat' dir='ltr'>capitula</span> <span class='ocrx_word' id='word_1_374' title='bbox 1578 2892 1625 2933; x_wconf 93' lang='lat' dir='ltr'>in</span> <span class='ocrx_word' id='word_1_375' title='bbox 1651 2904 1791 2934; x_wconf 91' lang='lat' dir='ltr'>unam</span> <span class='ocrx_word' id='word_1_376' title='bbox 1819 2891 2044 2945; x_wconf 88' lang='lat' dir='ltr'>synodum</span> 
     </span>
    </p>
   </div>
   <div class='ocr_carea' id='block_1_3' title="bbox 380 3008 743 3098">
    <p class='ocr_par' dir='ltr' id='par_1_4' title="bbox 380 3008 743 3098">
     <span class='ocr_line' id='line_1_40' title="bbox 380 3008 743 3041; baseline 0.003 -7"><span class='ocrx_word' id='word_1_377' title='bbox 380 3013 409 3034; x_wconf 80' lang='lat' dir='ltr'>a)</span> <span class='ocrx_word' id='word_1_378' title='bbox 431 3009 469 3041; x_wconf 87' lang='lat' dir='ltr'>B,</span> <span class='ocrx_word' id='word_1_379' title='bbox 491 3010 529 3035; x_wconf 73' lang='lat' dir='ltr'>C:</span> <span class='ocrx_word' id='word_1_380' title='bbox 550 3008 743 3035; x_wconf 80' lang='lat' dir='ltr'>misterium.</span> 
     </span>
     <span class='ocr_line' id='line_1_41' title="bbox 394 3056 659 3098; baseline -0.004 -8"><span class='ocrx_word' id='word_1_381' title='bbox 394 3058 424 3098; x_wconf 88' lang='lat'>1)</span> <span class='ocrx_word' id='word_1_382' title='bbox 448 3058 477 3091; x_wconf 87' lang='lat'>1.</span> <span class='ocrx_word' id='word_1_383' title='bbox 499 3056 554 3090; x_wconf 75' lang='lat' dir='ltr'>Jo.</span> <span class='ocrx_word' id='word_1_384' title='bbox 576 3058 607 3098; x_wconf 84' lang='lat'>5,</span> <span class='ocrx_word' id='word_1_385' title='bbox 630 3057 659 3090; x_wconf 84' lang='lat'>7.</span> 
     </span>
    </p>
   </div>
  </div>
 </body>
</html>
