2102 3444
298 216 382 261 676
732 211 798 246 ΙΙΙ.
831 208 1040 245 Abschuitt.
1083 206 1236 242 Reform
1269 207 1347 240 und
1379 204 1630 250 Verfassung.

300 332 609 376 ecclesiastica
636 330 777 372 fuerit
806 328 1090 381 appellatum
1119 325 1176 368 ad
1202 325 1380 367 curiam
1408 324 1678 378 Romanam,
1705 337 1799 367 non
1827 325 2068 367 relaxetur

300 417 493 446 censura
523 403 666 444 eciam
696 401 752 443 ad
781 399 1005 441 cautelam
1035 400 1166 451 parte
1196 395 1409 449 opposita
1434 408 1528 438 non
1557 396 1714 438 audita
1741 399 1819 439 aut
1843 408 1938 439 non
1962 408 2067 438 con-

300 474 537 516 tumaciter
583 473 773 513 absente
819 473 863 511 et
909 469 964 510 de
1012 481 1103 521 quo
1145 470 1336 509 constet.
1396 467 1511 508 Item
1555 466 1724 509 frivole
1771 467 2068 520 appellantes

300 546 549 598 punientur
572 543 628 584 ad
653 541 892 583 arbitrium
919 539 1096 592 iudicis,
1120 538 1178 580 ad
1200 537 1817 591 quemetcondempnnentur
1831 538 1880 580 in
1894 550 2068 592 expen-

299 629 373 657 sas
404 628 554 666 cause,
587 613 801 654 itinerum
833 614 878 652 et
908 611 1105 652 aliorum
1136 612 1402 662 sumptuum
1433 609 1739 651 racionalium
1769 622 1822 652 ac
1851 622 1952 652 cum
1982 609 2069 651 hoc

299 686 588 726 remittantur
619 683 676 725 ad
706 682 902 723 iudicem
933 694 958 723 a
989 694 1092 734 quo.
1139 680 1252 722 Item
1280 683 1457 723 temere
1489 680 1785 733 appellantes
1812 680 1937 723 ultra
1965 693 2068 723 con-

300 754 679 808 (lcmpnacionem
722 764 1038 805 expensarum
1082 754 1127 794 ct
1170 752 1390 793 itinerum
1434 751 1691 804 punientur
1732 751 1982 794 arbitrarie
2021 754 2068 794 et

299 826 588 868 rmnittantur
616 824 672 866 ad
699 823 898 865 iudicem
929 836 954 865 a
983 835 1086 875 quo.

412 896 608 948 Super
644 895 808 937 VIII.
846 893 1148 948 articulo,
1184 892 1495 936 videlicet
1532 893 1601 935 de
1637 893 1894 938 officiis
1929 905 2069 936 can-

297 980 318 1009 c
334 980 359 1008 e
375 967 387 1008 l
407 968 418 1008 l
436 980 460 1008 a
477 966 526 1007 ri
542 979 566 1008 e
617 969 677 1008 et
728 979 758 1019 p
773 978 798 1006 e
815 966 945 1007 nite
962 977 991 1006 n
1005 964 1057 1006 ci
1074 976 1099 1006 a
1114 965 1166 1006 ri
1182 977 1222 1006 e.
1278 964 1346 1006 De
1387 964 1476 1006 isto
1514 964 1713 1007 »articulo
1753 965 1900 1008 lacius
1944 965 2068 1007 infra

297 1038 472 1079 (licetur
500 1038 546 1079 in
573 1037 672 1079 fine
697 1038 771 1079 vel
800 1036 985 1078 dabitur
1010 1036 1071 1078 ¹ad
1094 1038 1292 1089 partem.

411 1109 609 1161 Super
648 1108 733 1152 ΙΧ,
773 1108 1049 1149 articulo
1085 1106 1399 1149 videlicet
1436 1106 1505 1149 de
1543 1106 2069 1161 exempcionibus

295 1183 351 1221 et
396 1178 752 1221 unionibus.
798 1178 1032 1221 Articulus
1066 1178 1219 1231 placet
1252 1191 1354 1220 cum
1390 1178 1714 1221 addicionibus
1744 1178 2068 1232 sequentibus,

295 1250 523 1303 x⁷Idelicet‚
557 1250 678 1303 quod
712 1250 793 1292 illa
824 1249 968 1292 verba
1001 1249 1272 1302 ,approbate
1306 1261 1390 1291 seu
1423 1249 1693 1302 approbata‘
1723 1249 1992 1293 immediate
2024 1252 2070 1292 et

296 1325 400 1363 ante
424 1321 504 1363 illa
529 1321 673 1363 verba
696 1333 794 1374 ‚nec
815 1321 964 1363 eciam
990 1319 1098 1362 illis‘
1124 1323 1207 1363 etc.
1233 1320 1460 1363 situenter
1483 1321 1569 1362 hec
1591 1321 1737 1364 verba
1760 1321 1997 1364 videlicet:
2023 1323 2069 1363 et

295 1392 464 1434 deinde
493 1404 578 1445 per
606 1391 765 1434 sedem
794 1391 1093 1444 apostolicam
1122 1391 1397 1434 confirmate
1426 1404 1512 1434 seu
1538 1391 1815 1435 confirmata
1843 1395 1921 1435 aut
1947 1391 2068 1434 facte

295 1475 377 1504 seu
407 1462 527 1505 facta
556 1465 599 1505 et
629 1463 753 1515 quod
779 1463 1002 1504 tollantur
1031 1463 1113 1505 illa
1142 1463 1288 1505 verba
1317 1462 1450 1516 quasi
1479 1462 1527 1504 in
1556 1462 1654 1505 fine
1682 1462 1867 1506 ¹articuli
1897 1463 2068 1517 scripta

294 1533 510 1577 videlicet
538 1534 720 1576 noviter
751 1533 1174 1589 ordinandorumff)

411 1604 607 1657 Super
655 1605 709 1647 X.
760 1604 1062 1658 articulo,
1111 1605 1425 1648 videlicet
1474 1604 1543 1647 de
1593 1604 1974 1648 commendis
2022 1607 2069 1648 et

294 1675 672 1729 beneficiis,
713 1688 826 1729 que
867 1688 976 1729 per
1017 1676 1059 1718 d.
1099 1675 1473 1718 cardinales
1513 1678 1829 1720 tenentur.
1873 1676 2068 1718 Demum

295 1747 558 1789 cardinales
610 1748 833 1790 ecclesias
885 1747 1194 1801 cathedrales,
1246 1747 1543 1801 monasteria,
1584 1747 1833 1802 prioratus,
1871 1760 2069 1790 conven-

297 1818 460 1871 tuales,
503 1817 749 1871 dignitates
792 1818 993 1860 maiores
1033 1821 1141 1871 post
1180 1818 1504 1871 pontificalem
1543 1819 1593 1861 in
1636 1818 1985 1862 cathedralibus
2024 1820 2098 1860 et'

295 1888 580 1941 principales
614 1889 665 1930 in
705 1889 963 1943 collegiatis
1001 1889 1226 1944 ecclesiis,
1262 1889 1548 1943 prebenda-s,
1586 1889 1750 1932 officia
1787 1889 2070 1943 claustralia,

295 1959 518 2002 ecclesias
549 1959 856 2013 parochiales,
889 1960 1126 2003 beneficia
1158 1973 1315 2003 curam
1349 1961 1609 2003 animarum
1639 1961 1883 2015 hab-encia,
1914 1960 2070 2014 hospi-

296 2029 405 2071 talia
439 2033 483 2072 et
519 2030 610 2073 alia
643 2030 743 2073 loca
774 2031 854 2084 pia
887 2031 1211 2085 principaliter
1244 2031 1291 2073 in
1323 2031 1640 2085 hospitalitate
1674 2031 1871 2075 fundata
1903 2031 2069 2075 amodo

296 2113 388 2141 non
411 2101 650 2143 habebunt
673 2114 759 2143 nec
783 2102 1060 2144 obtinebunt
1080 2103 1131 2144 in
1152 2103 1474 2145 commendam
1498 2115 1585 2145 nec
1609 2103 1789 2145 eisdem
1811 2102 1861 2145 in
1884 2103 2068 2146 titulum

295 2170 612 2214 conferuntur.
650 2172 747 2224 Quo
774 2176 928 2215 autem
954 2173 1012 2215 ad
1038 2174 1129 2215 iam
1155 2174 1315 2216 habita
1340 2177 1385 2216 et
1410 2186 1497 2227 per
1520 2173 1713 2216 eosdem
1738 2186 1934 2227 posessa
1960 2185 2068 2227 qua-

296 2242 437 2284 litatis
463 2242 779 2295 predictarum
810 2247 1057 2286 serventur
1084 2245 1239 2297 quoad
1269 2244 1589 2287 dimissionem
1617 2245 1875 2287 eorundem
1901 2244 2069 2287 articu-

296 2312 368 2354 lus
399 2312 712 2355 reformatorii
739 2327 827 2367 ⁴pro
859 2314 1010 2367 prima
1041 2318 1173 2368 parte
1205 2328 1353 2368 usque
1386 2316 1445 2358 ad
1476 2315 1504 2370 ξ
1535 2315 1682 2358 Porro
1710 2315 1913 2369 proviso,
1944 2313 2067 2369 quod

296 2383 529 2435 regularia
554 2385 787 2427 beneficia
812 2385 983 2428 faciant
1009 2387 1108 2439 regi
1131 2398 1219 2440 ¹per
1243 2386 1507 2440 regulares;
1536 2386 1689 2440 quoad
1713 2386 2066 2429 observanciam

296 2454 557 2505 regularem
591 2455 713 2498 bene
743 2460 789 2499 et
822 2455 1042 2498 decenter
1074 2460 1167 2499 tam
1200 2457 1322 2500 circa
1353 2458 1526 2499 cultum
1559 2457 1782 2511 divinum,
1814 2469 1953 2510 quam
1984 2468 2066 2498 reo

294 2524 595 2576 providendo.
631 2526 727 2569 Etsi
750 2527 808 2569 ad
830 2527 1014 2569 firmam
1039 2528 1163 2581 dent,
1185 2528 1419 2581 religiosis
1443 2528 1633 2581 dabant;
1654 2528 1890 2571 secularia
1911 2530 2065 2570 autem

295 2593 524 2637 beneficia
550 2608 635 2649 per
664 2597 901 2639 seculares
927 2598 1124 2641 clericos
1152 2599 1250 2641 sive
1277 2598 1586 2642 beneficiatos
1612 2601 1697 2642 etc,
1725 2597 1941 2641 similiter
1965 2596 2065 2651 regi

294 2668 338 2706 et
363 2665 614 2717 gubernari
641 2667 814 2710 facient
839 2672 884 2710 et
911 2671 1065 2711 cetera
1091 2669 1250 2711 facere
1274 2670 1561 2712 tenebuntur
1586 2669 1732 2712 lacius
1758 2668 1992 2723 descripta
2017 2667 2065 2710 in

294 2735 487 2778 articulo
513 2737 826 2780 reformatorii
853 2739 1070 2782 videlicet
1098 2738 1125 2794 ξ
1153 2739 1328 2782 domini
1355 2740 1621 2783 cardinales
1649 2752 1834 2794 quoque
1859 2742 1958 2794 etc„
1985 2738 2064 2793 qui

293 2805 338 2846 in
358 2807 571 2849 omnibus
593 2808 638 2849 in
659 2809 823 2851 eodem
846 2808 872 2863 ἓ
894 2811 1121 2854 contentis
1143 2810 1397 2854 secundum
1417 2812 1489 2854 sui
1507 2814 1720 2854 tenorem
1739 2811 2063 2854 observentur.

412 2936 443 2978 1)
475 2936 559 2971 Den
588 2936 751 2980 Arlilcel,
781 2938 846 2982 (tuf
875 2940 949 2973 den
981 2940 1049 2974 (Ias
1078 2939 1304 2975 Avisament
1336 2940 1459 2983 Bezuy
1490 2940 1636 2982 nimml,
1667 2939 1820 2974 hermen
1849 2939 1921 2974 wir
1951 2936 2065 2979 nicht,

298 2993 486 3027 rielleicht
510 2994 556 3028 ist
581 3006 620 3030 es
642 2997 705 3030 <lie
726 3007 798 3031 von
820 2997 1023 3031 Zabam-ella
1047 2998 1317 3041 ciwzaebrachte
1339 2998 1486 3033 Zeclula
1509 2997 1692 3032 Divinum
1715 2997 1857 3033 cultum
1879 2997 2063 3039 volenteS,

295 3051 358 3084 (Ile
385 3062 452 3085 uns
477 3052 577 3086 ‘nic-hl
603 3053 776 3089 erleallcn
798 3055 845 3088 ist
869 3056 960 3099 (vyl.
987 3056 1085 3091 oben
1107 3055 1358 3092 Avisamente
1389 3056 1468 3099 VII,
1493 3057 1543 3102 1).

411 3110 443 3149 2)
471 3109 616 3145 C'eclulcc
642 3112 689 3147 ‘ist
712 3113 954 3157 unbekamzt‚·
982 3114 1068 3148 eine
1093 3114 1271 3149 iihnliche
1295 3115 1342 3150 ist
1366 3113 1447 3158 XX,
1473 3115 1504 3149 1.
