2102 3444
214 151 300 193 450
569 150 614 184 11.
647 148 856 184 Abschnitt.
900 148 1104 183 Sermones
1135 148 1286 183 concilii
1316 147 1635 183 constanciensis.

216 272 260 310 et
296 269 509 310 nesciunt
546 267 762 310 sacrificii
802 267 1056 308 veritatem.
1106 266 1322 309 Offerant
1357 279 1468 309 vero
1503 267 1590 309 rite
1629 267 1802 310 domini
1840 267 1985 310 nostri

217 340 362 381 Jhesu
390 339 559 381 Christi
588 339 685 380 veri
718 338 797 379 Dei
828 337 1094 380 sacerdotes
1121 337 1356 391 simplices
1383 341 1429 380 et
1450 337 1574 391 puri,
1599 350 1694 380 non
1721 338 1986 392 symoniaci,

217 422 307 451 non
339 410 490 462 gieziti
523 421 652 451 sacra
683 413 727 450 et
759 421 834 449 res
867 420 1023 450 sacras
1053 408 1236 450 cottidie
1267 412 1478 451 ementes
1509 412 1555 451 et
1584 408 1859 451 vendentes:
1893 421 1988 451 rec-

217 482 359 523 torias·
382 480 619 532 ecclesias,
644 482 840 532 curatas,
865 479 1044 533 altaria,
1068 479 1316 533 beneficia,
1340 480 1588 533 prioratus,
1613 479 1844 533 abbazias,
1868 480 1988 534 epis-

217 555 408 604 copatus
430 555 474 592 et
499 550 925 603 archiepiscopatus
948 562 1033 591 nec
1057 563 1149 591 non
1173 554 1216 592 et
1239 551 1580 603 patriarchatus
1603 563 1770 604 magno
1792 563 1988 594 numero

219 622 516 664 denariorum
555 625 601 663 et
638 621 806 663 librato
844 621 1054 674 pondere
1095 622 1195 663 auri
1235 625 1279 663 et
1318 622 1497 674 argenti
1538 625 1676 675 atque
1714 621 1988 664 muneribus

217 692 546 735 obcecantibus
567 693 725 734 oculos
749 692 1029 745 sapientium
1051 696 1097 735 et
1119 692 1499 735 subvertentibus
1523 692 1692 735 iudicia
1714 705 1988 746 pauperum.

217 764 300 815 Qui
334 763 421 805 nisi
458 776 482 805 a
516 776 599 805 sua
633 764 843 816 symonia
877 767 921 805 et
954 763 1101 816 giezia
1134 763 1345 805 resiliant
1380 762 1615 806 beneficia
1649 767 1813 817 sponte
1845 764 1989 817 resig-

216 838 396 886 nantes,
436 838 512 876 aut
548 833 737 876 aliunde
775 834 1052 887 provideant
1090 847 1141 876 ac
1179 835 1490 887 penitenciam
1530 837 1736 888 agentes,
1773 834 1990 877 continuo

219 910 323 947 sunt
362 907 406 946 in
444 908 632 957 peccato
668 905 850 947 mortali
890 908 935 947 et
972 906 1018 946 in
1054 905 1185 947 brevi
1223 909 1432 958 tempore
1471 905 1853 948 excommunicati
1891 939 1900 947 .
1936 939 1944 947 .

217 976 308 1019 Sed
331 977 419 1018 iam
444 976 606 1018 videor
629 975 791 1017 videre
814 976 1118 1017 vehementer
1141 979 1295 1018 tamen
1321 976 1571 1028 admirans,
1596 976 1719 1029 quod
1742 976 1833 1019 hiis
1855 976 1989 1018 dictis

218 1048 402 1089 dabitur
429 1047 676 1100 responsio
703 1046 876 1089 discola
903 1051 948 1089 et
973 1047 1196 1100 insolens,
1222 1046 1370 1089 infida
1398 1050 1441 1088 et
1467 1046 1669 1089 effrenis
1697 1060 1756 1090 sc.
1783 1047 1907 1100 quod
1932 1047 1990 1088 de

217 1118 600 1171 profundissimo,
631 1117 857 1160 altissimo
889 1121 933 1160 et
966 1118 1191 1160 latissimo
1219 1118 1455 1171 profluvio
1485 1118 1786 1171 benIgnitatis
1816 1121 1862 1160 et
1890 1130 1991 1172 gra-

217 1189 473 1231 ciosissime
503 1189 730 1242 largitatis
761 1189 1060 1231 sacratissimi
1092 1189 1272 1231 concilii
1305 1189 1490 1231 dabitur
1521 1189 1712 1231 licencia
1742 1189 1990 1242 unicuique

219 1261 483 1313 symoniaco
507 1260 713 1313 eligendi
738 1260 825 1302 sibi
849 1260 1168 1302 confessorem
1191 1263 1387 1313 gratum,
1412 1261 1489 1313 qui
1514 1273 1619 1301 eum
1644 1260 1701 1302 ab
1725 1260 1991 1303 huiusmodi

219 1332 324 1373 labe
347 1332 617 1373 auctoritate
639 1332 776 1373 valde
799 1331 1065 1373 admirabili
1087 1331 1310 1373 absolvat.
1343 1332 1507 1373 Utrum
1529 1334 1683 1373 autem
1705 1331 1830 1384 apud
1850 1331 1992 1373 domi-

218 1415 327 1444 num
363 1406 572 1445 nostrum
609 1400 802 1444 jhesum
839 1402 1073 1444 Christum
1107 1403 1192 1444 hoc
1228 1401 1448 1455 sufficiat,
1486 1402 1665 1445 devotis
1701 1401 1991 1445 Christicolis

219 1478 263 1515 et
290 1473 542 1516 scientibus
568 1474 718 1526 legem
747 1474 833 1515 Dei
862 1473 919 1515 ad
944 1485 1144 1526 presens
1171 1474 1401 1526 relinquo.
1441 1473 1497 1515 Et
1523 1474 1587 1516 sic
1613 1472 1819 1526 pravitas
1845 1485 1991 1526 symo-

219 1535 349 1587 niaca
377 1548 421 1586 et
447 1544 665 1598 iniquitas
690 1545 863 1598 giezica
888 1545 1092 1587 totaliter
1119 1544 1430 1597 extirpabitur
1456 1545 1529 1585 vel
1557 1543 1678 1586 forte
1704 1543 1992 1586 canonizabi-

221 1619 294 1657 tur
327 1616 373 1657 in
406 1615 746 1657 reformacione
781 1616 978 1658 ecclesie
1013 1619 1169 1657 sancte
1206 1615 1303 1658 Dei.
1350 1615 1445 1657 Hec
1477 1618 1549 1657 est
1579 1627 1673 1657 una
1706 1614 1994 1667 disiunctiva,

221 1687 278 1728 ad
311 1687 440 1729 cuius
471 1687 714 1729 veritatem
748 1687 1000 1728 secundum
1033 1686 1247 1728 raciones
1279 1686 1558 1739 dyalecticas
1591 1685 1769 1729 sufficit
1799 1686 1993 1728 alteram

222 1761 401 1810 partem
426 1770 531 1800 esse
556 1770 729 1800 veram.
767 1757 920 1799 Unum
945 1761 1099 1799 tamen
1124 1757 1344 1799 audacter
1368 1757 1530 1810 dicam,
1556 1756 1680 1810 quod
1703 1756 1993 1810 impossibile

222 1833 293 1872 est
328 1841 420 1870 non
458 1828 744 1882 penitentem
781 1828 974 1880 absolvi,
1011 1841 1095 1870 nec
1133 1828 1346 1882 penitere
1386 1829 1523 1870 simul
1560 1831 1605 1870 et
1639 1839 1834 1881 peccare
1872 1828 1992 1869 bene

223 1901 357 1941 simul
398 1900 691 1952 conveniunt,
728 1900 835 1953 quia
873 1899 1178 1941 contradiccio
1215 1900 1262 1940 in
1298 1900 1380 1941 tali
1415 1899 1690 1941 commercio
1724 1898 1994 1941 nullatenus

223 1971 347 2023 apud
372 1971 545 2024 probos
572 1971 824 2013 consentiri
849 1970 1046 2013 videtur.
1086 1970 1249 2012 Utrum
1276 1973 1429 2013 autem
1457 1969 1666 2023 symonia
1691 1969 1995 2023 prohibeatur

224 2042 512 2084 solummodo
546 2041 646 2083 iure
679 2042 879 2095 positivo
912 2045 957 2084 et
988 2042 1205 2094 humano,
1241 2053 1382 2094 super
1416 2041 1585 2094 quibus
1619 2043 1772 2094 potest
1803 2039 1993 2082 indubie

225 2112 504 2166 dispensari,
529 2116 606 2155 aut
630 2114 775 2155 eciam
806 2114 904 2154 iure
933 2113 1104 2166 divino,
1131 2125 1273 2166 super
1298 2125 1388 2165 quo
1414 2113 1684 2154 nullatenus
1709 2114 1861 2165 potest
1886 2110 1994 2153 fieri

225 2183 518 2236 dispensacio
550 2184 607 2225 ad
639 2196 838 2237 presens
871 2184 1103 2237 dimitto.¹¹)
1151 2183 1242 2226 Sed
1275 2196 1370 2236 oro,
1404 2183 1577 2225 domini
1611 2182 1818 2236 episcopi
1850 2194 1996 2235 symo-

225 2255 360 2307 niaci,
389 2267 478 2307 qua
509 2258 676 2307 mente,
705 2267 795 2307 qua
823 2256 911 2307 via,
941 2268 1031 2307 qua
1060 2255 1265 2307 audacia,
1296 2267 1385 2307 quo
1413 2255 1556 2308 vultu,
1587 2254 1714 2307 quali
1743 2252 1995 2295 devocione

225 2329 394 2367 canunt
431 2326 477 2366 in
514 2325 863 2378 pontificalibus
900 2327 1065 2368 missas
1103 2326 1370 2378 solempnes
1406 2324 1623 2367 faciendo
1658 2323 1996 2376 ordinaciones,

226 2395 380 2438 dando
403 2397 600 2449 primam
625 2400 877 2449 tonsuram,
904 2396 1191 2438 conferendo
1217 2396 1406 2438 ordines
1432 2395 1651 2448 minores,
1674 2393 1996 2437 benedicendo

226 2467 547 2520 subdyaconos
572 2470 616 2508 et
641 2467 886 2519 dyaconos,
912 2467 1129 2519 ungendo
1155 2466 1452 2508 sacerdotes‘.>
1491 2466 1616 2508 Vere
1641 2465 1747 2507 licet
1772 2464 1861 2518 ipsi
1884 2476 1994 2506 vere
2049 2514 2067 2526 -‚

227 2538 475 2580 conficiant
496 2541 541 2579 et
563 2550 730 2591 corpus
751 2538 923 2580 Christi
947 2541 1130 2580 sumant
1151 2541 1195 2579 et
1218 2537 1417 2579 ordinati
1439 2550 1550 2579 vere
1574 2537 1632 2579 ab
1653 2536 1723 2579 eis
1745 2534 1997 2589 suspiciant

227 2609 416 2650 ordmes
444 2612 487 2651 et
515 2609 561 2650 in
589 2609 658 2651 eis
684 2608 1008 2661 imprimantur
1035 2611 1309 2661 caracteres,
1335 2611 1490 2650 tamen
1515 2608 1601 2650 hoc
1626 2606 1852 2649 facientes
1878 2605 1996 2660 epis-

226 2681 325 2732 copi
359 2680 403 2720 in
436 2692 624 2721 suarum
654 2679 962 2732 preiudicium
992 2678 1165 2720 faciunt
1195 2679 1467 2720 animarum.
1510 2678 1600 2720 Nec
1629 2681 1700 2720 est
1730 2676 1852 2719 idem
1883 2675 1997 2718 iudi-

2093 1523 2102 1571 ⁴·—
2091 1285 2102 1503 1-2.-*4-—
2091 1199 2102 1263 3⁴-—
2098 1135 2102 1142 .

228 2751 344 2791 cium
378 2750 435 2792 de
468 2750 675 2803 symonia
707 2753 751 2791 et
783 2750 838 2791 de
871 2750 976 2792 aliis
1007 2750 1219 2802 peccatis,
1252 2750 1419 2802 quibus
1451 2748 1707 2791 commissis
1740 2748 1893 2790 subito
1921 2745 1995 2789 vel
2064 2804 2066 2807 v
2098 2766 2102 2777 =

229 2821 285 2862 ad
322 2825 504 2874 tempus
538 2821 778 2874 possibilis
813 2824 883 2863 est
917 2820 1134 2862 contricio
1168 2824 1213 2861 et
1247 2820 1527 2873 propiciacio
1562 2832 1646 2873 pro
1681 2819 1896 2872 peccatis.
1943 2816 1997 2859 Et

230 2892 350 2933 unde
380 2895 443 2934 tot
472 2892 592 2934 mala
622 2891 900 2945 proveniunt
931 2892 977 2932 in
1006 2891 1203 2933 ecclesia
1235 2891 1318 2932 Dei
1347 2890 1436 2933 nisi
1464 2893 1656 2944 propter
1683 2887 1996 2931 execrabilem
2062 2903 2067 2906 ·

229 2962 492 3014 cupidinem
522 2963 644 3004 fame
673 2965 717 3004 et
743 2962 1019 3004 detestabile
1049 2961 1335 3003 desiderium
1363 2961 1639 3014 episcopari,
1666 2960 1713 3002 in
1741 2959 1852 3003 sede
1879 2957 1996 3012 epis-

335 3068 363 3092 n]
387 3070 438 3092 aut
467 3087 470 3090 .
493 3086 497 3092 .
519 3085 523 3089 .
549 3066 679 3092 dimitto
700 3065 779 3098 fehlt
803 3066 868 3097 Hei,
891 3067 941 3091 ste
