2102 3444
279 123 363 166 180
813 123 839 158 1.
866 123 1076 158 Abschnitt.
1115 123 1514 168 Konzilstagebiieher.

278 241 492 295 nostra,¹)
524 242 602 295 qui
633 242 679 283 in
708 245 771 284 tot
801 245 845 284 et
874 242 1014 284 tantis
1044 242 1241 284 ecclesie
1273 255 1323 285 ac
1352 243 1513 296 populi
1544 243 1783 286 christiani
1812 242 2050 296 pressuris

278 315 454 354 tantum
488 325 537 355 ac
571 313 711 355 talem
745 316 1053 365 protectorem
1087 317 1131 355 et
1166 313 1464 355 defensorem
1500 314 1781 367 preparavit,
1815 316 2049 366 potentem

280 382 523 425 destruere
573 396 756 426 omnem
805 396 1014 426 errorem
1063 385 1366 426 extollentem
1417 397 1467 427 se
1518 385 1744 427 adversus
1793 383 2049 427 doctrinam

281 453 466 497 Christi.

399 525 495 567 Iam
517 538 628 568 vero
649 529 769 567 nunc
792 526 1035 569 commissa
1054 527 1189 569 nobis
1211 540 1236 568 a
1256 527 1547 569 sanctissimo
1569 527 1610 568 d.
1633 530 1806 580 nostro,
1826 528 2048 580 quantum

278 599 546 648 presentem
571 600 720 639 actum
745 596 920 650 attinet,
946 597 1209 650 implentes,
1233 610 1334 639 cum
1360 599 1573 650 sciamus,
1598 598 1900 640 serenitatem
1925 600 2049 640 tuam

279 679 370 708 non
407 667 569 719 latere,
607 668 728 720 quod
768 668 1025 721 imperialis
1065 668 1280 711 maiestas
1318 669 1487 710 idcirco
1525 682 1549 710 a
1588 669 1685 710 Deo
1723 668 1928 710 instituta
1965 671 2049 720 est,

278 740 327 780 ut
359 738 604 781 ecclesiam
639 738 892 781 Romanam
927 739 1199 782 defensaret
1233 743 1369 793 atque
1404 742 1685 793 protegeret,
1720 739 1850 782 cuius
1883 740 2049 781 merito

277 811 509 861 protector
538 809 733 851 ecclesie
761 810 1010 853 advocatus
1037 814 1081 852 et
1109 810 1332 852 defensor
1361 810 1543 863 diceris,
1571 811 1810 852 hortamur
1838 813 1897 863 te,
1923 809 2049 864 prin-

276 875 776 933 cipum'inclitissime,
816 884 861 922 et
898 881 1198 924 obsecramus
1237 894 1322 934 per
1362 881 1683 935 aspersionem
1724 881 1965 934 sanguinis
2005 880 2047 922 d.

278 950 423 992 nostri
465 950 611 993 Jhesu
653 950 839 1004 Christi,
880 955 928 993 ut
970 952 1333 1005 apprehendens
1374 965 1502 994 arma
1543 956 1587 994 et
1629 955 1806 994 scutum
1847 963 2048 1005 exurgas

276 1020 323 1062 in
352 1020 630 1063 adiutorium
661 1021 858 1064 ecclesie
889 1023 988 1065 Dei.
1031 1022 1197 1075 Sperat
1226 1023 1350 1064 enim
1382 1023 1584 1065 firmiter
1614 1023 1656 1064 d.
1685 1026 1845 1065 noster
1874 1022 1933 1064 de
1965 1022 2048 1064 Dei

277 1091 611 1145 misericordia,
636 1092 759 1145 quod
783 1092 841 1134 ad
865 1094 1010 1135 solam
1034 1093 1206 1135 famam
1231 1094 1458 1135 adventus
1481 1095 1545 1135 tui
1570 1094 1728 1136 hostes
1751 1093 1948 1136 ecclesie
1973 1093 2049 1135 de-

276 1162 426 1205 territi
450 1163 729 1216 legationem
754 1164 1004 1216 mitterent,
1029 1167 1295 1218 querentes,
1321 1177 1409 1217 que
1434 1165 1562 1218 pacis
1587 1167 1706 1218 sunt,
1731 1168 1809 1207 aut
1833 1164 1868 1208 si
1895 1165 2050 1206 animo

277 1233 504 1276 obdurato
527 1235 819 1287 perstiterint
843 1238 1145 1287 expectantes
1171 1236 1418 1277 adventum
1442 1239 1584 1289 tuum,
1607 1248 1666 1276 ne
1692 1237 1756 1278 sis
1781 1248 1866 1288 pro
1889 1236 1973 1277 hac
1998 1247 2048 1276 re

277 1304 521 1357 sollicitus3
549 1305 765 1348 dominus
791 1306 916 1347 enim
943 1309 1149 1348 conteret
1175 1319 1255 1349 eos
1283 1310 1328 1349 et
1353 1310 1570 1349 corruent
1597 1309 1702 1349 ante
1730 1306 1897 1349 faciam
1923 1309 2048 1349 tuam

277 1378 323 1417 et
346 1375 512 1418 cadent
538 1388 563 1418 a
590 1377 737 1418 latere
764 1379 842 1419 tuo
867 1376 995 1419 mille
1022 1380 1068 1419 et
1094 1377 1253 1419 decem
1280 1377 1426 1420 millia
1454 1390 1480 1420 a
1506 1377 1683 1420 dextris
1708 1378 1854 1433 tuis.²)
1895 1377 2049 1419 Domi-

277 1459 365 1488 nus
389 1446 513 1488 enim
534 1449 699 1500 tecum,
723 1447 929 1489 virorum
953 1447 1225 1490 fortissime!

393 1518 451 1559 At
478 1517 586 1570 quia
611 1530 705 1560 non
735 1517 845 1561 satis
873 1521 944 1561 est
972 1519 1156 1561 salvare
1183 1519 1473 1572 temporalia,
1500 1518 1591 1561 nisi
1619 1519 1759 1561 etiam
1786 1517 2049 1572 spiritualia

277 1591 401 1631 recte
437 1588 758 1642 disponantur,
795 1588 1114 1632 sanctissimus
1150 1589 1191 1631 d.
1226 1592 1386 1632 noster
1422 1589 1726 1632 considerans
1759 1600 2050 1632 communem

277 1659 422 1701 tocius
458 1659 767 1702 multitudinis
802 1659 1017 1702 fidelium
1052 1661 1380 1703 necessitatem
1414 1673 1499 1702 nec
1534 1661 1603 1703 illi
1639 1659 1876 1703 commode
1910 1672 2050 1715 posse

279 1731 485 1772 succurri
511 1729 721 1773 iudicans
747 1730 837 1773 nisi
864 1744 949 1784 per
976 1731 1341 1773 celebrationem
1368 1731 1549 1774 concilii
1575 1732 1827 1785 generalis,
1854 1743 1940 1774 nec
1965 1731 2050 1774 hoc

278 1800 464 1854 quidem
494 1814 633 1854 posse
665 1802 852 1855 assequi
882 1802 1156 1844 existimans
1186 1802 1276 1844 nisi
1306 1802 1610 1855 providencia
1637 1805 1717 1845 tua
1745 1801 2050 1855 celsitudinis,

278 1872 487 1914 hortatur
515 1875 575 1925 te,
605 1871 866 1925 principum
896 1873 1296 1926 christianissime,
1327 1876 1372 1915 et
1402 1873 1615 1916 obsecrat
1643 1886 1730 1927 per
1760 1872 1941 1916 viscera
1969 1873 2051 1915 mi-

279 1942 534 1985 sericordie
557 1943 657 1996 Dei,
678 1946 727 1985 ut
748 1944 866 1986 velis
889 1956 1044 1986 secum
1066 1944 1113 1985 in
1135 1944 1300 1986 eodem
1321 1945 1561 1997 proposito
1582 1956 1861 1986 concurrere
1884 1946 1928 1986 et
1948 1956 2050 1986 cum

279 2013 402 2056 omni
444 2013 758 2056 sollicitudine
801 2027 851 2056 ac
894 2027 1071 2057 summa
1112 2014 1414 2068 providencia
1455 2028 1556 2057 cum
1598 2015 1763 2057 eodem
1804 2014 2050 2057 intendere

278 2083 410 2139 velis,
438 2087 488 2127 ut
516 2084 563 2126 in
592 2085 692 2126 loco
720 2085 867 2126 habili
895 2088 940 2127 et
968 2089 1178 2138 tempore
1210 2085 1503 2128 convenienti
1534 2086 1798 2128 celebretur
1826 2085 2050 2139 generale

278 2154 521 2197 concilium
557 2158 602 2197 et
635 2155 719 2197 fiat
753 2155 954 2198 celebris
988 2157 1283 2208 congregatio
1317 2155 1531 2198 fidelium
1567 2156 1626 2198 ad
1660 2156 2049 2199 reformacionem

279 2228 424 2268 status
460 2225 606 2268 tocius
644 2226 840 2268 ecclesie
879 2226 1132 2268 militantis.
1181 2226 1253 2269 Sic
1291 2227 1487 2269 redditis
1524 2227 1750 2269 honorem
1788 2227 1899 2280 Deo,
1937 2227 2050 2270 celis

277 2296 487 2350 gloriam,
523 2297 664 2340 terris
699 2308 875 2350 pacem,
913 2296 1055 2338 fidem
1093 2297 1324 2350 gentibus,
1361 2298 1559 2339 ecclesie
1598 2297 1888 2351 religionem,
1925 2297 2050 2341 labo—

278 2366 489 2410 rantibus
518 2367 745 2420 requiem,
777 2367 921 2409 finem
951 2367 1095 2420 viciis,
1124 2368 1216 2410 vite
1247 2367 1472 2420 ordinem,
1503 2369 1711 2411 moribus
1741 2367 2048 2422 disciplinam.

278 2437 374 2489 Que
402 2438 556 2481 omnia
584 2437 843 2480 ministerio
872 2438 1149 2480 sanctissimi
1177 2438 1218 2480 d.
1247 2438 1393 2481 nostri
1420 2442 1465 2481 et
1492 2442 1568 2481 tue
1596 2439 1888 2482 celsitudinis
1913 2439 2050 2482 nobis

279 2508 498 2551 concedat
529 2508 796 2561 altissimus,
829 2510 906 2562 qui
939 2509 985 2551 in
1016 2510 1173 2552 secula
1205 2510 1468 2552 seculorum
1499 2509 1610 2552 vivit
1640 2513 1685 2552 et
1716 2513 1880 2564 regnat
1908 2510 2050 2553 bene-

280 2579 442 2622 dictuS.
475 2579 639 2622 Amen.
1935 2576 1939 2580 ’

397 2649 614 2704 Dignus³)
653 2662 704 2692 es
741 2651 952 2703 accipere
990 2650 1277 2693 divinitatem
1317 2651 1607 2705 (Apocalipsi
1642 2651 1738 2707 V0).
1788 2650 1929 2695 Divos
1965 2662 2049 2694 seu

278 2720 460 2764 divinos
488 2721 703 2764 homines
734 2721 996 2774 appellatos
1026 2721 1173 2764 fuisse
1204 2734 1299 2774 eos,
1330 2722 1408 2775 qui
1441 2724 1598 2764 essent
1626 2721 1938 2765 Romanorum
1968 2721 2049 2764 im-

275 2795 534 2844 peratores,
564 2792 879 2834 illustrissime
907 2792 1127 2845 princeps
1155 2796 1200 2834 et
1228 2804 1414 2845 semper
1443 2795 1650 2846 auguste,
1680 2793 1845 2846 legalis
1874 2792 2049 2836 sanctio

280 2863 326 2904 in
349 2862 589 2916 plerisque
612 2863 725 2905 locis
747 2862 951 2905 insinuat
973 2866 1019 2905 et
1041 2863 1229 2916 antique
1252 2866 1480 2905 testantur
1503 2862 1695 2916 ystorie;
1719 2862 1843 2917 quod
1864 2862 2048 2906 videtur

278 2945 338 2975 ex
363 2945 420 2976 ea
446 2933 646 2976 maxime
675 2933 855 2976 ratione
881 2934 1185 2986 processisse,
1213 2933 1320 2987 quia
1347 2933 1567 2987 princeps
1594 2935 1641 2976 in
1667 2933 1894 2988 regimine
1921 2932 2048 2977 orbis

368 3006 379 3007 7
397 3006 428 3068 15
451 3027 483 3061 2.
507 3005 649 3067 dorsi,
672 3029 703 3062 3.
802 3026 835 3068 2)
859 3026 918 3061 Ps.
939 3027 996 3068 90,
1019 3027 1050 3061 7.
1149 3026 1181 3069 3)
1205 3026 1310 3061 Reae
1331 3026 1554 3062 Zabarenas
1579 3026 1640 3062 bei
1661 3026 1888 3062 demsezben
1909 3026 2046 3071 Αηιαβ.
