2227 3434
553 178 590 213 B.
630 180 706 214 Der
729 178 828 214 liber
851 181 1043 223 gestorum
1069 179 1137 213 des
1161 176 1403 213 Cerretanus.
1778 177 1860 220 189

214 299 269 341 Et
289 298 375 340 hac
400 297 564 340 eadem
588 298 663 339 die
687 297 926 340 <lohannes
951 296 1089 350 Husss)
1115 295 1411 348 Wicleffista,
1437 295 1543 348 quia
1569 296 1616 336 in
1641 295 1789 347 domo,
1815 296 1861 335 in

96 381 186 423 qua
221 367 494 411 Constancie
529 367 788 421 hospitatus
824 371 936 420 erat,
972 367 1227 409 doctrinam
1263 366 1512 419 reprobam
1546 365 1727 418 Wyclef
1761 365 1862 407 doc-

95 439 340 482 matizabat
366 439 425 481 ad
452 451 559 480 eum
587 438 914 481 accedentibus
943 437 1208 490 ibidemque
1235 436 1620 479 convenientibus
1648 439 1692 478 et
1720 436 1862 477 moni-

95 514 168 553 tus
190 522 332 563 super
352 510 437 552 hoc
459 510 687 552 desistere
709 509 911 561 nolebat,
934 521 1018 562 per
1041 509 1081 552 d.
1104 511 1312 549 nostrum
1333 520 1501 560 papam
1525 508 1681 548 habita
1703 519 1862 559 super-

96 580 204 624 inde
241 580 602 633 deliberacione,
640 580 785 633 magis
822 579 1055 622 districtus
1092 581 1175 631 est,
1210 591 1269 620 ne
1307 578 1559 620 doctrinam
1598 578 1725 619 illam
1762 577 1863 618 doc-

97 651 333 694 matizaret
368 652 583 705 amplius,
620 651 662 693 d.
699 651 918 704 episcopo
954 649 1240 701 Tridentino,
1279 649 1319 690 d.
1359 648 1607 690 FrederIco
1645 648 1863 700 episcopo

96 722 379 776 Augustensi
412 725 457 764 et
490 721 531 763 d.
566 720 792 763 Ottobono
827 721 1119 762 decretorum
1153 720 1326 761 doctori
1360 719 1622 761 oratoribus
1658 718 1780 771 regis
1815 730 1864 759 ac

98 793 318 847 magistro
342 793 510 835 civium
533 795 578 834 et
601 791 869 834 consulibus
895 791 1091 833 civitatis
1115 791 1390 833 Constancie
1417 789 1475 832 ad
1500 789 1546 831 id
1569 789 1865 831 consencien-

97 864 220 907 tibus
251 876 450 917 eumque
484 863 744 905 Johannem
778 863 873 904 Hus
906 862 964 904 ad
994 861 1287 914 presenciam
1320 861 1360 902 d.
1394 861 1538 902 nostri
1572 873 1692 913 pape
1726 859 1866 900 domi-

97 946 355 988 norumque
388 934 695 977 cardinalium
728 933 1040 986 personaliter
1074 932 1363 984 ducentibus,
1397 932 1678 973 reclamante
1711 934 1864 973 tamen

99 1009 143 1048 et
173 1008 488 1059 conquerente
523 1005 580 1047 de
613 1005 698 1047 hoc
732 1004 931 1058 quodam
965 1004 1126 1056 milite,
1160 1004 1238 1056 qui
1272 1003 1440 1044 dictum
1475 1003 1735 1044 ,Iohannem
1770 1001 1866 1042 Hus

100 1076 421 1120 Constanciam
457 1075 667 1129 duxerat,
703 1088 753 1118 ac
789 1075 985 1127 dicente,
1021 1074 1143 1127 quod
1178 1074 1219 1115 d.
1255 1076 1413 1115 noster
1448 1086 1569 1126 papa
1605 1072 1758 1114 eidem
1793 1072 1866 1113 Jo-

98 1147 241 1190 hanni
269 1147 369 1189 Hus
399 1148 578 1189 salvum
607 1146 879 1188 conductum
911 1145 1118 1197 dederat,
1148 1145 1272 1197 quod
1301 1144 1487 1197 quidem
1518 1156 1639 1196 papa
1668 1142 1864 1195 negavit.

102 1218 296 1271 Propter
318 1221 473 1260 tamen
497 1218 738 1270 querelam
761 1220 806 1258 et
830 1217 974 1258 verba
997 1216 1103 1257 dicti
1129 1215 1286 1256 militis
1311 1215 1457 1256 noluit
1482 1215 1523 1255 d.
1549 1216 1706 1256 noster
1731 1225 1866 1266 papa,

100 1288 223 1342 quod
260 1288 497 1342 predictus
537 1288 777 1330 Johannes
816 1287 915 1330 Hus
956 1288 1002 1328 in
1043 1286 1224 1340 palacio
1265 1286 1518 1339 apostolico
1558 1287 1865 1337 pernoctaret.

100 1359 225 1402 Alibi
261 1372 374 1413 ergo
408 1358 586 1413 positus
621 1362 692 1401 est
729 1362 773 1400 et
810 1358 1025 1400 detentus
1063 1358 1148 1400 sub
1185 1356 1392 1398 custodia
1429 1356 1469 1397 d.
1508 1355 1714 1408 episcopi
1752 1354 1867 1396 Lau-

0 1459 6 1467 .
36 1486 50 1497 ι
101 1429 314 1472 sanensis
337 1442 567 1472 cameram
589 1430 810 1482 regentis.

217 1499 392 1543 Eadem
424 1500 499 1542 die
533 1500 702 1543 redivit
734 1513 761 1542 a
793 1500 835 1542 d.
870 1512 980 1553 rege
1015 1499 1327 1541 Romanorum
1361 1497 1402 1540 d.
1437 1496 1665 1539 Henricus
1699 1495 1868 1538 Lazen-

100 1572 220 1614 buch
243 1574 289 1614 et
312 1572 514 1626 portavit
537 1584 657 1614 nova
682 1574 807 1613 certa
833 1570 890 1612 de
917 1571 1222 1612 coronacione
1250 1569 1396 1622 ipsius
1423 1568 1464 1610 d.
1491 1568 1615 1621 regis
1643 1567 1684 1609 d.
1710 1569 1869 1608 nostro

98 1655 219 1696 pape
250 1654 475 1695 sacroque
505 1643 702 1695 collegio
732 1645 777 1684 et
809 1642 988 1684 litteras
1018 1640 1359 1693 infrascriptas:

216 1713 515 1757 Sanctissimo
575 1713 621 1755 in
681 1712 786 1755 Chr.
847 1711 967 1765 patri
1029 1745 1036 1753 .
1073 1745 1080 1753 .
1117 1749 1123 1755 .
1198 1711 1310 1753 Cum
1371 1710 1633 1752 debitorum
1692 1711 1868 1750 nostro-

101 1796 202 1827 rum
232 1818 241 1827 .
276 1818 285 1827 .
320 1784 371 1840 .¹)

220 1855 304 1897 Die
342 1855 549 1898 sabbatis
585 1854 736 1908 prima
771 1854 946 1896 mensis
984 1852 1256 1895 Decembris
1293 1852 1350 1894 de
1390 1851 1605 1894 mandato
1643 1850 1684 1892 d.
1722 1850 1866 1891 nostri

102 1938 221 1980 pape
260 1926 488 1969 Johannis
526 1925 698 1967 XXIII.
738 1924 1028 1978 congregatis
1068 1923 1109 1965 d.
1149 1922 1480 1975 cardinalibus,
1519 1920 1728 1975 prelatis,
1767 1933 1869 1973 pro-

102 1997 391 2040 curatoribus
419 1996 711 2039 dominorum
738 1999 783 2038 et
810 1995 914 2038 aliis
942 1996 988 2036 in
1016 2007 1148 2036 sacro
1174 1994 1369 2036 concilio
1397 1991 1748 2035 Constanciensi
1775 1992 1869 2032 exi-

104 2068 330 2111 stentibus
369 2067 576 2121 deputati
614 2070 659 2109 et
697 2066 832 2108 electi
872 2069 977 2108 sunt
1017 2065 1263 2109 duodecim
1300 2064 1578 2116 cardinales,
1616 2063 1786 2116 prelati
1825 2065 1868 2103 et

103 2138 308 2193 magistri
344 2136 610 2192 deputati''),
646 2138 766 2179 inter
800 2150 915 2190 quos
950 2136 1141 2178 fuerunt
1176 2135 1311 2177 revmi
1347 2148 1389 2188 p.
1427 2135 1467 2176 d.
1504 2132 1868 2178 Cameracensis,

105 2221 138 2252 s.
168 2209 320 2262 Marci,
345 2209 402 2251 de
429 2208 725 2251 Branchaciis
751 2211 796 2250 et
821 2207 1120 2250 Florentinus
1145 2220 1179 2249 s.
1206 2207 1255 2248 R.
1282 2219 1321 2248 e.
1347 2205 1609 2247 cardinales
1635 2208 1680 2246 et
1705 2216 1799 2245 rev.
1826 2216 1867 2256 p.

105 2279 146 2322 d.
183 2280 330 2323 frater
367 2280 595 2322 Antonius
632 2279 689 2321 de
729 2280 895 2320 Pereto
932 2278 1111 2320 ordinis
1154 2277 1379 2318 Minorum
1418 2280 1462 2318 et
1502 2276 1721 2328 magister
1760 2275 1870 2315 Leo-

105 2351 278 2394 nardus
302 2351 358 2393 de
385 2351 629 2393 Florencia
653 2350 831 2392 ordinis
855 2349 1203 2391 Predicatorum
1227 2348 1476 2401 generales
1501 2345 1699 2388 ministri
1723 2348 1768 2387 et
1792 2344 1869 2387 alii

106 2421 164 2463 ad
185 2421 547 2464 examinandum
576 2421 828 2463 Iohannem
852 2420 949 2462 Hus
972 2419 1290 2472 Wyclefistam
1314 2417 1508 2471 eiusque
1534 2417 1678 2459 libros
1701 2419 1745 2458 et
1770 2416 1870 2457 doc-

106 2492 273 2535 trinam
300 2491 562 2546 reprobam.

222 2562 396 2606 Eadem
422 2562 497 2605 die
525 2575 620 2604 rev.
648 2562 693 2604 in
721 2562 827 2604 Chr.
853 2574 894 2615 p.
923 2561 965 2603 d.
991 2561 1239 2614 episcopus
1265 2559 1618 2612 Ratisponensis
1645 2570 1745 2599 cum
1773 2557 1870 2610 pul-

107 2633 302 2676 cerrimo
329 2636 556 2687 apparatu
584 2633 823 2686 ingressus
849 2632 972 2684 ests)

224 2704 309 2747 Die
347 2705 508 2747 martis
545 2706 709 2757 quarta
747 2703 922 2745 mensis
963 2701 1232 2744 Decembris
1270 2700 1468 2754 ingressi
1508 2703 1611 2742 sunt
1651 2699 1870 2741 Constan-

108 2773 222 2816 ciam
247 2774 289 2817 d.
317 2774 693 2827 archiepiscopus
719 2771 975 2826 Rigensisd)
1006 2785 1106 2814 cum
1135 2772 1240 2814 aliis
1268 2771 1466 2813 dominis
1493 2771 1549 2811 de
1579 2770 1741 2811 I'rusia
1769 2780 1868 2809 cum

109 2842 267 2886 decem
295 2845 391 2888 sive
419 2844 633 2886 undecim
661 2843 874 2886 curribus
900 2847 946 2885 et
973 2843 1256 2896 pulcerrimo
1284 2844 1522 2894 apparatu.

213 2973 243 3003 a)
269 2971 306 2999 0.-
337 2971 422 2998 Huss
456 2972 505 3000 (250
527 2972 681 3004 stiinrliy).
745 2972 776 3003 b)
807 2972 842 2998 B.
867 2973 890 2997 ζ’
912 2971 1051 2997 ΛΜαῐίν.
1121 2972 1149 3001 c)
1177 2969 1250 2995 sat:
1271 2968 1350 3001 fehlt
1373 2970 1401 2995 (ἲ
1467 2967 1498 2995 ‹1›
1524 2967 1560 2993 0:
1585 2966 1739 2996 Hivnscin,
1761 2974 1793 2991 κο
1818 2972 1869 2989 ur-

110 3017 294 3052 npriinylich
314 3019 397 3046 auch
422 3019 457 3045 Β.

227 3079 259 3122 ¹)
288 3078 626 3123 Reichslaysakten
664 3077 741 3120 Vll,
769 3077 942 3113 239—41.
