2227 3434
518 190 562 225 A.
602 189 800 224 Fillastres
829 188 945 223 Gesta
971 188 1122 222 concilii
1149 186 1463 222 Constantiensis.
1791 187 1874 229 139

110 323 240 353 suam
278 309 407 361 dixit,
445 308 568 361 quod
604 307 736 349 nacio
773 306 1028 359 Anglicana
1067 305 1260 346 dederat
1298 305 1542 357 deputatos
1581 304 1639 345 ad
1677 316 1746 355 ea,
1785 316 1873 356 que

108 380 401 434 petebantur.
449 378 546 419 Rex
583 378 713 429 dixit,
748 376 870 430 quod
903 388 995 417 non
1031 379 1076 416 et
1109 375 1231 428 quod
1266 375 1350 416 hoc
1385 374 1630 427 negabant.
1680 374 1732 415 Et
1767 373 1874 414 fecit

90 451 262 492 avocari
283 449 514 503 Anglicos.
546 448 721 489 Verum
742 450 813 489 est
832 450 999 498 autem,
1020 446 1142 498 quod
1163 445 1237 486 die
1259 445 1420 487 martis
1440 443 1736 498 precedentis
1756 444 1876 497 Ang-

109 520 184 563 lici
219 519 447 562 dederant
481 518 726 572 deputatos
761 517 820 559 ad
856 517 937 559 illa
974 529 1074 558 cum
1110 517 1251 568 plena
1287 518 1529 568 potestate,
1566 514 1739 556 scilicet
1773 517 1875 567 post

7 605 10 611 ·
83 593 302 633 -mortem
336 588 714 640 Sarisberiensis‚
750 588 827 641 qui
862 587 1041 629 obierat
1076 586 1270 628 sabbato
1303 584 1588 638 precedenti.
1636 584 1877 625 Venerunt

71 661 289 715 -Anglici
325 663 522 714 quatuor
558 659 781 712 episcopi.
830 658 885 699 Et
922 657 1162 710 respondit
1200 655 1591 697 Lichefeldiensis
1630 656 1877 707 episcopus

109 731 357 786 presidens
391 742 566 781 eorum,
603 729 726 782 quod
762 728 878 771 alias
914 728 973 770 ad
1008 727 1274 770 mandatum
1311 727 1435 779 regis
1472 726 1699 767 dederant
1736 725 1877 778 depu-

109 805 226 845 tatos
252 801 299 843 in
324 801 405 843 illa
431 800 639 853 materia,
666 799 744 852 qui
770 799 891 841 inter
917 811 967 841 se
995 797 1326 841 deliberarent.
1367 797 1422 839 Et
1445 796 1699 838 novissime
1725 796 1878 849 requi-

110 873 184 916 siti
219 871 613 914 confirmaverant
646 882 740 912 eOS.
787 869 879 912 Sed
912 873 1067 911 tamen
1101 867 1355 910 vaxillabat
1390 867 1437 909 in
1472 866 1669 909 dicendo
1704 866 1877 917 dicens,

110 942 233 997 quod
274 942 425 995 sequti
464 941 653 983 fuerant
694 943 739 982 et
779 940 911 993 sequi
954 939 1173 981 volebant
1213 937 1454 980 nacionem
1497 936 1724 979 Almanie.
1778 936 1878 977 Rex

110 1014 249 1066 enim,
278 1013 356 1066 qui
386 1012 461 1054 die
492 1011 652 1054 martis
679 1010 887 1064 predicta
916 1009 1070 1052 fuerat
1099 1009 1285 1060 absens,
1315 1008 1501 1061 quando
1530 1007 1710 1061 Anglici
1741 1006 1879 1049 dede-

111 1087 215 1127 rant
244 1083 504 1136 deputatos,
536 1081 688 1125 statim
720 1081 795 1123 die
827 1080 1044 1122 mercurii
1077 1092 1297 1121 reversus
1330 1082 1400 1121 est
1432 1081 1476 1120 et
1509 1079 1700 1119 multum
1733 1078 1879 1119 incre-

110 1153 236 1208 pavit
270 1153 489 1207 Anglicos
526 1152 583 1194 de
604 1165 690 1212 eo,
728 1151 851 1205 quod
888 1151 1116 1192 dederant
1153 1150 1397 1203 deputatos
1436 1150 1761 1202 improperans
1798 1160 1879 1189 eos

111 1224 493 1267 confederatores
524 1224 646 1265 inter
677 1222 828 1276 ipsum
860 1225 904 1264 et
936 1233 1094 1274 regem
1126 1220 1307 1273 Anglie.
1440 1223 1442 1225 ’

228 1295 329 1338 Hiis
351 1294 485 1337 dictis
507 1293 759 1336 cardinalis
782 1293 981 1334 Pisanus
1004 1292 1096 1334 alta
1119 1303 1230 1333 voce
1254 1291 1451 1344 loquens
1476 1289 1722 1332 Germanis
1745 1288 1877 1330 dixit:

113 1366 243 1419 Ecce,
270 1365 444 1408 domini
474 1364 711 1416 Germani,
741 1376 903 1406 omnes
932 1363 1153 1405 naciones
1181 1365 1341 1415 preter
1369 1374 1450 1404 vos
1480 1360 1711 1402 dederunt
1739 1360 1881 1413 depu-

113 1438 243 1479 tatos.
288 1436 419 1478 Detis
448 1439 498 1477 ut
527 1434 687 1477 ceteri!
735 1435 789 1476 Et
820 1433 927 1487 quia
960 1434 1118 1475 nullus
1152 1431 1481 1485 respondebat,
1513 1430 1703 1473 tradidit
1736 1430 1881 1472 archi-

113 1507 333 1561 episcopo
373 1506 651 1548 Bituricensi
694 1504 1053 1558 requisicionem
1093 1507 1137 1545 et
1178 1503 1567 1556 protestacionem
1609 1502 1654 1543 in
1698 1500 1881 1554 scriptis

114 1576 374 1631 legendam,
401 1576 479 1630 qui
504 1576 632 1618 illam
657 1576 779 1629 cepit
804 1575 977 1628 legere.
1017 1575 1071 1616 Et
1096 1577 1201 1616 tunc
1227 1586 1311 1615 rex
1338 1573 1542 1614 surrexit
1567 1575 1611 1613 et
1638 1571 1787 1613 factus
1812 1574 1882 1613 est

115 1648 350 1690 tumultus,
388 1647 559 1690 Iterum
580 1646 753 1699 incepit
772 1646 946 1699 legere.
980 1645 1079 1686 Rex
1101 1645 1194 1687 alta
1215 1657 1324 1685 voce
1348 1643 1481 1685 dixit:
1505 1643 1595 1684 Per
1618 1642 1779 1694 Deum,
1800 1654 1881 1683 vos

116 1731 207 1761 non
235 1718 418 1772 legetis!
462 1718 516 1760 Et
543 1720 651 1760 tunc
678 1717 902 1759 tumultus
933 1716 1079 1758 maior
1107 1715 1257 1757 factus
1285 1718 1355 1757 est
1384 1717 1430 1756 et
1458 1726 1543 1756 rex
1573 1712 1760 1755 recedit.
1801 1712 1883 1754 Lo-

117 1801 264 1842 quens
300 1792 407 1831 tunc
444 1801 564 1831 unus
601 1787 980 1841 prothonotarius
1019 1786 1226 1828 Ytalicus
1264 1785 1396 1827 dixit:
1439 1785 1675 1826 Ponantur
1713 1783 1798 1825 ista
1837 1783 1882 1824 in

117 1859 281 1902 valvis!
326 1859 426 1901 Rex
455 1859 541 1901 hoc
574 1858 771 1900 audiens
803 1869 1023 1899 reversus
1053 1860 1124 1899 est
1157 1856 1215 1898 ad
1247 1856 1378 1897 illum
1410 1854 1542 1896 dixit:
1589 1854 1656 1896 Tu
1686 1853 1883 1896 habebis

117 1929 163 1972 in
192 1929 357 1973 valvis!
403 1930 457 1972 Et
486 1933 534 1971 ut
565 1932 781 1971 asserunt
811 1928 958 1970 dictus
988 1926 1365 1980 prothonotarius
1396 1929 1441 1967 et
1470 1926 1632 1978 plures
1663 1923 1883 1977 episcopi,

118 2000 344 2054 percussit
372 2000 503 2042 illum
532 1998 931 2053 prothonotarium
961 1998 1017 2040 de
1046 2010 1201 2051 pugno
1230 1997 1316 2038 sub
1346 1999 1500 2038 mento
1528 1999 1573 2037 et
1602 1995 1648 2036 in
1676 1998 1881 2048 pectore;

119 2070 343 2114 recedens
373 2070 572 2112 dicebat:
621 2070 698 2112 Isti
731 2069 895 2111 Ytalici
925 2072 970 2110 et
998 2068 1166 2110 Gallici
1197 2068 1357 2110 volunt
1386 2066 1521 2109 nobis
1552 2066 1664 2108 dare
1695 2065 1881 2118 papam!

121 2141 209 2184 Per
231 2141 378 2183 Deum
402 2142 491 2195 ipsi
514 2153 607 2183 non
631 2140 804 2182 facient
823 2140 925 2182 hoc!
968 2138 1304 2192 Impedimento
1328 2138 1501 2179 lecture
1524 2136 1718 2190 prestito
1740 2136 1884 2177 lector

115 2202 248 2254 *illam
270 2211 545 2265 scripturam
570 2210 759 2253 tradidit
782 2210 981 2263 publicis
1006 2209 1201 2251 notariis
1225 2209 1402 2251 dicens:
1445 2207 1583 2250 Istam
1609 2207 1883 2260 scripturam

117 2294 253 2335 quam
275 2282 382 2324 huic
405 2283 588 2325 nacioni
615 2282 774 2335 legere
801 2281 1029 2332 volebam,
1053 2292 1176 2333 pono
1201 2279 1248 2320 in
1274 2278 1488 2321 manibus
1512 2277 1680 2320 vestris
1705 2280 1751 2319 et
1775 2279 1882 2330 peto

120 2351 178 2394 de
206 2352 310 2396 istis
343 2352 558 2395 omnibus
594 2352 964 2393 instrumentum.
1012 2351 1065 2392 Et
1100 2351 1161 2395 ita
1195 2350 1356 2403 plures
1389 2349 1667 2402 petiverunt.
1719 2347 1783 2389 Ita
1817 2358 1886 2388 re-

120 2434 299 2466 cessum
322 2426 405 2465 est.

236 2493 409 2536 Eodem
433 2494 509 2535 die
534 2493 590 2535 de
616 2505 722 2536 sero
746 2493 867 2534 bene
891 2492 1022 2534 tarde
1048 2494 1277 2533 venerunt
1302 2489 1439 2543 legati
1465 2502 1624 2543 regum
1650 2488 1882 2541 Aragonie

122 2566 167 2605 et
188 2563 451 2617 Portugalie
475 2564 534 2606 ad
558 2564 707 2605 locum
732 2562 940 2605 nacionis
963 2561 1186 2615 Hispanie
1212 2564 1257 2603 et
1281 2573 1364 2602 rex
1390 2561 1700 2602 Romanorum
1726 2561 1771 2600 et
1796 2570 1885 2599 ma-

120 2632 261 2686 gister
292 2634 458 2676 civium
490 2634 673 2676 stabant
707 2634 752 2675 in
783 2633 982 2675 ecclesia
1016 2632 1289 2674 absentibus
1321 2631 1543 2683 Hispanis
1575 2632 1619 2671 et
1652 2630 1884 2678 dixerunt,

124 2704 245 2756 quod
282 2704 501 2747 volebant
539 2708 702 2747 tenere
742 2704 984 2746 nacionem
1025 2706 1070 2745 et
1109 2702 1322 2744 fecerunt
1362 2701 1528 2743 sedere
1569 2699 1884 2753 presidentem

125 2773 517 2828 Portugalensem.
562 2775 616 2817 Et
649 2774 867 2826 creditur,
899 2773 1023 2826 quod
1056 2786 1140 2814 rex
1172 2775 1381 2814 tueretur
1413 2783 1507 2813 eos.
1555 2771 1607 2812 Et
1642 2768 1886 2811 mandave-

126 2847 229 2886 runt
255 2844 489 2898 Hispanis,
517 2845 640 2898 quod
668 2844 896 2896 venirent,
924 2847 970 2886 et
997 2843 1180 2885 iverunt
1207 2846 1254 2884 et
1281 2842 1498 2884 dixerunt
1525 2839 1735 2893 Hispani,
1764 2837 1884 2891 quod

127 2913 205 2956 ille
237 2927 330 2957 non
364 2918 465 2957 erat
497 2915 760 2968 presidens,
795 2915 1020 2965 volentes,
1056 2913 1178 2966 quod
1213 2913 1269 2954 de
1307 2913 1386 2954 illa
1421 2910 1736 2953 controversia
1773 2908 1886 2950 iudi-

126 2987 319 3027 caretur.
367 2986 421 3027 Et
454 2985 644 3027 fuerunt
680 2985 822 3027 multa
857 2985 999 3026 verba
1035 2996 1202 3037 aspera
1238 2986 1282 3024 et
1319 2981 1555 3024 iniuriosa.
1603 2981 1656 3022 Et
1691 2979 1750 3021 ita
1783 2990 1883 3020 cum

127 3065 309 3097 rumore
333 3067 571 3098 recessum
594 3058 678 3098 est.
