<?xml version="1.0" encoding="UTF-8"?>
<!DOCTYPE html PUBLIC "-//W3C//DTD XHTML 1.0 Transitional//EN"
    "http://www.w3.org/TR/xhtml1/DTD/xhtml1-transitional.dtd">
<html xmlns="http://www.w3.org/1999/xhtml" xml:lang="en" lang="en">
 <head>
  <title>
</title>
<meta http-equiv="Content-Type" content="text/html;charset=utf-8" />
  <meta name='ocr-system' content='tesseract 3.04.00' />
  <meta name='ocr-capabilities' content='ocr_page ocr_carea ocr_par ocr_line ocrx_word'/>
</head>
<body>
  <div class='ocr_page' id='page_1' title='image "./actaconciliicons02counuoft_0310.png"; bbox 0 0 2102 3444; ppageno 0'>
   <div class='ocr_carea' id='block_1_1' title="bbox 205 125 1442 171">
    <p class='ocr_par' dir='ltr' id='par_1_1' title="bbox 205 125 1442 171">
     <span class='ocr_line' id='line_1_1' title="bbox 205 125 1442 171; baseline -0.006 -5"><span class='ocrx_word' id='word_1_1' title='bbox 205 129 290 171; x_wconf 85' lang='lat'>296</span> <span class='ocrx_word' id='word_1_2' title='bbox 741 126 765 161; x_wconf 89' lang='lat'>1.</span> <span class='ocrx_word' id='word_1_3' title='bbox 792 125 1002 162; x_wconf 74' lang='lat' dir='ltr'>Abschnitt.</span> <span class='ocrx_word' id='word_1_4' title='bbox 1042 125 1442 170; x_wconf 77' lang='lat' dir='ltr'>Konzilstagebiicher.</span> 
     </span>
    </p>
   </div>
   <div class='ocr_carea' id='block_1_2' title="bbox 199 243 1977 2854">
    <p class='ocr_par' dir='ltr' id='par_1_2' title="bbox 199 243 1977 2854">
     <span class='ocr_line' id='line_1_2' title="bbox 207 243 1975 299; baseline -0.001 -11"><span class='ocrx_word' id='word_1_5' title='bbox 207 247 452 299; x_wconf 81' lang='lat' dir='ltr'>adherere,</span> <span class='ocrx_word' id='word_1_6' title='bbox 477 246 660 288; x_wconf 88' lang='lat' dir='ltr'>mittere</span> <span class='ocrx_word' id='word_1_7' title='bbox 685 248 732 287; x_wconf 90' lang='lat' dir='ltr'>et</span> <span class='ocrx_word' id='word_1_8' title='bbox 758 245 989 297; x_wconf 89' lang='lat' dir='ltr'>laborare,</span> <span class='ocrx_word' id='word_1_9' title='bbox 1015 256 1116 286; x_wconf 90' lang='lat' dir='ltr'>cum</span> <span class='ocrx_word' id='word_1_10' title='bbox 1141 247 1301 286; x_wconf 83' lang='lat' dir='ltr'>essent</span> <span class='ocrx_word' id='word_1_11' title='bbox 1325 243 1590 286; x_wconf 85' lang='lat' dir='ltr'>immediate</span> <span class='ocrx_word' id='word_1_12' title='bbox 1615 245 1813 287; x_wconf 78' lang='lat' dir='ltr'>ecclesie</span> <span class='ocrx_word' id='word_1_13' title='bbox 1839 247 1885 287; x_wconf 88' lang='lat' dir='ltr'>et</span> <span class='ocrx_word' id='word_1_14' title='bbox 1908 245 1975 286; x_wconf 93' lang='lat' dir='ltr'>nil</span> 
     </span>
     <span class='ocr_line' id='line_1_3' title="bbox 206 314 1976 369; baseline 0 -11"><span class='ocrx_word' id='word_1_15' title='bbox 206 320 332 360; x_wconf 84' lang='lat' dir='ltr'>essct</span> <span class='ocrx_word' id='word_1_16' title='bbox 355 315 531 369; x_wconf 90' lang='lat' dir='ltr'>utilius,</span> <span class='ocrx_word' id='word_1_17' title='bbox 559 328 695 369; x_wconf 92' lang='lat' dir='ltr'>quam</span> <span class='ocrx_word' id='word_1_18' title='bbox 722 315 899 357; x_wconf 89' lang='lat' dir='ltr'>habere</span> <span class='ocrx_word' id='word_1_19' title='bbox 925 315 1112 356; x_wconf 89' lang='lat' dir='ltr'>unicum</span> <span class='ocrx_word' id='word_1_20' title='bbox 1138 314 1360 356; x_wconf 86' lang='lat' dir='ltr'>vicarium</span> <span class='ocrx_word' id='word_1_21' title='bbox 1387 315 1533 357; x_wconf 81' lang='lat' dir='ltr'>Jhesu</span> <span class='ocrx_word' id='word_1_22' title='bbox 1560 314 1744 367; x_wconf 78' lang='lat' dir='ltr'>Christi,</span> <span class='ocrx_word' id='word_1_23' title='bbox 1771 327 1871 357; x_wconf 93' lang='lat' dir='ltr'>cum</span> <span class='ocrx_word' id='word_1_24' title='bbox 1899 327 1976 368; x_wconf 94' lang='lat' dir='ltr'>op-</span> 
     </span>
     <span class='ocr_line' id='line_1_4' title="bbox 206 385 1976 441; baseline -0.001 -11"><span class='ocrx_word' id='word_1_25' title='bbox 206 387 403 441; x_wconf 90' lang='lat' dir='ltr'>positum</span> <span class='ocrx_word' id='word_1_26' title='bbox 430 390 555 430; x_wconf 86' lang='lat' dir='ltr'>esset</span> <span class='ocrx_word' id='word_1_27' title='bbox 581 387 650 429; x_wconf 91' lang='lat' dir='ltr'>eis</span> <span class='ocrx_word' id='word_1_28' title='bbox 675 389 935 428; x_wconf 83' lang='lat' dir='ltr'>extremum</span> <span class='ocrx_word' id='word_1_29' title='bbox 960 385 1218 438; x_wconf 81' lang='lat' dir='ltr'>periculum</span> <span class='ocrx_word' id='word_1_30' title='bbox 1245 388 1290 427; x_wconf 89' lang='lat' dir='ltr'>et</span> <span class='ocrx_word' id='word_1_31' title='bbox 1315 385 1502 428; x_wconf 89' lang='lat' dir='ltr'>iactura.</span> <span class='ocrx_word' id='word_1_32' title='bbox 1542 385 1847 428; x_wconf 83' lang='lat' dir='ltr'>Pervenimus</span> <span class='ocrx_word' id='word_1_33' title='bbox 1873 388 1976 439; x_wconf 89' lang='lat' dir='ltr'>post</span> 
     </span>
     <span class='ocr_line' id='line_1_5' title="bbox 204 456 1976 510; baseline -0.002 -9"><span class='ocrx_word' id='word_1_34' title='bbox 204 459 243 501; x_wconf 92' lang='lat' dir='ltr'>V</span> <span class='ocrx_word' id='word_1_35' title='bbox 277 458 376 501; x_wconf 89' lang='lat' dir='ltr'>dies</span> <span class='ocrx_word' id='word_1_36' title='bbox 409 458 673 500; x_wconf 82' lang='lat' dir='ltr'>Ferrariam</span> <span class='ocrx_word' id='word_1_37' title='bbox 707 460 752 499; x_wconf 91' lang='lat' dir='ltr'>et</span> <span class='ocrx_word' id='word_1_38' title='bbox 782 469 869 510; x_wconf 90' lang='lat' dir='ltr'>per</span> <span class='ocrx_word' id='word_1_39' title='bbox 900 456 1215 498; x_wconf 85' lang='lat' dir='ltr'>marchionem</span> <span class='ocrx_word' id='word_1_40' title='bbox 1248 456 1464 509; x_wconf 77' lang='lat' dir='ltr'>ampliter</span> <span class='ocrx_word' id='word_1_41' title='bbox 1494 456 1708 499; x_wconf 90' lang='lat' dir='ltr'>honorati</span> <span class='ocrx_word' id='word_1_42' title='bbox 1739 457 1976 510; x_wconf 88' lang='lat' dir='ltr'>peroravi-</span> 
     </span>
     <span class='ocr_line' id='line_1_6' title="bbox 207 520 1976 583; baseline -0.002 -11"><span class='ocrx_word' id='word_1_43' title='bbox 207 542 307 572; x_wconf 86' lang='lat' dir='ltr'>mus</span> <span class='ocrx_word' id='word_1_44' title='bbox 339 542 424 583; x_wconf 87' lang='lat' dir='ltr'>per</span> <span class='ocrx_word' id='word_1_45' title='bbox 454 528 627 570; x_wconf 89' lang='lat' dir='ltr'>thema:</span> <span class='ocrx_word' id='word_1_46' title='bbox 652 520 945 570; x_wconf 57' lang='lat' dir='ltr'>&#39;Scribantur</span> <span class='ocrx_word' id='word_1_47' title='bbox 975 527 1060 568; x_wconf 91' lang='lat' dir='ltr'>hec</span> <span class='ocrx_word' id='word_1_48' title='bbox 1093 527 1199 569; x_wconf 90' lang='lat' dir='ltr'>stilo</span> <span class='ocrx_word' id='word_1_49' title='bbox 1231 526 1389 569; x_wconf 86' lang='lat' dir='ltr'>ferreo</span> <span class='ocrx_word' id='word_1_50' title='bbox 1425 527 1534 581; x_wconf 82' lang='lat' dir='ltr'>(Job</span> <span class='ocrx_word' id='word_1_51' title='bbox 1568 527 1643 582; x_wconf 89' lang='grc'>19)</span> <span class='ocrx_word' id='word_1_52' title='bbox 1680 530 1725 570; x_wconf 83' lang='grc' dir='ltr'>6ῒ</span> <span class='ocrx_word' id='word_1_53' title='bbox 1754 539 1841 580; x_wconf 93' lang='lat' dir='ltr'>per</span> <span class='ocrx_word' id='word_1_54' title='bbox 1873 540 1976 570; x_wconf 92' lang='lat' dir='ltr'>con-</span> 
     </span>
     <span class='ocr_line' id='line_1_7' title="bbox 207 598 1975 652; baseline -0.001 -10"><span class='ocrx_word' id='word_1_55' title='bbox 207 600 358 642; x_wconf 87' lang='lat' dir='ltr'>silium</span> <span class='ocrx_word' id='word_1_56' title='bbox 403 599 503 641; x_wconf 86' lang='lat' dir='ltr'>eius</span> <span class='ocrx_word' id='word_1_57' title='bbox 546 598 636 641; x_wconf 81' lang='lat' dir='ltr'>fuit</span> <span class='ocrx_word' id='word_1_58' title='bbox 677 610 972 651; x_wconf 88' lang='lat' dir='ltr'>responsum:</span> <span class='ocrx_word' id='word_1_59' title='bbox 1029 598 1126 639; x_wconf 92' lang='lat' dir='ltr'>Non</span> <span class='ocrx_word' id='word_1_60' title='bbox 1170 610 1329 640; x_wconf 90' lang='lat' dir='ltr'>sumus</span> <span class='ocrx_word' id='word_1_61' title='bbox 1373 598 1666 640; x_wconf 75' lang='lat' dir='ltr'>sufficientes</span> <span class='ocrx_word' id='word_1_62' title='bbox 1708 600 1835 641; x_wconf 90' lang='lat' dir='ltr'>tanto</span> <span class='ocrx_word' id='word_1_63' title='bbox 1877 598 1975 652; x_wconf 88' lang='lat' dir='ltr'>regi</span> 
     </span>
     <span class='ocr_line' id='line_1_8' title="bbox 203 669 1973 724; baseline 0 -12"><span class='ocrx_word' id='word_1_64' title='bbox 203 671 383 724; x_wconf 82' lang='lat' dir='ltr'>gracias</span> <span class='ocrx_word' id='word_1_65' title='bbox 412 670 612 712; x_wconf 90' lang='lat' dir='ltr'>reddere</span> <span class='ocrx_word' id='word_1_66' title='bbox 641 672 739 723; x_wconf 90' lang='lat' dir='ltr'>etc.,</span> <span class='ocrx_word' id='word_1_67' title='bbox 770 670 913 711; x_wconf 89' lang='lat' dir='ltr'>multa</span> <span class='ocrx_word' id='word_1_68' title='bbox 939 671 1069 722; x_wconf 68' lang='lat' dir='ltr'>grata¹</span> <span class='ocrx_word' id='word_1_69' title='bbox 1099 669 1307 712; x_wconf 86' lang='lat' dir='ltr'>dicentes</span> <span class='ocrx_word' id='word_1_70' title='bbox 1334 672 1381 711; x_wconf 90' lang='lat' dir='ltr'>et</span> <span class='ocrx_word' id='word_1_71' title='bbox 1408 669 1609 722; x_wconf 88' lang='lat' dir='ltr'>plurima</span> <span class='ocrx_word' id='word_1_72' title='bbox 1636 670 1973 722; x_wconf 79' lang='lat' dir='ltr'>promittentes</span> 
     </span>
     <span class='ocr_line' id='line_1_9' title="bbox 206 739 1976 794; baseline -0.001 -10"><span class='ocrx_word' id='word_1_73' title='bbox 206 743 260 784; x_wconf 88' lang='lat' dir='ltr'>Et</span> <span class='ocrx_word' id='word_1_74' title='bbox 284 753 562 794; x_wconf 87' lang='lat' dir='ltr'>quamquam</span> <span class='ocrx_word' id='word_1_75' title='bbox 585 740 711 783; x_wconf 83' lang='lat' dir='ltr'>fama</span> <span class='ocrx_word' id='word_1_76' title='bbox 735 740 791 782; x_wconf 89' lang='lat' dir='ltr'>de</span> <span class='ocrx_word' id='word_1_77' title='bbox 818 742 964 782; x_wconf 87' lang='lat' dir='ltr'>morte</span> <span class='ocrx_word' id='word_1_78' title='bbox 989 740 1030 782; x_wconf 89' lang='lat' dir='ltr'>d.</span> <span class='ocrx_word' id='word_1_79' title='bbox 1056 739 1179 793; x_wconf 85' lang='lat' dir='ltr'>regis</span> <span class='ocrx_word' id='word_1_80' title='bbox 1205 740 1397 782; x_wconf 91' lang='lat' dir='ltr'>multum</span> <span class='ocrx_word' id='word_1_81' title='bbox 1422 740 1709 782; x_wconf 90' lang='lat' dir='ltr'>obstaculum</span> <span class='ocrx_word' id='word_1_82' title='bbox 1734 740 1876 783; x_wconf 91' lang='lat' dir='ltr'>rebus</span> <span class='ocrx_word' id='word_1_83' title='bbox 1899 740 1976 782; x_wconf 88' lang='lat' dir='ltr'>da-</span> 
     </span>
     <span class='ocr_line' id='line_1_10' title="bbox 204 810 1976 866; baseline 0 -12"><span class='ocrx_word' id='word_1_84' title='bbox 204 815 286 866; x_wconf 87' lang='lat' dir='ltr'>ret,</span> <span class='ocrx_word' id='word_1_85' title='bbox 317 814 472 854; x_wconf 89' lang='lat' dir='ltr'>tamen</span> <span class='ocrx_word' id='word_1_86' title='bbox 505 811 612 865; x_wconf 89' lang='lat' dir='ltr'>quia</span> <span class='ocrx_word' id='word_1_87' title='bbox 644 812 780 853; x_wconf 89' lang='lat' dir='ltr'>litere</span> <span class='ocrx_word' id='word_1_88' title='bbox 813 813 971 853; x_wconf 91' lang='lat' dir='ltr'>nostre</span> <span class='ocrx_word' id='word_1_89' title='bbox 1005 811 1185 864; x_wconf 88' lang='lat' dir='ltr'>signate</span> <span class='ocrx_word' id='word_1_90' title='bbox 1217 814 1350 853; x_wconf 90' lang='lat' dir='ltr'>erant</span> <span class='ocrx_word' id='word_1_91' title='bbox 1381 823 1521 853; x_wconf 89' lang='lat' dir='ltr'>manu</span> <span class='ocrx_word' id='word_1_92' title='bbox 1554 810 1596 853; x_wconf 86' lang='lat' dir='ltr'>d.</span> <span class='ocrx_word' id='word_1_93' title='bbox 1628 810 1775 853; x_wconf 88' lang='lat' dir='ltr'>nostri</span> <span class='ocrx_word' id='word_1_94' title='bbox 1805 811 1976 864; x_wconf 89' lang='lat' dir='ltr'>primo-</span> 
     </span>
     <span class='ocr_line' id='line_1_11' title="bbox 202 881 1975 936; baseline -0.001 -11"><span class='ocrx_word' id='word_1_95' title='bbox 202 883 360 936; x_wconf 84' lang='lat' dir='ltr'>geniti,</span> <span class='ocrx_word' id='word_1_96' title='bbox 388 895 489 925; x_wconf 90' lang='lat' dir='ltr'>cum</span> <span class='ocrx_word' id='word_1_97' title='bbox 516 882 610 925; x_wconf 89' lang='lat' dir='ltr'>illis</span> <span class='ocrx_word' id='word_1_98' title='bbox 637 881 959 925; x_wconf 87' lang='lat' dir='ltr'>roboravimus</span> <span class='ocrx_word' id='word_1_99' title='bbox 986 883 1073 924; x_wconf 88' lang='lat' dir='ltr'>iter</span> <span class='ocrx_word' id='word_1_100' title='bbox 1098 885 1321 924; x_wconf 91' lang='lat' dir='ltr'>nostrum.</span> <span class='ocrx_word' id='word_1_101' title='bbox 1361 882 1504 923; x_wconf 89' lang='lat' dir='ltr'>Erant</span> <span class='ocrx_word' id='word_1_102' title='bbox 1529 894 1731 936; x_wconf 89' lang='lat' dir='ltr'>namque</span> <span class='ocrx_word' id='word_1_103' title='bbox 1756 881 1975 935; x_wconf 88' lang='lat' dir='ltr'>premissi</span> 
     </span>
     <span class='ocr_line' id='line_1_12' title="bbox 203 952 1976 1008; baseline -0.001 -13"><span class='ocrx_word' id='word_1_104' title='bbox 203 957 361 997; x_wconf 89' lang='lat' dir='ltr'>contra</span> <span class='ocrx_word' id='word_1_105' title='bbox 393 967 478 996; x_wconf 92' lang='lat' dir='ltr'>nos</span> <span class='ocrx_word' id='word_1_106' title='bbox 511 966 596 1008; x_wconf 89' lang='lat' dir='ltr'>per</span> <span class='ocrx_word' id='word_1_107' title='bbox 627 953 928 995; x_wconf 83' lang='lat' dir='ltr'>Benedictum</span> <span class='ocrx_word' id='word_1_108' title='bbox 961 953 1208 1006; x_wconf 90' lang='lat' dir='ltr'>episcopus</span> <span class='ocrx_word' id='word_1_109' title='bbox 1241 952 1571 1006; x_wconf 88' lang='lat' dir='ltr'>Calamensis¹)</span> <span class='ocrx_word' id='word_1_110' title='bbox 1607 955 1651 995; x_wconf 91' lang='lat' dir='ltr'>et</span> <span class='ocrx_word' id='word_1_111' title='bbox 1682 952 1813 1006; x_wconf 89' lang='lat' dir='ltr'>prior</span> <span class='ocrx_word' id='word_1_112' title='bbox 1845 952 1976 996; x_wconf 89' lang='lat' dir='ltr'>Cele-</span> 
     </span>
     <span class='ocr_line' id='line_1_13' title="bbox 204 1023 1976 1078; baseline -0.001 -11"><span class='ocrx_word' id='word_1_113' title='bbox 204 1024 429 1068; x_wconf 88' lang='lat' dir='ltr'>stinorum</span> <span class='ocrx_word' id='word_1_114' title='bbox 451 1025 508 1067; x_wconf 86' lang='lat' dir='ltr'>de</span> <span class='ocrx_word' id='word_1_115' title='bbox 531 1024 837 1077; x_wconf 87' lang='lat' dir='ltr'>Barchinona,</span> <span class='ocrx_word' id='word_1_116' title='bbox 862 1025 938 1078; x_wconf 93' lang='lat' dir='ltr'>qui</span> <span class='ocrx_word' id='word_1_117' title='bbox 963 1027 1154 1078; x_wconf 88' lang='lat' dir='ltr'>propter</span> <span class='ocrx_word' id='word_1_118' title='bbox 1178 1027 1371 1066; x_wconf 90' lang='lat' dir='ltr'>mortem</span> <span class='ocrx_word' id='word_1_119' title='bbox 1396 1024 1521 1077; x_wconf 87' lang='lat' dir='ltr'>regis</span> <span class='ocrx_word' id='word_1_120' title='bbox 1544 1023 1733 1066; x_wconf 87' lang='lat' dir='ltr'>aiebant</span> <span class='ocrx_word' id='word_1_121' title='bbox 1754 1023 1976 1066; x_wconf 89' lang='lat' dir='ltr'>ambassi-</span> 
     </span>
     <span class='ocr_line' id='line_1_14' title="bbox 202 1095 1975 1149; baseline -0.001 -10"><span class='ocrx_word' id='word_1_122' title='bbox 202 1100 321 1139; x_wconf 87' lang='lat' dir='ltr'>atam</span> <span class='ocrx_word' id='word_1_123' title='bbox 346 1099 553 1139; x_wconf 88' lang='lat' dir='ltr'>nostram</span> <span class='ocrx_word' id='word_1_124' title='bbox 579 1095 823 1149; x_wconf 76' lang='lat' dir='ltr'>expirasse</span> <span class='ocrx_word' id='word_1_125' title='bbox 849 1099 894 1137; x_wconf 85' lang='lat' dir='ltr'>et</span> <span class='ocrx_word' id='word_1_126' title='bbox 919 1095 1240 1137; x_wconf 89' lang='lat' dir='ltr'>obedienciam</span> <span class='ocrx_word' id='word_1_127' title='bbox 1265 1108 1359 1138; x_wconf 89' lang='lat' dir='ltr'>non</span> <span class='ocrx_word' id='word_1_128' title='bbox 1384 1095 1534 1137; x_wconf 81' lang='lat' dir='ltr'>fuisse</span> <span class='ocrx_word' id='word_1_129' title='bbox 1558 1095 1844 1148; x_wconf 86' lang='lat' dir='ltr'>generaliter</span> <span class='ocrx_word' id='word_1_130' title='bbox 1870 1095 1975 1138; x_wconf 91' lang='lat' dir='ltr'>sub-</span> 
     </span>
     <span class='ocr_line' id='line_1_15' title="bbox 201 1165 1976 1220; baseline 0 -11"><span class='ocrx_word' id='word_1_131' title='bbox 201 1170 392 1210; x_wconf 89' lang='lat' dir='ltr'>tractam</span> <span class='ocrx_word' id='word_1_132' title='bbox 424 1180 546 1209; x_wconf 90' lang='lat' dir='ltr'>nunc</span> <span class='ocrx_word' id='word_1_133' title='bbox 577 1166 668 1209; x_wconf 87' lang='lat' dir='ltr'>nisi</span> <span class='ocrx_word' id='word_1_134' title='bbox 700 1167 851 1209; x_wconf 91' lang='lat' dir='ltr'>solum</span> <span class='ocrx_word' id='word_1_135' title='bbox 882 1179 969 1220; x_wconf 91' lang='lat' dir='ltr'>per</span> <span class='ocrx_word' id='word_1_136' title='bbox 1001 1179 1159 1220; x_wconf 86' lang='lat' dir='ltr'>regem</span> <span class='ocrx_word' id='word_1_137' title='bbox 1192 1166 1440 1219; x_wconf 85' lang='lat' dir='ltr'>Aragonie,</span> <span class='ocrx_word' id='word_1_138' title='bbox 1475 1165 1558 1208; x_wconf 87' lang='lat' dir='ltr'>sed</span> <span class='ocrx_word' id='word_1_139' title='bbox 1588 1168 1804 1219; x_wconf 89' lang='lat' dir='ltr'>patenter</span> <span class='ocrx_word' id='word_1_140' title='bbox 1836 1178 1976 1219; x_wconf 84' lang='lat' dir='ltr'>oppo-</span> 
     </span>
     <span class='ocr_line' id='line_1_16' title="bbox 201 1236 1974 1292; baseline -0.001 -11"><span class='ocrx_word' id='word_1_141' title='bbox 201 1239 337 1281; x_wconf 90' lang='lat' dir='ltr'>situm</span> <span class='ocrx_word' id='word_1_142' title='bbox 375 1237 532 1281; x_wconf 86' lang='lat' dir='ltr'>existit</span> <span class='ocrx_word' id='word_1_143' title='bbox 569 1237 870 1280; x_wconf 81' lang='lat' dir='ltr'>declaratum.</span> <span class='ocrx_word' id='word_1_144' title='bbox 922 1236 1163 1280; x_wconf 88' lang='lat' dir='ltr'>Dominica</span> <span class='ocrx_word' id='word_1_145' title='bbox 1201 1237 1258 1279; x_wconf 92' lang='lat' dir='ltr'>de</span> <span class='ocrx_word' id='word_1_146' title='bbox 1296 1238 1525 1292; x_wconf 65' lang='lat' dir='ltr'>pa=store²)</span> <span class='ocrx_word' id='word_1_147' title='bbox 1568 1236 1847 1280; x_wconf 85' lang='lat' dir='ltr'>accessimus</span> <span class='ocrx_word' id='word_1_148' title='bbox 1885 1237 1974 1279; x_wconf 92' lang='lat' dir='ltr'>Ve-</span> 
     </span>
     <span class='ocr_line' id='line_1_17' title="bbox 203 1307 1975 1362; baseline -0.001 -10"><span class='ocrx_word' id='word_1_149' title='bbox 203 1310 360 1353; x_wconf 90' lang='lat' dir='ltr'>necias</span> <span class='ocrx_word' id='word_1_150' title='bbox 383 1312 428 1352; x_wconf 86' lang='lat' dir='ltr'>et</span> <span class='ocrx_word' id='word_1_151' title='bbox 452 1310 515 1351; x_wconf 91' lang='lat' dir='ltr'>ibi</span> <span class='ocrx_word' id='word_1_152' title='bbox 539 1321 624 1362; x_wconf 87' lang='lat' dir='ltr'>pre</span> <span class='ocrx_word' id='word_1_153' title='bbox 648 1309 822 1351; x_wconf 88' lang='lat' dir='ltr'>cunctis</span> <span class='ocrx_word' id='word_1_154' title='bbox 845 1308 1047 1362; x_wconf 83' lang='lat' dir='ltr'>gloriose</span> <span class='ocrx_word' id='word_1_155' title='bbox 1072 1307 1247 1362; x_wconf 87' lang='lat' dir='ltr'>recepti</span> <span class='ocrx_word' id='word_1_156' title='bbox 1271 1308 1346 1350; x_wconf 91' lang='lat' dir='ltr'>die</span> <span class='ocrx_word' id='word_1_157' title='bbox 1370 1308 1481 1349; x_wconf 91' lang='lat' dir='ltr'>lune</span> <span class='ocrx_word' id='word_1_158' title='bbox 1507 1309 1553 1349; x_wconf 93' lang='lat' dir='ltr'>in</span> <span class='ocrx_word' id='word_1_159' title='bbox 1576 1308 1718 1361; x_wconf 87' lang='lat' dir='ltr'>pleno</span> <span class='ocrx_word' id='word_1_160' title='bbox 1741 1311 1786 1350; x_wconf 89' lang='lat' dir='ltr'>et</span> <span class='ocrx_word' id='word_1_161' title='bbox 1809 1321 1975 1362; x_wconf 85' lang='lat' dir='ltr'>magno</span> 
     </span>
     <span class='ocr_line' id='line_1_18' title="bbox 199 1378 1973 1433; baseline -0.001 -10"><span class='ocrx_word' id='word_1_162' title='bbox 199 1380 475 1424; x_wconf 80' lang='lat' dir='ltr'>consistorio</span> <span class='ocrx_word' id='word_1_163' title='bbox 499 1380 630 1423; x_wconf 92' lang='lat' dir='ltr'>ducis</span> <span class='ocrx_word' id='word_1_164' title='bbox 653 1379 741 1422; x_wconf 78' lang='lat' dir='ltr'>fuit</span> <span class='ocrx_word' id='word_1_165' title='bbox 761 1380 1052 1433; x_wconf 82' lang='lat' dir='ltr'>propositum</span> <span class='ocrx_word' id='word_1_166' title='bbox 1075 1392 1162 1432; x_wconf 91' lang='lat' dir='ltr'>per</span> <span class='ocrx_word' id='word_1_167' title='bbox 1183 1378 1356 1421; x_wconf 86' lang='lat' dir='ltr'>thema:</span> <span class='ocrx_word' id='word_1_168' title='bbox 1395 1379 1462 1421; x_wconf 87' lang='lat' dir='ltr'>Sit</span> <span class='ocrx_word' id='word_1_169' title='bbox 1485 1391 1605 1421; x_wconf 88' lang='lat' dir='ltr'>vena</span> <span class='ocrx_word' id='word_1_170' title='bbox 1625 1381 1704 1421; x_wconf 87' lang='lat' dir='ltr'>tua</span> <span class='ocrx_word' id='word_1_171' title='bbox 1726 1379 1973 1422; x_wconf 90' lang='lat' dir='ltr'>benedicta</span> 
     </span>
     <span class='ocr_line' id='line_1_19' title="bbox 207 1449 1977 1505; baseline -0.002 -11"><span class='ocrx_word' id='word_1_172' title='bbox 207 1452 361 1505; x_wconf 82' lang='lat' dir='ltr'>(Prov.</span> <span class='ocrx_word' id='word_1_173' title='bbox 391 1451 439 1505; x_wconf 84' lang='lat'>5)</span> <span class='ocrx_word' id='word_1_174' title='bbox 472 1454 516 1493; x_wconf 90' lang='lat' dir='ltr'>et</span> <span class='ocrx_word' id='word_1_175' title='bbox 543 1450 745 1494; x_wconf 87' lang='lat' dir='ltr'>laudatis</span> <span class='ocrx_word' id='word_1_176' title='bbox 772 1451 907 1493; x_wconf 87' lang='lat' dir='ltr'>venis</span> <span class='ocrx_word' id='word_1_177' title='bbox 936 1451 1143 1504; x_wconf 91' lang='lat' dir='ltr'>ipsorum</span> <span class='ocrx_word' id='word_1_178' title='bbox 1172 1449 1388 1502; x_wconf 88' lang='lat' dir='ltr'>naturali,</span> <span class='ocrx_word' id='word_1_179' title='bbox 1418 1450 1635 1492; x_wconf 89' lang='lat' dir='ltr'>minerali</span> <span class='ocrx_word' id='word_1_180' title='bbox 1663 1453 1709 1492; x_wconf 88' lang='lat' dir='ltr'>et</span> <span class='ocrx_word' id='word_1_181' title='bbox 1736 1449 1903 1493; x_wconf 80' lang='lat' dir='ltr'>fontali</span> <span class='ocrx_word' id='word_1_182' title='bbox 1931 1452 1977 1491; x_wconf 92' lang='lat' dir='ltr'>et</span> 
     </span>
     <span class='ocr_line' id='line_1_20' title="bbox 205 1520 1977 1576; baseline -0.001 -11"><span class='ocrx_word' id='word_1_183' title='bbox 205 1535 399 1576; x_wconf 91' lang='lat' dir='ltr'>quorum</span> <span class='ocrx_word' id='word_1_184' title='bbox 422 1535 541 1565; x_wconf 88' lang='lat' dir='ltr'>vene</span> <span class='ocrx_word' id='word_1_185' title='bbox 566 1525 672 1565; x_wconf 92' lang='lat' dir='ltr'>sunt</span> <span class='ocrx_word' id='word_1_186' title='bbox 693 1521 962 1564; x_wconf 88' lang='lat' dir='ltr'>necessarie</span> <span class='ocrx_word' id='word_1_187' title='bbox 986 1521 1078 1563; x_wconf 91' lang='lat' dir='ltr'>vite</span> <span class='ocrx_word' id='word_1_188' title='bbox 1102 1524 1148 1564; x_wconf 88' lang='lat' dir='ltr'>et</span> <span class='ocrx_word' id='word_1_189' title='bbox 1168 1534 1254 1574; x_wconf 90' lang='lat' dir='ltr'>per</span> <span class='ocrx_word' id='word_1_190' title='bbox 1278 1533 1569 1574; x_wconf 89' lang='lat' dir='ltr'>consequens</span> <span class='ocrx_word' id='word_1_191' title='bbox 1595 1533 1620 1563; x_wconf 89' lang='lat' dir='ltr'>a</span> <span class='ocrx_word' id='word_1_192' title='bbox 1642 1521 1745 1574; x_wconf 90' lang='lat' dir='ltr'>pari</span> <span class='ocrx_word' id='word_1_193' title='bbox 1769 1520 1861 1563; x_wconf 91' lang='lat' dir='ltr'>vite</span> <span class='ocrx_word' id='word_1_194' title='bbox 1885 1521 1977 1574; x_wconf 92' lang='lat' dir='ltr'>spi-</span> 
     </span>
     <span class='ocr_line' id='line_1_21' title="bbox 204 1591 1975 1645; baseline -0.001 -9"><span class='ocrx_word' id='word_1_195' title='bbox 204 1594 359 1637; x_wconf 86' lang='lat' dir='ltr'>rituali</span> <span class='ocrx_word' id='word_1_196' title='bbox 380 1593 573 1636; x_wconf 80' lang='lat' dir='ltr'>fuerunt</span> <span class='ocrx_word' id='word_1_197' title='bbox 596 1593 812 1636; x_wconf 90' lang='lat' dir='ltr'>ornacius</span> <span class='ocrx_word' id='word_1_198' title='bbox 835 1597 880 1636; x_wconf 87' lang='lat' dir='ltr'>et</span> <span class='ocrx_word' id='word_1_199' title='bbox 902 1592 1077 1635; x_wconf 85' lang='lat' dir='ltr'>forcius</span> <span class='ocrx_word' id='word_1_200' title='bbox 1101 1592 1296 1634; x_wconf 90' lang='lat' dir='ltr'>deducte</span> <span class='ocrx_word' id='word_1_201' title='bbox 1320 1626 1328 1634; x_wconf 92' lang='lat'>.</span> <span class='ocrx_word' id='word_1_202' title='bbox 1365 1626 1372 1634; x_wconf 91' lang='lat'><strong>.</strong></span> <span class='ocrx_word' id='word_1_203' title='bbox 1409 1626 1417 1634; x_wconf 89' lang='lat'><strong>.</strong></span> <span class='ocrx_word' id='word_1_204' title='bbox 1442 1591 1510 1634; x_wconf 90' lang='lat' dir='ltr'>De</span> <span class='ocrx_word' id='word_1_205' title='bbox 1533 1591 1701 1645; x_wconf 80' lang='lat' dir='ltr'>quibus</span> <span class='ocrx_word' id='word_1_206' title='bbox 1723 1591 1975 1645; x_wconf 86' lang='lat' dir='ltr'>plurimum</span> 
     </span>
     <span class='ocr_line' id='line_1_22' title="bbox 203 1658 1973 1718; baseline -0.002 -10"><span class='ocrx_word' id='word_1_207' title='bbox 203 1664 415 1708; x_wconf 79' lang='lat' dir='ltr'>admirati</span> <span class='ocrx_word' id='word_1_208' title='bbox 458 1668 561 1718; x_wconf 90' lang='lat' dir='ltr'>post</span> <span class='ocrx_word' id='word_1_209' title='bbox 604 1667 801 1718; x_wconf 89' lang='lat' dir='ltr'>quatuor</span> <span class='ocrx_word' id='word_1_210' title='bbox 845 1664 946 1707; x_wconf 88' lang='lat' dir='ltr'>dies</span> <span class='ocrx_word' id='word_1_211' title='bbox 988 1662 1351 1717; x_wconf 87' lang='lat' dir='ltr'>responderunt:</span> <span class='ocrx_word' id='word_1_212' title='bbox 1409 1658 1620 1715; x_wconf 85' lang='lat' dir='ltr'>Domine,</span> <span class='ocrx_word' id='word_1_213' title='bbox 1664 1663 1796 1716; x_wconf 88' lang='lat' dir='ltr'>aperi</span> <span class='ocrx_word' id='word_1_214' title='bbox 1837 1662 1973 1705; x_wconf 90' lang='lat' dir='ltr'>nobis</span> 
     </span>
     <span class='ocr_line' id='line_1_23' title="bbox 202 1733 1974 1789; baseline -0.001 -12"><span class='ocrx_word' id='word_1_215' title='bbox 202 1749 369 1779; x_wconf 88' lang='lat' dir='ltr'>venam</span> <span class='ocrx_word' id='word_1_216' title='bbox 389 1749 615 1789; x_wconf 84' lang='lat' dir='ltr'>aquarum</span> <span class='ocrx_word' id='word_1_217' title='bbox 635 1736 911 1778; x_wconf 89' lang='lat' dir='ltr'>vivencium.</span> <span class='ocrx_word' id='word_1_218' title='bbox 946 1735 1003 1777; x_wconf 92' lang='lat' dir='ltr'>Et</span> <span class='ocrx_word' id='word_1_219' title='bbox 1023 1747 1288 1788; x_wconf 90' lang='lat' dir='ltr'>quanquam</span> <span class='ocrx_word' id='word_1_220' title='bbox 1311 1734 1368 1776; x_wconf 90' lang='lat' dir='ltr'>de</span> <span class='ocrx_word' id='word_1_221' title='bbox 1391 1733 1609 1776; x_wconf 89' lang='lat' dir='ltr'>laudibus</span> <span class='ocrx_word' id='word_1_222' title='bbox 1629 1734 1818 1777; x_wconf 91' lang='lat' dir='ltr'>unionis</span> <span class='ocrx_word' id='word_1_223' title='bbox 1839 1734 1974 1776; x_wconf 89' lang='lat' dir='ltr'>mira-</span> 
     </span>
     <span class='ocr_line' id='line_1_24' title="bbox 202 1804 1975 1860; baseline -0.002 -11"><span class='ocrx_word' id='word_1_224' title='bbox 202 1808 360 1850; x_wconf 90' lang='lat' dir='ltr'>biliter</span> <span class='ocrx_word' id='word_1_225' title='bbox 393 1807 699 1850; x_wconf 86' lang='lat' dir='ltr'>deduxissent</span> <span class='ocrx_word' id='word_1_226' title='bbox 730 1806 881 1860; x_wconf 89' lang='lat' dir='ltr'>ipsam</span> <span class='ocrx_word' id='word_1_227' title='bbox 914 1805 1219 1860; x_wconf 91' lang='lat' dir='ltr'>approbando</span> <span class='ocrx_word' id='word_1_228' title='bbox 1249 1808 1296 1848; x_wconf 91' lang='lat' dir='ltr'>et</span> <span class='ocrx_word' id='word_1_229' title='bbox 1329 1805 1386 1847; x_wconf 90' lang='lat' dir='ltr'>de</span> <span class='ocrx_word' id='word_1_230' title='bbox 1419 1817 1540 1848; x_wconf 87' lang='lat' dir='ltr'>vena</span> <span class='ocrx_word' id='word_1_231' title='bbox 1573 1805 1900 1848; x_wconf 86' lang='lat' dir='ltr'>subtractionis</span> <span class='ocrx_word' id='word_1_232' title='bbox 1933 1804 1975 1847; x_wconf 91' lang='lat' dir='ltr'>d.</span> 
     </span>
     <span class='ocr_line' id='line_1_25' title="bbox 203 1876 1976 1932; baseline -0.001 -12"><span class='ocrx_word' id='word_1_233' title='bbox 203 1878 326 1932; x_wconf 82' lang='lat' dir='ltr'>regis</span> <span class='ocrx_word' id='word_1_234' title='bbox 351 1877 628 1920; x_wconf 90' lang='lat' dir='ltr'>mirabiliter</span> <span class='ocrx_word' id='word_1_235' title='bbox 651 1878 949 1931; x_wconf 88' lang='lat' dir='ltr'>predicantes</span> <span class='ocrx_word' id='word_1_236' title='bbox 974 1878 1020 1919; x_wconf 91' lang='lat' dir='ltr'>in</span> <span class='ocrx_word' id='word_1_237' title='bbox 1044 1876 1187 1919; x_wconf 90' lang='lat' dir='ltr'>tercia</span> <span class='ocrx_word' id='word_1_238' title='bbox 1211 1889 1330 1919; x_wconf 92' lang='lat' dir='ltr'>vena</span> <span class='ocrx_word' id='word_1_239' title='bbox 1354 1876 1701 1930; x_wconf 91' lang='lat' dir='ltr'>prosecucionis</span> <span class='ocrx_word' id='word_1_240' title='bbox 1725 1879 1771 1918; x_wconf 90' lang='lat' dir='ltr'>et</span> <span class='ocrx_word' id='word_1_241' title='bbox 1793 1876 1976 1919; x_wconf 90' lang='lat' dir='ltr'>adhesi-</span> 
     </span>
     <span class='ocr_line' id='line_1_26' title="bbox 203 1946 1974 2002; baseline -0.002 -11"><span class='ocrx_word' id='word_1_242' title='bbox 203 1950 305 1992; x_wconf 90' lang='lat' dir='ltr'>onis</span> <span class='ocrx_word' id='word_1_243' title='bbox 334 1950 379 1991; x_wconf 89' lang='lat' dir='ltr'>in</span> <span class='ocrx_word' id='word_1_244' title='bbox 406 1949 550 1991; x_wconf 89' lang='lat' dir='ltr'>tercio</span> <span class='ocrx_word' id='word_1_245' title='bbox 578 1949 710 2002; x_wconf 87' lang='lat' dir='ltr'>signo</span> <span class='ocrx_word' id='word_1_246' title='bbox 739 1947 986 2000; x_wconf 80' lang='lat' dir='ltr'>siluerunt3</span> <span class='ocrx_word' id='word_1_247' title='bbox 1018 1948 1156 1990; x_wconf 84' lang='lat' dir='ltr'>credo</span> <span class='ocrx_word' id='word_1_248' title='bbox 1186 1948 1302 1990; x_wconf 91' lang='lat' dir='ltr'>illud</span> <span class='ocrx_word' id='word_1_249' title='bbox 1330 1946 1648 1990; x_wconf 87' lang='lat' dir='ltr'>recordantes:</span> <span class='ocrx_word' id='word_1_250' title='bbox 1692 1946 1861 2000; x_wconf 85' lang='lat' dir='ltr'>digitus</span> <span class='ocrx_word' id='word_1_251' title='bbox 1889 1946 1974 1988; x_wconf 92' lang='lat' dir='ltr'>Dei</span> 
     </span>
     <span class='ocr_line' id='line_1_27' title="bbox 204 2017 1976 2074; baseline -0.002 -11"><span class='ocrx_word' id='word_1_252' title='bbox 204 2023 273 2063; x_wconf 87' lang='lat' dir='ltr'>est</span> <span class='ocrx_word' id='word_1_253' title='bbox 304 2020 391 2062; x_wconf 85' lang='lat' dir='ltr'>hic.</span> <span class='ocrx_word' id='word_1_254' title='bbox 437 2020 492 2062; x_wconf 86' lang='lat' dir='ltr'>Et</span> <span class='ocrx_word' id='word_1_255' title='bbox 522 2033 608 2074; x_wconf 88' lang='lat' dir='ltr'>per</span> <span class='ocrx_word' id='word_1_256' title='bbox 641 2019 840 2073; x_wconf 88' lang='lat' dir='ltr'>quedam</span> <span class='ocrx_word' id='word_1_257' title='bbox 872 2019 1017 2062; x_wconf 89' lang='lat' dir='ltr'>verba</span> <span class='ocrx_word' id='word_1_258' title='bbox 1050 2019 1292 2072; x_wconf 90' lang='lat' dir='ltr'>generalia</span> <span class='ocrx_word' id='word_1_259' title='bbox 1325 2032 1375 2061; x_wconf 89' lang='lat' dir='ltr'>se</span> <span class='ocrx_word' id='word_1_260' title='bbox 1411 2019 1702 2061; x_wconf 87' lang='lat' dir='ltr'>involventes</span> <span class='ocrx_word' id='word_1_261' title='bbox 1734 2017 1878 2061; x_wconf 90' lang='lat' dir='ltr'>nullis</span> <span class='ocrx_word' id='word_1_262' title='bbox 1909 2017 1976 2060; x_wconf 93' lang='lat' dir='ltr'>in-</span> 
     </span>
     <span class='ocr_line' id='line_1_28' title="bbox 203 2089 1975 2144; baseline -0.001 -11"><span class='ocrx_word' id='word_1_263' title='bbox 203 2091 504 2134; x_wconf 86' lang='lat' dir='ltr'>duccionibus</span> <span class='ocrx_word' id='word_1_264' title='bbox 526 2092 643 2133; x_wconf 89' lang='lat' dir='ltr'>meis</span> <span class='ocrx_word' id='word_1_265' title='bbox 667 2092 834 2133; x_wconf 90' lang='lat' dir='ltr'>iterum</span> <span class='ocrx_word' id='word_1_266' title='bbox 857 2094 902 2133; x_wconf 91' lang='lat' dir='ltr'>et</span> <span class='ocrx_word' id='word_1_267' title='bbox 923 2090 1091 2133; x_wconf 88' lang='lat' dir='ltr'>iterum</span> <span class='ocrx_word' id='word_1_268' title='bbox 1116 2090 1390 2144; x_wconf 90' lang='lat' dir='ltr'>replicando</span> <span class='ocrx_word' id='word_1_269' title='bbox 1409 2091 1663 2132; x_wconf 85' lang='lat' dir='ltr'>noluerunt</span> <span class='ocrx_word' id='word_1_270' title='bbox 1684 2089 1975 2143; x_wconf 84' lang='lat' dir='ltr'>questionem</span> 
     </span>
     <span class='ocr_line' id='line_1_29' title="bbox 205 2160 1975 2216; baseline -0.001 -12"><span class='ocrx_word' id='word_1_271' title='bbox 205 2161 478 2216; x_wconf 86' lang='lat' dir='ltr'>simpliciter</span> <span class='ocrx_word' id='word_1_272' title='bbox 501 2161 759 2214; x_wconf 82' lang='lat' dir='ltr'>affirmare,</span> <span class='ocrx_word' id='word_1_273' title='bbox 781 2162 871 2204; x_wconf 92' lang='lat' dir='ltr'>nisi</span> <span class='ocrx_word' id='word_1_274' title='bbox 895 2161 1031 2214; x_wconf 89' lang='lat' dir='ltr'>quod,</span> <span class='ocrx_word' id='word_1_275' title='bbox 1056 2161 1093 2203; x_wconf 92' lang='lat' dir='ltr'>si</span> <span class='ocrx_word' id='word_1_276' title='bbox 1116 2162 1282 2203; x_wconf 85' lang='lat' dir='ltr'>electio</span> <span class='ocrx_word' id='word_1_277' title='bbox 1305 2160 1444 2203; x_wconf 81' lang='lat' dir='ltr'>fieret</span> <span class='ocrx_word' id='word_1_278' title='bbox 1467 2160 1769 2213; x_wconf 86' lang='lat' dir='ltr'>concorditer,</span> <span class='ocrx_word' id='word_1_279' title='bbox 1792 2160 1882 2214; x_wconf 89' lang='lat' dir='ltr'>ipsi</span> <span class='ocrx_word' id='word_1_280' title='bbox 1907 2172 1975 2203; x_wconf 90' lang='lat' dir='ltr'>se-</span> 
     </span>
     <span class='ocr_line' id='line_1_30' title="bbox 202 2230 1975 2286; baseline -0.002 -11"><span class='ocrx_word' id='word_1_281' title='bbox 202 2236 458 2286; x_wconf 91' lang='lat' dir='ltr'>querentur</span> <span class='ocrx_word' id='word_1_282' title='bbox 484 2235 663 2275; x_wconf 88' lang='lat' dir='ltr'>ceteros</span> <span class='ocrx_word' id='word_1_283' title='bbox 688 2232 964 2275; x_wconf 88' lang='lat' dir='ltr'>christianos</span> <span class='ocrx_word' id='word_1_284' title='bbox 990 2236 1034 2275; x_wconf 86' lang='lat' dir='ltr'>et</span> <span class='ocrx_word' id='word_1_285' title='bbox 1060 2233 1202 2274; x_wconf 91' lang='lat' dir='ltr'>multa</span> <span class='ocrx_word' id='word_1_286' title='bbox 1227 2231 1299 2274; x_wconf 91' lang='lat' dir='ltr'>hic</span> <span class='ocrx_word' id='word_1_287' title='bbox 1327 2232 1383 2274; x_wconf 93' lang='lat' dir='ltr'>de</span> <span class='ocrx_word' id='word_1_288' title='bbox 1411 2231 1507 2274; x_wconf 90' lang='lat' dir='ltr'>suis</span> <span class='ocrx_word' id='word_1_289' title='bbox 1531 2230 1770 2285; x_wconf 88' lang='lat' dir='ltr'>preteritis</span> <span class='ocrx_word' id='word_1_290' title='bbox 1796 2231 1975 2274; x_wconf 87' lang='lat' dir='ltr'>actibus</span> 
     </span>
     <span class='ocr_line' id='line_1_31' title="bbox 202 2301 1974 2357; baseline -0.001 -11"><span class='ocrx_word' id='word_1_291' title='bbox 202 2304 530 2357; x_wconf 81' lang='lat' dir='ltr'>depinxerunt.</span> <span class='ocrx_word' id='word_1_292' title='bbox 572 2303 690 2346; x_wconf 90' lang='lat' dir='ltr'>Dum</span> <span class='ocrx_word' id='word_1_293' title='bbox 719 2306 872 2346; x_wconf 88' lang='lat' dir='ltr'>autem</span> <span class='ocrx_word' id='word_1_294' title='bbox 900 2303 1130 2346; x_wconf 88' lang='lat' dir='ltr'>vellemus</span> <span class='ocrx_word' id='word_1_295' title='bbox 1158 2303 1349 2345; x_wconf 86' lang='lat' dir='ltr'>Romam</span> <span class='ocrx_word' id='word_1_296' title='bbox 1380 2302 1617 2355; x_wconf 90' lang='lat' dir='ltr'>accedere,</span> <span class='ocrx_word' id='word_1_297' title='bbox 1647 2302 1865 2346; x_wconf 89' lang='lat' dir='ltr'>scivimus</span> <span class='ocrx_word' id='word_1_298' title='bbox 1891 2301 1974 2344; x_wconf 90' lang='lat' dir='ltr'>ibi-</span> 
     </span>
     <span class='ocr_line' id='line_1_32' title="bbox 202 2372 1973 2428; baseline -0.001 -12"><span class='ocrx_word' id='word_1_299' title='bbox 202 2375 306 2417; x_wconf 89' lang='lat' dir='ltr'>dem</span> <span class='ocrx_word' id='word_1_300' title='bbox 340 2387 505 2428; x_wconf 85' lang='lat' dir='ltr'>magna</span> <span class='ocrx_word' id='word_1_301' title='bbox 536 2374 673 2417; x_wconf 90' lang='lat' dir='ltr'>nobis</span> <span class='ocrx_word' id='word_1_302' title='bbox 705 2374 913 2427; x_wconf 89' lang='lat' dir='ltr'>pericula</span> <span class='ocrx_word' id='word_1_303' title='bbox 948 2374 1192 2416; x_wconf 91' lang='lat' dir='ltr'>imminere</span> <span class='ocrx_word' id='word_1_304' title='bbox 1225 2387 1284 2415; x_wconf 86' lang='lat' dir='ltr'>ex</span> <span class='ocrx_word' id='word_1_305' title='bbox 1317 2373 1447 2416; x_wconf 89' lang='lat' dir='ltr'>rabie</span> <span class='ocrx_word' id='word_1_306' title='bbox 1480 2372 1698 2427; x_wconf 86' lang='lat' dir='ltr'>regionis.</span> <span class='ocrx_word' id='word_1_307' title='bbox 1743 2373 1855 2415; x_wconf 92' lang='lat' dir='ltr'>Nam</span> <span class='ocrx_word' id='word_1_308' title='bbox 1888 2385 1973 2416; x_wconf 87' lang='lat' dir='ltr'>rex</span> 
     </span>
     <span class='ocr_line' id='line_1_33' title="bbox 201 2443 1973 2499; baseline -0.001 -11"><span class='ocrx_word' id='word_1_309' title='bbox 201 2446 402 2489; x_wconf 83' lang='lat' dir='ltr'>Jacobus</span> <span class='ocrx_word' id='word_1_310' title='bbox 426 2449 555 2488; x_wconf 90' lang='lat' dir='ltr'>tenet</span> <span class='ocrx_word' id='word_1_311' title='bbox 578 2446 714 2499; x_wconf 92' lang='lat' dir='ltr'>plura</span> <span class='ocrx_word' id='word_1_312' title='bbox 739 2448 902 2498; x_wconf 88' lang='lat' dir='ltr'>castra,</span> <span class='ocrx_word' id='word_1_313' title='bbox 928 2445 1102 2487; x_wconf 90' lang='lat' dir='ltr'>Paulus</span> <span class='ocrx_word' id='word_1_314' title='bbox 1128 2444 1184 2487; x_wconf 91' lang='lat' dir='ltr'>de</span> <span class='ocrx_word' id='word_1_315' title='bbox 1211 2444 1397 2487; x_wconf 88' lang='lat' dir='ltr'>Ursinis</span> <span class='ocrx_word' id='word_1_316' title='bbox 1423 2445 1528 2497; x_wconf 92' lang='lat' dir='ltr'>alia,</span> <span class='ocrx_word' id='word_1_317' title='bbox 1553 2457 1725 2498; x_wconf 88' lang='lat' dir='ltr'>guerra</span> <span class='ocrx_word' id='word_1_318' title='bbox 1750 2443 1813 2486; x_wconf 93' lang='lat' dir='ltr'>ibi</span> <span class='ocrx_word' id='word_1_319' title='bbox 1838 2456 1973 2497; x_wconf 89' lang='lat' dir='ltr'>gran-</span> 
     </span>
     <span class='ocr_line' id='line_1_34' title="bbox 203 2514 1972 2571; baseline -0.002 -11"><span class='ocrx_word' id='word_1_320' title='bbox 203 2517 274 2560; x_wconf 85' lang='lat' dir='ltr'>dis</span> <span class='ocrx_word' id='word_1_321' title='bbox 295 2520 340 2560; x_wconf 90' lang='lat' dir='ltr'>et</span> <span class='ocrx_word' id='word_1_322' title='bbox 362 2516 522 2571; x_wconf 92' lang='lat' dir='ltr'>populi</span> <span class='ocrx_word' id='word_1_323' title='bbox 544 2516 743 2559; x_wconf 87' lang='lat' dir='ltr'>clamant</span> <span class='ocrx_word' id='word_1_324' title='bbox 765 2515 992 2558; x_wconf 83' lang='lat' dir='ltr'>flebiliter</span> <span class='ocrx_word' id='word_1_325' title='bbox 1014 2515 1247 2558; x_wconf 89' lang='lat' dir='ltr'>unionem.</span> <span class='ocrx_word' id='word_1_326' title='bbox 1283 2515 1524 2568; x_wconf 81' lang='lat' dir='ltr'>Scivimus,</span> <span class='ocrx_word' id='word_1_327' title='bbox 1548 2515 1671 2569; x_wconf 92' lang='lat' dir='ltr'>quod</span> <span class='ocrx_word' id='word_1_328' title='bbox 1693 2514 1972 2557; x_wconf 81' lang='lat' dir='ltr'>Benedictus</span> 
     </span>
     <span class='ocr_line' id='line_1_35' title="bbox 200 2585 1971 2640; baseline -0.001 -10"><span class='ocrx_word' id='word_1_329' title='bbox 200 2590 477 2630; x_wconf 84' lang='lat' dir='ltr'>tractaverat</span> <span class='ocrx_word' id='word_1_330' title='bbox 507 2588 569 2630; x_wconf 84' lang='lat' dir='ltr'>ibi</span> <span class='ocrx_word' id='word_1_331' title='bbox 601 2600 701 2630; x_wconf 92' lang='lat' dir='ltr'>cum</span> <span class='ocrx_word' id='word_1_332' title='bbox 733 2587 975 2640; x_wconf 88' lang='lat' dir='ltr'>capitaneo</span> <span class='ocrx_word' id='word_1_333' title='bbox 1005 2587 1189 2629; x_wconf 87' lang='lat' dir='ltr'>Suriani</span> <span class='ocrx_word' id='word_1_334' title='bbox 1222 2589 1267 2628; x_wconf 92' lang='lat' dir='ltr'>et</span> <span class='ocrx_word' id='word_1_335' title='bbox 1297 2599 1398 2628; x_wconf 90' lang='lat' dir='ltr'>cum</span> <span class='ocrx_word' id='word_1_336' title='bbox 1430 2589 1730 2639; x_wconf 90' lang='lat' dir='ltr'>procuratore</span> <span class='ocrx_word' id='word_1_337' title='bbox 1761 2585 1971 2639; x_wconf 87' lang='lat' dir='ltr'>civitatis,</span> 
     </span>
     <span class='ocr_line' id='line_1_36' title="bbox 202 2656 1972 2712; baseline -0.001 -11"><span class='ocrx_word' id='word_1_338' title='bbox 202 2659 279 2712; x_wconf 87' lang='lat' dir='ltr'>qui</span> <span class='ocrx_word' id='word_1_339' title='bbox 316 2659 457 2702; x_wconf 86' lang='lat' dir='ltr'>Lelus</span> <span class='ocrx_word' id='word_1_340' title='bbox 496 2658 675 2712; x_wconf 83' lang='lat' dir='ltr'>Capotii</span> <span class='ocrx_word' id='word_1_341' title='bbox 713 2657 967 2709; x_wconf 79' lang='lat' dir='ltr'>dicebatur,</span> <span class='ocrx_word' id='word_1_342' title='bbox 1005 2660 1051 2700; x_wconf 92' lang='lat' dir='ltr'>et</span> <span class='ocrx_word' id='word_1_343' title='bbox 1085 2657 1314 2700; x_wconf 90' lang='lat' dir='ltr'>habuerat</span> <span class='ocrx_word' id='word_1_344' title='bbox 1353 2658 1442 2700; x_wconf 89' lang='lat' dir='ltr'>iam</span> <span class='ocrx_word' id='word_1_345' title='bbox 1482 2658 1546 2699; x_wconf 92' lang='lat' dir='ltr'>IV</span> <span class='ocrx_word' id='word_1_346' title='bbox 1588 2656 1792 2712; x_wconf 89' lang='lat' dir='ltr'>[milia‘?]</span> <span class='ocrx_word' id='word_1_347' title='bbox 1838 2656 1972 2699; x_wconf 91' lang='lat' dir='ltr'>duca-</span> 
     </span>
     <span class='ocr_line' id='line_1_37' title="bbox 200 2727 1971 2783; baseline -0.001 -12"><span class='ocrx_word' id='word_1_348' title='bbox 200 2733 365 2783; x_wconf 84' lang='lat' dir='ltr'>torum,</span> <span class='ocrx_word' id='word_1_349' title='bbox 398 2729 520 2783; x_wconf 92' lang='lat' dir='ltr'>quod</span> <span class='ocrx_word' id='word_1_350' title='bbox 552 2728 802 2772; x_wconf 86' lang='lat' dir='ltr'>Benedicto</span> <span class='ocrx_word' id='word_1_351' title='bbox 833 2729 992 2771; x_wconf 89' lang='lat' dir='ltr'>civitas</span> <span class='ocrx_word' id='word_1_352' title='bbox 1024 2728 1302 2771; x_wconf 87' lang='lat' dir='ltr'>traderetur.</span> <span class='ocrx_word' id='word_1_353' title='bbox 1348 2728 1413 2770; x_wconf 84' lang='lat' dir='ltr'>Ac</span> <span class='ocrx_word' id='word_1_354' title='bbox 1444 2728 1522 2770; x_wconf 90' lang='lat' dir='ltr'>ubi</span> <span class='ocrx_word' id='word_1_355' title='bbox 1556 2727 1753 2770; x_wconf 84' lang='lat' dir='ltr'>innotuit</span> <span class='ocrx_word' id='word_1_356' title='bbox 1784 2728 1971 2782; x_wconf 92' lang='lat' dir='ltr'>populo,</span> 
     </span>
     <span class='ocr_line' id='line_1_38' title="bbox 204 2798 1972 2854; baseline -0.001 -12"><span class='ocrx_word' id='word_1_357' title='bbox 204 2801 353 2853; x_wconf 88' lang='lat' dir='ltr'>ipsum</span> <span class='ocrx_word' id='word_1_358' title='bbox 376 2800 422 2843; x_wconf 86' lang='lat' dir='ltr'>in</span> <span class='ocrx_word' id='word_1_359' title='bbox 446 2801 596 2854; x_wconf 90' lang='lat' dir='ltr'>petias</span> <span class='ocrx_word' id='word_1_360' title='bbox 621 2800 893 2843; x_wconf 91' lang='lat' dir='ltr'>diviserunt.</span> <span class='ocrx_word' id='word_1_361' title='bbox 930 2799 1039 2842; x_wconf 90' lang='lat' dir='ltr'>Post</span> <span class='ocrx_word' id='word_1_362' title='bbox 1060 2800 1189 2853; x_wconf 88' lang='lat' dir='ltr'>prior</span> <span class='ocrx_word' id='word_1_363' title='bbox 1214 2798 1357 2842; x_wconf 89' lang='lat' dir='ltr'>sancti</span> <span class='ocrx_word' id='word_1_364' title='bbox 1382 2799 1623 2841; x_wconf 84' lang='lat' dir='ltr'>Maximini</span> <span class='ocrx_word' id='word_1_365' title='bbox 1648 2798 1835 2841; x_wconf 88' lang='lat' dir='ltr'>reduxit</span> <span class='ocrx_word' id='word_1_366' title='bbox 1857 2801 1972 2841; x_wconf 90' lang='lat' dir='ltr'>trac-</span> 
     </span>
    </p>
   </div>
   <div class='ocr_carea' id='block_1_3' title="bbox 205 2913 1972 3017">
    <p class='ocr_par' dir='ltr' id='par_1_3' title="bbox 205 2913 1972 3017">
     <span class='ocr_line' id='line_1_39' title="bbox 319 2913 1972 2960; baseline -0.003 -8"><span class='ocrx_word' id='word_1_367' title='bbox 319 2918 348 2960; x_wconf 87' lang='lat'>¹)</span> <span class='ocrx_word' id='word_1_368' title='bbox 380 2917 573 2953; x_wconf 86' lang='lat' dir='ltr'>Calamon.</span> <span class='ocrx_word' id='word_1_369' title='bbox 619 2918 665 2952; x_wconf 81' lang='lat' dir='ltr'>Es</span> <span class='ocrx_word' id='word_1_370' title='bbox 696 2918 743 2952; x_wconf 72' lang='lat' dir='ltr'>ist</span> <span class='ocrx_word' id='word_1_371' title='bbox 774 2917 964 2952; x_wconf 76' lang='lat' dir='ltr'>Antonius</span> <span class='ocrx_word' id='word_1_372' title='bbox 996 2927 1052 2960; x_wconf 79' lang='lat' dir='ltr'>ep.</span> <span class='ocrx_word' id='word_1_373' title='bbox 1086 2915 1376 2951; x_wconf 73' lang='lat' dir='ltr'>Calamonensis</span> <span class='ocrx_word' id='word_1_374' title='bbox 1407 2916 1585 2959; x_wconf 57' lang='lat' dir='ltr'>(Retgsmo</span> <span class='ocrx_word' id='word_1_375' title='bbox 1615 2915 1682 2960; x_wconf 64' lang='lat' dir='ltr'>auf</span> <span class='ocrx_word' id='word_1_376' title='bbox 1710 2915 1854 2960; x_wconf 74' lang='lat' dir='ltr'>Creta),</span> <span class='ocrx_word' id='word_1_377' title='bbox 1884 2913 1972 2948; x_wconf 79' lang='lat' dir='ltr'>zeit-</span> 
     </span>
     <span class='ocr_line' id='line_1_40' title="bbox 205 2974 1879 3017; baseline 0.001 -10"><span class='ocrx_word' id='word_1_378' title='bbox 205 2977 330 3017; x_wconf 64' lang='lat' dir='ltr'>›reil‘iq</span> <span class='ocrx_word' id='word_1_379' title='bbox 355 2977 583 3010; x_wconf 71' lang='lat' dir='ltr'>secretarius</span> <span class='ocrx_word' id='word_1_380' title='bbox 609 2976 815 3010; x_wconf 66' lang='lat' dir='ltr'>Benedilcls</span> <span class='ocrx_word' id='word_1_381' title='bbox 841 2975 946 3009; x_wconf 91' lang='lat' dir='ltr'><em>XIII.</em></span> <span class='ocrx_word' id='word_1_382' title='bbox 994 2975 1066 3016; x_wconf 69' lang='lat' dir='ltr'>Vql.</span> <span class='ocrx_word' id='word_1_383' title='bbox 1094 2975 1225 3012; x_wconf 75' lang='lat' dir='ltr'>Eubel,</span> <span class='ocrx_word' id='word_1_384' title='bbox 1251 2975 1353 3010; x_wconf 79' lang='lat' dir='ltr'>Hier.</span> <span class='ocrx_word' id='word_1_385' title='bbox 1380 2975 1472 3009; x_wconf 65' lang='lat' dir='ltr'>cailo.</span> <span class='ocrx_word' id='word_1_386' title='bbox 1498 2977 1610 3009; x_wconf 69' lang='lat' dir='ltr'>unior</span> <span class='ocrx_word' id='word_1_387' title='bbox 1635 2974 1879 3009; x_wconf 74' lang='lat' dir='ltr'>Calamonen.</span> 
     </span>
    </p>
   </div>
   <div class='ocr_carea' id='block_1_4' title="bbox 320 3033 918 3087">
    <p class='ocr_par' dir='ltr' id='par_1_4' title="bbox 320 3033 918 3087">
     <span class='ocr_line' id='line_1_41' title="bbox 320 3033 918 3087; baseline 0.002 -21"><span class='ocrx_word' id='word_1_388' title='bbox 320 3033 351 3074; x_wconf 80' lang='lat'>²)</span> <span class='ocrx_word' id='word_1_389' title='bbox 381 3033 429 3067; x_wconf 88' lang='lat' dir='ltr'>II.</span> <span class='ocrx_word' id='word_1_390' title='bbox 460 3033 624 3077; x_wconf 71' lang='lat' dir='ltr'>Sonntay</span> <span class='ocrx_word' id='word_1_391' title='bbox 651 3034 746 3087; x_wconf 68' lang='lat' dir='ltr'>nach</span> <span class='ocrx_word' id='word_1_392' title='bbox 773 3033 918 3068; x_wconf 78' lang='lat' dir='ltr'>Ostern.</span> 
     </span>
    </p>
   </div>
  </div>
 </body>
</html>
