2227 3434
577 181 613 215 B.
651 182 727 216 Der
748 182 847 216 liber
867 185 1058 225 gestorum
1083 183 1151 216 (les
1173 182 1415 216 Cerretanus.
1793 185 1877 227 279

115 301 241 343 cabo.
289 299 438 342 Hodie
477 299 667 341 intendo
706 301 773 341 ire
813 300 871 342 ad
908 300 949 341 d.
990 312 1147 353 regem
1187 300 1466 352 Aragonum,
1505 301 1581 354 qui
1620 301 1757 343 distat
1795 314 1879 355 per

116 383 252 413 unam
285 370 455 412 dietam
489 382 513 412 a
544 370 656 412 villa
688 370 774 412 ista
807 374 851 412 et
883 370 1018 412 michi
1050 383 1136 423 per
1166 383 1209 423 p.
1242 383 1276 412 r.
1310 384 1349 412 v.
1384 371 1626 413 commissa
1657 383 1878 424 exequar.

114 441 294 483 Valete!
344 441 443 482 Dat.
479 440 721 482 Barzilone
756 441 927 483 XVIII.
966 441 1169 494 Martii.¹)

230 512 283 553 V.
314 511 364 553 R.
396 524 437 564 p.
472 511 669 553 servitor
700 512 939 554 Johannes
970 513 1026 553 de
1059 512 1245 564 Oppizis
1277 512 1460 554 auditor
1491 513 1608 554 sacri
1640 513 1821 565 palacii.

235 581 317 624 Die
352 582 461 624 lune
495 582 685 623 XXVII.
721 582 894 624 mensis
928 583 1105 635 Aprilis
1139 582 1225 624 fuit
1259 582 1379 625 facta
1412 583 1713 636 congregacio
1745 596 1882 637 gene-

115 654 228 695 ralis
253 653 457 695 omnium
483 653 783 706 prelatorum,
811 653 1210 703 ambassiatorum,
1238 657 1587 706 procuratorum
1614 658 1659 696 et
1685 655 1881 696 aliorum

116 725 162 766 in
200 727 491 766 sacrosancta
530 724 706 776 synodo
746 723 1098 766 Constanciensi
1135 725 1439 766 existencium
1479 725 1602 778 apud
1638 725 1882 767 ecclesiam

117 794 430 837 cathedralem
474 794 886 837 Constanciensem
931 796 977 836 in
1022 796 1121 837 loco
1165 795 1299 838 solito
1342 795 1565 838 sessionis
1610 799 1654 837 et
1697 808 1791 837 rev.
1836 796 1881 837 in

116 864 221 907 Chr.
254 878 297 919 p.
331 865 373 907 d.
406 865 646 908 Johannes
677 866 941 918 patriarcha
976 865 1516 918 Constantinopolitanus
1550 879 1746 908 unacum
1780 866 1884 909 aliis

116 936 211 979 suis
243 936 452 990 collegiis
486 936 692 989 deputati
725 949 810 989 per
842 949 1022 979 sacrum
1056 936 1419 979 Constanciense
1454 937 1696 979 concilium
1729 937 1787 979 ad
1819 938 1884 979 in-

116 1007 395 1060 quirendum
427 1007 630 1050 secundo
662 1008 718 1049 de
750 1007 990 1049 erroribus
1023 1008 1228 1061 magistri
1261 1008 1487 1049 Jeronimi
1521 1008 1577 1050 de
1611 1008 1773 1062 Praga,
1805 1008 1883 1062 qui

116 1077 206 1120 iam
239 1078 285 1120 in
320 1079 566 1131 presencia
600 1079 746 1131 ipsius
782 1080 899 1120 sacri
936 1079 1117 1120 concilii
1153 1078 1450 1120 abiuraverat
1484 1078 1530 1120 in
1564 1079 1715 1121 forma
1750 1079 1881 1121 solita

115 1152 198 1192 etc.
231 1153 277 1192 et
309 1149 574 1192 carceribus
609 1149 918 1201 detinebatur,
954 1150 1262 1192 ascendentes
1296 1150 1539 1191 ambonem
1575 1150 1697 1191 idem
1732 1150 1773 1191 d.
1807 1162 1885 1203 pa-

118 1221 318 1263 triarcha
373 1221 655 1262 relacionem
711 1221 767 1262 de
824 1233 1045 1273 processu
1103 1220 1306 1262 secundo
1350 1221 1470 1262 facto
1514 1224 1671 1263 contra
1715 1221 1883 1262 dictum

118 1291 680 1345 magistrumJeronimum
718 1291 871 1333 eidem
911 1304 1043 1334 sacro
1081 1291 1274 1333 concilio
1314 1292 1450 1344 longo
1488 1294 1532 1333 et
1569 1291 1752 1344 prolixa
1791 1304 1885 1334 ser-

118 1374 253 1404 mone
279 1361 402 1405 fecit.

239 1433 350 1475 Item
387 1433 433 1475 in
468 1446 606 1476 causa
643 1434 974 1486 Argentinensi
1013 1446 1155 1487 super
1192 1433 1466 1475 detencione
1502 1434 1638 1475 electi
1676 1433 1887 1486 Argenti-

118 1504 278 1547 nensis
308 1504 429 1547 facta
458 1517 545 1558 per
576 1504 826 1557 capitulum
859 1505 1072 1546 eiusdem
1104 1505 1301 1546 ecclesie
1334 1517 1419 1557 pro
1451 1517 1520 1556 eo,
1553 1504 1675 1557 quod
1708 1516 1887 1546 assere-

118 1575 252 1618 batur
282 1575 450 1618 dictum
480 1576 678 1618 electum
708 1579 857 1618 castra
887 1579 931 1618 et
961 1577 1053 1618 alia
1084 1577 1203 1618 bona
1234 1575 1380 1629 ipsius
1410 1576 1607 1617 ecclesie
1638 1575 1887 1625 alienasse,

119 1646 310 1689 suerunt
332 1647 540 1689 advocati
564 1648 807 1700 utriusque
832 1647 978 1700 partis
1003 1646 1159 1689 auditi.

237 1718 350 1760 Item
383 1719 560 1762 electus
591 1718 877 1760 Senonensis
913 1718 1084 1760 ibidem
1118 1719 1374 1771 comparuit
1405 1730 1490 1771 per
1523 1717 1887 1770 advocatumque

120 1802 252 1832 suum
279 1789 476 1842 proponi
505 1789 627 1842 fecit,
656 1789 779 1842 quod
807 1793 907 1831 erat
935 1790 1154 1831 canonice
1183 1790 1359 1831 electus
1388 1788 1446 1830 ad
1474 1789 1719 1830 ecclesiam
1748 1787 1887 1830 Seno-

119 1873 311 1903 nensem
342 1860 710 1914 electionemque
742 1861 829 1913 ipsi
862 1873 992 1902 sacro
1023 1860 1216 1902 concilio
1248 1860 1549 1912 presentavit,
1582 1872 1718 1912 quam
1750 1858 1888 1912 peciit

120 1931 402 1974 confirmari.
1159 1966 1162 1968 .

237 2003 322 2045 Die
348 2003 463 2045 iovis
486 2003 646 2045 ultima
672 2004 845 2044 mensis
870 2002 1046 2055 Aprilis
1072 2002 1160 2044 fuit
1183 2002 1302 2044 facta
1327 2001 1628 2055 congregacio
1652 2000 1888 2054 generalis

121 2074 322 2116 omnium
360 2075 661 2127 prelatorum,
700 2074 1086 2116 ambassiatorum
1127 2107 1134 2114 .
1171 2107 1178 2113 .
1216 2107 1223 2114 .
1266 2074 1310 2114 in
1351 2073 1450 2114 loco
1489 2072 1623 2114 solito
1663 2071 1887 2114 sessionis

121 2144 425 2198 dominusque
456 2145 638 2198 Gaspar
667 2145 723 2186 de
755 2145 949 2186 Perusio
981 2144 1240 2186 ascendens
1271 2143 1515 2185 ambonem
1546 2143 1657 2196 legit
1688 2143 1887 2184 litteram

122 2215 504 2270 infrascriptam2)
534 2216 590 2258 de
617 2216 742 2257 obitu
769 2216 810 2257 d.
838 2216 961 2268 regis
986 2216 1264 2268 Aragonum.
1306 2214 1484 2255 Deinde
1512 2227 1605 2256 rev.
1631 2226 1674 2267 p.
1701 2213 1742 2255 d.
1768 2212 1887 2266 epis-

121 2299 262 2341 copus
295 2287 555 2330 Laudensis
590 2287 834 2329 ambonem
870 2286 1129 2328 ascendens
1164 2286 1370 2339 pulcram
1405 2289 1449 2327 et
1484 2285 1673 2326 brevem
1709 2284 1888 2326 collaci-

121 2369 256 2400 onem
289 2358 397 2400 fecit
431 2358 487 2400 de
522 2357 731 2400 eiusdem
766 2358 890 2411 regis
923 2358 1049 2399 obitu
1082 2360 1126 2398 et
1161 2357 1205 2397 in
1241 2356 1386 2409 ipsius
1420 2354 1886 2397 commendacionem.

124 2429 230 2472 Post
266 2433 418 2472 autem
456 2429 496 2471 d.
533 2429 662 2482 prior
698 2428 933 2481 generalis
970 2429 1105 2470 beate
1145 2427 1288 2469 Marie
1328 2427 1384 2468 de
1428 2426 1654 2478 Mercede,
1691 2426 1884 2479 predicti

123 2501 246 2553 regis
279 2504 448 2552 orator,
483 2503 645 2542 ornato
681 2512 894 2541 sermone
932 2499 1143 2540 dominos
1179 2498 1235 2539 de
1272 2497 1465 2539 concilio
1499 2498 1770 2539 exhortatus
1805 2499 1887 2547 est,

123 2583 179 2613 ne
211 2570 490 2624 dubitarent,
523 2570 644 2623 quod
677 2571 909 2623 negotium
943 2569 1127 2611 unionis
1159 2572 1349 2621 propter
1383 2569 1528 2621 ipsius
1561 2568 1683 2621 regis
1715 2567 1886 2609 obitum

240 2689 271 2729 ¹)
299 2687 342 2722 Ιη
369 2688 493 2721 einem
522 2687 649 2730 Briefe
677 2698 746 2720 von
776 2687 873 2721 1416.
899 2687 1010 2729 April
1041 2686 1090 2721 17.
1117 2686 1198 2719 lez'Il
1223 2685 1348 2727 Κϋηίῃ
1373 2685 1510 2728 Alfons
1535 2685 1623 2718 clem
1648 2682 1784 2716 Konzil
1811 2681 1887 2714 mil.

123 2746 197 2790 dal}
230 2745 426 2780 ⁸lohannes
462 2747 509 2781 cle
547 2746 699 2789 Oppizis
736 2756 795 2778 am
839 2746 887 2779 17.
926 2745 1028 2778 Mirr:
1063 2744 1126 2778 die
1162 2745 1289 2778 littere
1326 2743 1598 2782 convocatorie,
1638 2742 1888 2775 instrumenta

124 2804 418 2845 confirmatoria,
444 2805 572 2838 salvus
598 2804 769 2838 conducti
796 2805 864 2838 (les
890 2802 1057 2840 Ix'onzils,
1082 2803 1152 2837 cler
1178 2802 1280 2836 Stude
1308 2801 1499 2836 Konstan:
1528 2802 1602 2834 und
1629 2802 1697 2834 des
1724 2798 1888 2838 Her-209³

126 2871 194 2895 oon
221 2862 403 2904 Sat-oyen,
430 2872 489 2895 am
518 2864 548 2896 4.
577 2863 687 2905 April
712 2862 776 2896 die
802 2862 930 2896 salvus
957 2863 1062 2896 cond.
1089 2862 1157 2895 des
1184 2861 1328 2901 Ko'nigss
1359 2871 1426 2893 ran
1456 2858 1686 2893 Frctnlsreicle
1719 2858 1792 2891 und
1819 2857 1887 2889 (ivs

125 2918 324 2963 Dauphins
359 2920 576 2954 iiberreich!
613 2921 721 2955 habe.
771 2920 828 2959 Er,
865 2919 989 2960 Ko'nia
1025 2918 1171 2962 Alfons,
1208 2919 1337 2951 werde
1374 2919 1465 2951 (rotz
1501 2917 1568 2950 des
1607 2916 1726 2949 'I'odes
1761 2914 1888 2948 semes

136 2976 261 3011 Vaters
296 2979 488 3013 voluntate
525 2979 671 3012 fervida
706 2977 769 3020 fiir
803 2978 866 3012 die
904 2977 1027 3011 Union
1065 2977 1220 3010 wirlcen.
1257 2975 1495 3014 (Barcelona.
1531 2972 1766 3007 I<ronarchir
1801 2972 1886 3012 Rea.

124 3034 226 3076 2442,
251 3036 277 3078 Ῑ.
303 3036 427 3080 61ῑ“Ῐ.)

242 3095 274 3134 2)
305 3093 408 3137 Brief
433 3095 500 3128 des
525 3093 721 3127 lohannes
747 3094 795 3127 (le
820 3093 956 3136 Opizis,
984 3092 1056 3135 1:91.
1085 3094 1199 3126 umen
1227 3092 1258 3123 S.
