2227 3434
720 119 811 152 1417
834 118 935 162 Sept.
960 119 980 153 5
1005 139 1046 143 —
1070 118 1172 162 Sept.
1196 119 1250 153 1‘2.
1779 121 1863 164 513

96 236 258 279 David.
302 236 434 279 Patet
465 249 524 279 ex
557 237 658 289 lege
691 235 862 289 divina,
896 237 1019 289 quod
1050 237 1134 278 hec
1166 240 1372 290 potestas
1404 239 1677 291 temporalis
1708 251 1733 280 a
1765 239 1864 280 Deo

97 307 361 350 immediate
383 311 455 349 est
475 308 745 360 imperatori
768 310 812 349 et
834 307 1091 350 rectoribus
1114 308 1404 350 secularibus
1427 308 1596 351 tradita
1617 313 1661 351 et
1683 309 1740 351 ab
1763 309 1864 362 ipso

95 377 278 420 Christo
307 378 454 420 Jhesu
484 378 680 420 ecclesie
710 377 968 420 interdicta.
1011 379 1078 419 Ex
1108 391 1200 431 quo
1229 379 1341 422 satis
1370 379 1515 432 liquet
1546 379 1648 421 luce
1676 380 1863 431 clarius,

94 448 217 501 quod
249 447 462 491 Christus
494 448 665 491 Jhesus
697 461 790 490 non
821 449 938 490 hanc
972 452 1247 501 potestatem
1282 449 1573 502 imperialem
1606 463 1726 503 pape
1760 463 1863 492 con-

93 519 246 571 cessit,
277 519 384 572 quia
417 520 567 572 ipsum
598 532 768 572 papam
801 519 898 561 Deo
930 519 1130 561 militare
1162 524 1206 561 et
1238 521 1324 562 soli
1358 519 1542 563 Christo
1571 533 1621 563 ac
1653 521 1787 562 factis
1819 524 1863 562 et

94 589 358 639 accionibus
407 589 729 642 spiritualibus
777 590 975 631 ecclesie
1025 602 1189 632 vacare
1239 603 1442 643 ovesque
1492 591 1663 633 Christi
1715 592 1862 633 solum

93 672 288 712 pascere
309 661 533 713 precepit.
570 660 616 703 Si
643 673 753 713 ergo
777 673 897 714 papa
923 660 1049 702 illam
1076 664 1351 713 potestatem
1377 674 1468 703 non
1494 662 1647 715 habet,
1673 662 1862 703 minime

93 731 227 773 alteri
255 731 510 773 concedere
537 732 697 784 potuit.
735 731 833 772 Non
861 743 971 784 ergo
999 732 1247 784 imperium
1273 744 1298 773 a
1326 744 1505 774 summo
1529 732 1750 785 pontifi-ce
1780 745 1861 775 seu

92 801 290 844 ecclesia
316 801 523 844 Romana
550 801 759 855 regimen
788 802 861 842 vel
889 801 1244 843 fundamentum
1272 802 1444 844 habuit.
1489 803 1602 844 Item
1632 803 1669 845 si
1696 803 1862 844 Petrus

91 872 209 914 hanc
234 875 508 925 potestatem
535 872 866 926 imperialema)
895 872 1149 925 habuisset,
1176 873 1367 914 minime
1394 885 1442 915 se
1469 873 1642 915 tributo
1667 877 1712 915 et
1737 877 1862 926 pote-

93 943 196 985 stati
222 943 454 996 imperiali
481 943 770 995 subiecisset,
797 946 865 985 set
889 943 973 984 hoc
998 942 1121 995 fecit,
1148 943 1333 996 quando
1357 956 1416 985 ex
1440 947 1663 996 precepto
1687 944 1861 985 domini

91 1014 238 1056 nostri
277 1014 424 1056 Jhesu
464 1013 634 1056 Christi
673 1013 945 1065 didramma,
985 1026 1122 1066 quam
1162 1015 1208 1054 in
1247 1027 1327 1056 ore
1368 1015 1509 1067 piscis
1548 1014 1737 1066 invenit,
1776 1027 1861 1067 pro

91 1095 142 1126 se
168 1087 213 1126 et
236 1087 426 1137 pastore
449 1087 608 1126 nostro
635 1084 817 1126 Christo
844 1084 991 1126 Jhesu
1018 1085 1167 1126 solvit.
1207 1084 1328 1137 Ergo
1355 1085 1578 1137 sequitur,
1606 1085 1729 1137 quod
1754 1086 1861 1127 taIIs

90 1157 295 1208 potestas
355 1154 612 1208 imperialis
671 1167 696 1196 a
756 1155 854 1197 solo
913 1155 1011 1197 Deo
1071 1154 1335 1197 immediate
1377 1159 1422 1197 et
1461 1167 1519 1196 ex
1561 1156 1664 1209 lege
1706 1154 1861 1196 divina

90 1223 360 1280 provenitss')

89 1330 213 1384 Sept.
246 1331 287 1375 9.
324 1357 373 1363 —
409 1331 712 1373 Heinrich
756 1331 1112 1383 Flemmz'ny.

208 1401 366 1436 Text:
408 1401 448 1434 W
469 1401 562 1436 4710
585 1400 610 1444 f.
634 1400 720 1443 285;
744 1400 837 1436 4922
859 1400 886 1444 r.
909 1401 988 1436 302.

205 1459 468 1503 Eaecerpt:
518 1458 636 1500 sidat,
663 1459 794 1494 Revue
819 1459 899 1494 498.

207 1517 453 1562 Inhalt:
506 1518 799 1561 Trauerrede
837 1518 918 1572 auf
956 1518 1046 1560 den
1086 1518 1421 1560 verstorbenen
1465 1517 1651 1571 Bischof
1689 1517 1860 1559 Robert

88 1587 254 1631 Halam
279 1602 367 1631 von
391 1587 649 1643 Salisburj.

206 1659 241 1702 O
263 1660 519 1702 maiestatis
541 1659 683 1712 regie,
704 1662 888 1712 patrum
910 1662 954 1701 et
976 1658 1267 1701 dominorum
1289 1659 1504 1712 preclara
1525 1658 1774 1701 convencio
1797 1693 1805 1701 .
1824 1692 1832 1701 .
1850 1692 1858 1699 .

91 1775 215 1830 Sept.
251 1777 318 1820 11.
356 1803 405 1808 -
442 1776 785 1819 Zabarella
832 1776 988 1819 card.

210 1846 393 1880 Era-{ih
413 1848 492 1880 nt:
536 1847 573 1881 in
604 1846 766 1889 Poqqios
796 1846 900 1881 Rede
930 1856 1003 1881 ron
1036 1846 1126 1880 1417
1157 1846 1257 1889 Sept.
1288 1846 1343 1880 727.

209 1905 231 1947 1
246 1919 274 1948 n
291 1906 318 1948 h
336 1906 391 1948 al
408 1911 422 1949 t
439 1919 452 1948 .·
491 1905 770 1958 Papstwahl.

91 2022 214 2077 Sept.
250 2022 316 2066 12.
354 2050 403 2054 —
439 2023 700 2066 Pontius
748 2022 1168 2076 Fenyeronis,
1217 2021 1264 2065 0.
1311 2021 1442 2064 Min.

210 2093 367 2127 Text:
405 2092 647 2136 K0b11927.
670 2094 726 2128 98.

208 2151 295 2193 Dei
329 2152 476 2205 patris
511 2152 557 2193 in
591 2151 778 2194 nomine
812 2152 1017 2204 natique,
1052 2151 1130 2204 qui
1166 2152 1214 2192 in
1247 2151 1436 2194 homine
1470 2149 1667 2192 formam
1703 2150 1861 2191 celans

91 2221 276 2265 deitatis
314 2222 454 2265 vitam
491 2222 728 2264 innovavit
763 2222 908 2275 gratis
948 2234 1088 2264 sexus
1126 2221 1317 2264 humani
1354 2221 1539 2275 perditi,
1578 2222 1770 2274 spiritus
1809 2232 1860 2263 ac

87 2293 316 2345 paracliti.
362 2293 526 2335 Amen.
574 2292 945 2335 Fundamentum
981 2292 1189 2346 preconii
1225 2292 1460 2345 presentis
1494 2292 1724 2333 sermonis
1761 2291 1859 2333 sive

90 2363 264 2416 eloquii
292 2375 423 2405 sacro
449 2363 674 2406 hauriens
702 2375 878 2405 canone
906 2363 996 2405 iam
1025 2362 1131 2405 lecti
1158 2362 1405 2415 evangelii,
1433 2362 1556 2416 quod
1584 2362 1727 2415 paulo
1753 2364 1859 2403 ante

91 2436 219 2477 cetus
242 2446 441 2488 presens
466 2433 653 2487 audivit,
678 2437 747 2476 est
770 2434 854 2476 hoc
879 2433 1112 2476 videlicet:
1152 2433 1232 2474 He
1248 2446 1270 2475 c
1306 2433 1360 2474 vi
1379 2432 1406 2474 d
1422 2445 1451 2474 u
1467 2445 1492 2475 a
1528 2445 1553 2474 e
1570 2436 1664 2474 rat
1697 2443 1860 2473 exara-

90 2507 199 2558 tum,
230 2505 296 2547 sic
326 2505 505 2559 estimo,
537 2504 684 2558 ipsius
717 2504 837 2546 Luce
869 2505 1080 2557 septimo.
1125 2503 1446 2546 Sacratissima
1479 2502 1668 2556 synode,
1701 2505 1859 2556 patres

90 2574 472 2617 reverendissimi
506 2577 698 2629 propter
732 2574 1111 2627 benivolentiam,
1147 2575 1354 2628 magistri
1391 2574 1571 2626 virique
1608 2571 1858 2615 doctissimi

90 2648 282 2699 propter
309 2646 591 2687 eminentem
620 2645 874 2697 scientiam,
903 2645 1105 2698 denique
1136 2643 1506 2687 metuendissimi
1536 2647 1727 2697 propter
1755 2655 1858 2696 pre-

11 2713 15 2716 ’
90 2716 262 2758 celsam
285 2715 552 2769 potentiam,
575 2715 851 2758 sanctissimi
876 2728 986 2757 vero
1008 2718 1199 2768 propter
1221 2714 1394 2768 gradus
1418 2714 1661 2756 ierarchici
1684 2716 1856 2755 tantam

90 2786 437 2829 excellentiam!
495 2786 757 2829 Secundum
801 2786 1086 2828 sentenciam
1130 2785 1253 2827 beati
1297 2783 1523 2826 Bernardi
1568 2785 1614 2825 in
1658 2782 1856 2836 quodam

91 2868 308 2899 sermone
330 2857 387 2899 de
409 2856 596 2910 planctu
618 2856 811 2909 virginis
835 2869 886 2898 ac
906 2857 1043 2898 etiam
1070 2856 1228 2898 fratris
1251 2855 1465 2898 Ubertini
1489 2854 1545 2896 de
1569 2855 1662 2896 vita
1685 2853 1855 2896 Christi

196 3020 226 3051 a)
250 3018 297 3046 Ηε
315 3017 398 3052 sely!
419 3019 503 3051 irriy
525 3024 599 3046 non.
673 3017 704 3050 b)
726 3017 770 3044 Ob
790 3019 888 3045 etwas
908 3017 1010 3050 fehlt?

162 3075 301 3111 Finke,
321 3076 403 3104 Acta
423 3076 558 3104 concilil
580 3075 857 3104 constanciensis.
878 3075 917 3102 11.
1564 3062 1618 3103 33
