2227 3434
538 161 576 198 B.
616 165 692 198 Der
715 164 814 199 liber
836 167 1029 207 gestorum
1054 165 1122 198 des
1147 162 1388 197 Cerretanus
1764 165 1847 207 195

79 282 153 335 ha,
183 282 308 325 Deus
338 282 472 334 bone,
501 294 587 335 per
616 281 903 324 fundatrices
932 281 1168 323 hominum
1198 281 1476 323 devociones
1507 281 1677 323 idcirco
1707 282 1848 323 eccle-

81 355 196 396 siam
222 353 527 406 locupletasti,
554 357 600 395 ut
626 353 699 395 isti
726 353 788 394 dii
815 353 961 395 fortes
976 355 1115 404 terre,
1132 353 1209 404 qui
1226 352 1529 393 vehementer
1544 352 1713 393 elevati
1730 356 1848 402 sunt,

81 425 424 477 degenerarent
452 424 810 477 perversissime
842 423 900 465 de
929 423 1193 477 principatu
1222 423 1269 464 in
1299 422 1622 476 principatum,
1654 422 1710 464 de
1742 423 1849 464 reli-

0 550 13 560 *
80 495 215 549 gione
236 495 295 537 ad
315 495 536 546 seculum,
557 494 613 536 de
636 495 734 536 Deo
756 494 814 536 ad
834 494 1113 536 demonium.
1146 494 1218 535 An
1239 493 1498 546 expediret,
1520 493 1651 536 sicuti
1670 493 1849 546 pseudo

83 566 359 608 Fredericus
388 566 615 608 adversus
643 565 885 607 ecclesiam
917 564 1155 606 infremuit
1182 568 1403 606 nocentes
1431 564 1627 605 ecclesie
1658 564 1850 604 divicias

19 639 22 642 ’
83 636 322 679 subtrahi?
357 637 429 678 An
451 648 511 678 ex
534 637 720 678 illorum
744 635 1013 689 affluencia,
1035 639 1083 678 ut
1105 635 1253 688 inquit
1275 636 1369 687 ille,
1393 634 1662 677 beatissima
1686 634 1851 687 religio

83 707 371 750 suffocetur?
420 707 582 750 Parvis
617 707 828 749 ecclesiis
865 706 1097 748 interdum
1134 706 1332 748 ministri
1368 709 1413 748 et
1447 704 1696 759 pontifices
1731 705 1851 746 fruc-

81 781 212 821 tuose
243 778 580 831 principantur,
613 778 921 831 locupletibus
954 780 1107 820 autem
1139 776 1339 818 ministri
1372 777 1629 830 locupletes
1660 788 1754 818 non
1786 776 1851 817 in-

81 852 276 901 tersunt,
329 848 637 892 ministerium
691 848 942 902 spernitur,
995 848 1258 901 predicacio
1310 847 1573 900 negligitur.
1639 846 1851 889 Christus

84 920 233 962 iussit:
273 919 352 973 Ite,
372 920 610 973 predicate
632 919 926 973 evangelium
948 920 1070 961 omni
1093 919 1358 972 creaturef)
1395 919 1449 960 Et
1469 918 1641 959 dudum
1664 917 1851 971 quidam

82 991 298 1044 egregius
329 990 580 1033 cardinalis
610 1003 682 1032 me
714 990 947 1043 docuerat,
979 990 1102 1043 quod
1131 990 1338 1043 episcopi
1370 989 1611 1042 proprium
1643 987 1849 1030 officium

84 1064 153 1104 est
178 1061 437 1115 predicare.
477 1061 763 1114 Propensius
790 1061 1113 1113 animadverti,
1141 1060 1224 1103 sed
1250 1072 1343 1102 non
1371 1060 1526 1102 recolo
1552 1061 1851 1112 preterquam

85 1145 227 1174 unum
250 1132 309 1175 ad
330 1133 496 1185 vulgus
520 1145 592 1174 me
616 1144 834 1185 umquam
857 1132 1031 1174 vidisse
1056 1132 1326 1184 episcopum
1351 1131 1398 1172 in
1422 1130 1655 1182 cathedra,
1678 1133 1727 1172 ut
1749 1141 1853 1182 pre-

84 1203 272 1257 dicaret,
294 1215 366 1245 me
388 1203 563 1245 vidisse
587 1203 701 1256 dico,
724 1207 769 1245 et
791 1203 850 1245 ad
872 1203 1037 1255 vulgus
1060 1202 1174 1244 dico.
1208 1201 1491 1244 Reservatur
1512 1199 1852 1254 predicacionis

84 1273 292 1316 officium
320 1273 608 1328 pauperibus
635 1275 709 1316 vel
739 1274 1037 1326 questoribus
1065 1273 1140 1314 vel
1169 1272 1514 1326 insipientibus,
1544 1270 1777 1313 interdum
1806 1273 1853 1312 ut

85 1345 234 1387 michi.
284 1345 442 1398 Porro,
479 1344 691 1398 quitquid
728 1344 948 1398 impletur
984 1343 1261 1385 ministerii?
1312 1343 1406 1385 Hoc
1444 1345 1584 1396 agunt
1619 1342 1716 1384 vice
1755 1353 1852 1392 sua,

85 1415 162 1470 qui
189 1415 404 1458 dicuntur
432 1416 706 1469 episcopelli
735 1428 818 1458 seu
845 1414 1071 1467 titulares,
1099 1415 1177 1468 qui
1205 1417 1360 1456 tamen
1386 1413 1731 1467 prestanciores
1759 1410 1854 1453 exi-

88 1489 210 1530 stunt
231 1499 282 1529 ac
304 1486 511 1540 episcopi
533 1486 743 1529 veriores
765 1498 902 1539 quam
924 1485 1004 1538 hii,
1026 1485 1073 1527 in
1095 1484 1263 1538 quibus
1286 1485 1432 1527 solius
1453 1483 1656 1526 nominis
1679 1482 1778 1525 sine
1803 1494 1853 1523 re

85 1557 231 1600 officii
253 1560 467 1600 servatur
487 1557 661 1599 idolum
683 1560 729 1599 et
747 1558 926 1611 geritur
946 1556 1111 1598 forma.
1147 1556 1295 1598 Taceo
1318 1555 1374 1596 de
1398 1554 1625 1598 subversa
1646 1554 1749 1607 lege
1771 1565 1852 1606 pu-

88 1628 244 1670 dicicie
286 1629 334 1670 in
375 1628 701 1671 ecclesiasticis
743 1628 1026 1680 victoriaque
1069 1626 1429 1679 Nabuzardam²)
1473 1624 1699 1678 principis
1743 1658 1750 1665 .
1787 1657 1795 1665 .
1832 1657 1855 1675 .,

88 1698 143 1742 de
166 1699 341 1742 exactis
366 1698 599 1741 interdum
623 1698 808 1753 publice
833 1711 918 1752 per
943 1697 1124 1751 aliquos
1148 1696 1397 1751 pontifices
1421 1696 1495 1738 vel
1521 1694 1755 1738 officiales
1777 1694 1855 1736 tri-

87 1769 207 1814 butis
239 1770 454 1824 turpibus
487 1769 936 1822 concubinariorum,
970 1768 1028 1811 de
1063 1768 1120 1811 ab
1154 1768 1354 1810 ecclesia
1387 1767 1434 1809 in
1467 1765 1712 1808 ecclesiam
1746 1777 1855 1818 quo-

89 1841 282 1884 rundam
320 1840 707 1883 translationibus
745 1840 1037 1891 adulterinis,
1075 1842 1124 1880 ut
1161 1839 1269 1891 Leo,
1310 1838 1561 1880 Everastus
1598 1837 1855 1890 pluresque

89 1912 250 1965 synodi
275 1915 320 1954 et
344 1912 594 1966 pontifices
619 1912 682 1954 sic
708 1915 870 1953 vocant
894 1914 938 1952 et
964 1910 1218 1952 instancius
1243 1912 1412 1961 vetant,
1439 1909 1496 1950 de
1522 1906 1855 1949 numerositate

89 1994 330 2025 causarum
367 1985 412 2024 et
447 1994 764 2036 processuum,
803 1982 972 2035 quibus
1008 1980 1262 2035 populares
1298 1980 1576 2033 plerumque
1614 1977 1856 2031 privantur

90 2052 358 2097 assistencia
389 2054 652 2107 principum
684 2065 886 2096 suorum.
931 2052 986 2094 Et
1017 2065 1044 2094 o
1074 2051 1349 2105 religionem
1382 2048 1740 2093 sacratissimam
1773 2047 1856 2089 Ba-

91 2124 196 2178 silii,
223 2124 476 2177 Benedicti,
505 2124 751 2177 Augustini
783 2122 1156 2175 ceterorumque!
1199 2121 1327 2163 Hanc
1357 2120 1470 2163 fovit
1501 2132 1551 2162 ac
1581 2129 1855 2161 excrescere

91 2195 373 2248 gloriabatur
401 2194 607 2237 Romana
635 2194 785 2238 sedes.
825 2195 952 2235 Nunc
979 2196 1132 2236 autem
1160 2193 1256 2235 suis
1284 2192 1370 2234 ista
1398 2190 1623 2233 ministris
1649 2188 1856 2243 gerenda

92 2265 380 2319 relinquitur,
414 2269 463 2308 ut
496 2266 772 2319 plerumque
808 2265 914 2318 plus
949 2264 1232 2307 obsorbeant
1267 2264 1313 2304 in
1349 2274 1482 2305 suum
1518 2264 1685 2304 statum
1719 2272 1855 2313 quam

92 2329 139 2378 in
175 2336 535 2379 substentaculis
575 2336 670 2379 suis
707 2336 878 2378 habeat
915 2335 1217 2388 congregacio
1256 2332 1599 2375 monachorum.
1652 2331 1857 2372 Diminu-

93 2409 228 2449 untur
263 2410 472 2450 oratores
509 2406 696 2460 publici,
733 2409 781 2448 ut
819 2408 1042 2459 augeatur
1078 2403 1376 2446 commoditas
1414 2401 1720 2445 ministrantis
1760 2435 1768 2442 .
1804 2434 1811 2441 .

93 2476 190 2519 Non
223 2477 437 2520 dicuntur
471 2477 600 2529 hore,
637 2476 903 2519 reconditur
938 2475 1137 2528 habitus,
1175 2475 1306 2516 deest
1343 2473 1522 2526 religio,
1558 2472 1690 2515 abest
1725 2470 1857 2514 disci-

93 2546 233 2601 plina,
260 2548 460 2590 curritur
487 2548 545 2590 ad
573 2550 780 2589 mortem.
823 2547 877 2588 Et
905 2546 1008 2599 quis
1036 2546 1277 2588 obviaret?
1319 2545 1450 2586 Talia
1478 2556 1571 2585 non
1599 2542 1857 2595 reprimunt

95 2628 245 2671 neque
273 2618 549 2672 religionem
580 2621 628 2660 ut
659 2618 794 2661 solito
825 2617 1073 2659 confovent
1104 2617 1202 2668 ulli,
1234 2618 1283 2657 ut
1314 2614 1437 2667 olim,
1470 2614 1527 2656 de
1558 2612 1714 2667 papali
1747 2611 1858 2654 assi-

97 2687 281 2742 stencia‚
305 2700 421 2742 quos
446 2689 611 2742 religio
635 2691 874 2742 genuerat,
900 2687 1088 2740 quidem
1113 2686 1308 2728 ecclesie
1335 2684 1550 2727 cardines
1576 2696 1626 2726 ac
1652 2682 1858 2735 insignes

97 2757 194 2800 viri.
242 2759 368 2802 Nunc
404 2760 521 2802 foris
558 2762 646 2801 stat
684 2758 848 2812 religio
888 2760 1066 2800 retenta
1104 2760 1259 2799 tamen
1298 2755 1431 2797 uberi
1469 2753 1761 2808 portiuncula
1800 2751 1857 2793 de

97 2827 370 2880 patrimonio
402 2842 499 2872 suo.
546 2830 640 2871 Hec
673 2828 959 2872 confusionis
994 2826 1240 2881 dispendia
1273 2827 1393 2868 irent
1428 2826 1474 2867 in
1508 2824 1757 2866 infinitum.
1806 2822 1857 2863 In

97 2897 261 2950 quibus
291 2903 337 2942 et
367 2900 467 2943 istis
497 2904 542 2942 et
572 2901 677 2942 aliis
709 2898 1062 2941 reformacionis
1095 2897 1377 2939 beneficium
1411 2895 1615 2937 velocius
1646 2896 1857 2947 prestare

99 2966 311 3022 dignetur
342 2970 415 3012 hic
447 2970 746 3013 beatissimus
779 2982 901 3023 papa
935 2972 980 3012 et
1014 2969 1099 3010 hec
1135 2966 1338 3020 synodus
1374 2965 1616 3007 benedicta
1650 2976 1735 3017 per
1771 2964 1858 3004 vir-

213 3062 245 3105 1)
271 3062 384 3098 Marc.
412 3064 465 3105 16,
491 3065 543 3098 15,
689 3064 720 3104 2)
751 3062 819 3106 oyl.
845 3061 899 3095 Il'
923 3061 1010 3104 Rea.
1035 3062 1090 3101 25,
1116 3061 1146 3095 8.

1571 3115 1646 3155 13*
