<?xml version="1.0" encoding="UTF-8"?>
<!DOCTYPE html PUBLIC "-//W3C//DTD XHTML 1.0 Transitional//EN"
    "http://www.w3.org/TR/xhtml1/DTD/xhtml1-transitional.dtd">
<html xmlns="http://www.w3.org/1999/xhtml" xml:lang="en" lang="en">
 <head>
  <title>
</title>
<meta http-equiv="Content-Type" content="text/html;charset=utf-8" />
  <meta name='ocr-system' content='tesseract 3.04.00' />
  <meta name='ocr-capabilities' content='ocr_page ocr_carea ocr_par ocr_line ocrx_word'/>
</head>
<body>
  <div class='ocr_page' id='page_1' title='image "./actaconciliicons02counuoft/actaconciliicons02counuoft_0457.png"; bbox 0 0 2227 3434; ppageno 0'>
   <div class='ocr_carea' id='block_1_1' title="bbox 902 179 1926 224">
    <p class='ocr_par' dir='ltr' id='par_1_1' title="bbox 902 179 1926 224">
     <span class='ocr_line' id='line_1_1' title="bbox 902 179 1926 224; baseline 0 -11"><span class='ocrx_word' id='word_1_1' title='bbox 902 180 993 215; x_wconf 78' lang='lat'>1416</span> <span class='ocrx_word' id='word_1_2' title='bbox 1025 179 1103 214; x_wconf 70' lang='lat' dir='ltr'>Mai</span> <span class='ocrx_word' id='word_1_3' title='bbox 1133 181 1185 214; x_wconf 87' lang='lat'>10.</span> <span class='ocrx_word' id='word_1_4' title='bbox 1842 183 1926 224; x_wconf 85' lang='lat'>443</span> 
     </span>
    </p>
   </div>
   <div class='ocr_carea' id='block_1_2' title="bbox 158 296 1931 3108">
    <p class='ocr_par' dir='ltr' id='par_1_2' title="bbox 162 296 1928 490">
     <span class='ocr_line' id='line_1_2' title="bbox 163 296 1928 350; baseline 0.001 -12"><span class='ocrx_word' id='word_1_5' title='bbox 163 296 476 338; x_wconf 79' lang='lat' dir='ltr'>sacerdocium</span> <span class='ocrx_word' id='word_1_6' title='bbox 506 300 820 349; x_wconf 73' lang='lat' dir='ltr'>excecaverat,</span> <span class='ocrx_word' id='word_1_7' title='bbox 851 297 974 349; x_wconf 91' lang='lat' dir='ltr'>quod</span> <span class='ocrx_word' id='word_1_8' title='bbox 1003 298 1093 339; x_wconf 89' lang='lat' dir='ltr'>iam</span> <span class='ocrx_word' id='word_1_9' title='bbox 1121 310 1206 339; x_wconf 93' lang='lat' dir='ltr'>nec</span> <span class='ocrx_word' id='word_1_10' title='bbox 1236 302 1473 350; x_wconf 89' lang='lat' dir='ltr'>peccatum</span> <span class='ocrx_word' id='word_1_11' title='bbox 1501 311 1606 340; x_wconf 92' lang='lat' dir='ltr'>esse</span> <span class='ocrx_word' id='word_1_12' title='bbox 1637 299 1928 350; x_wconf 81' lang='lat' dir='ltr'>credebatur,</span> 
     </span>
     <span class='ocr_line' id='line_1_3' title="bbox 162 366 1928 426; baseline 0.002 -19"><span class='ocrx_word' id='word_1_13' title='bbox 162 367 270 419; x_wconf 88' lang='lat' dir='ltr'>quia</span> <span class='ocrx_word' id='word_1_14' title='bbox 322 371 369 409; x_wconf 92' lang='lat' dir='ltr'>ut</span> <span class='ocrx_word' id='word_1_15' title='bbox 419 366 682 419; x_wconf 74' lang='lat' dir='ltr'>figuraliter</span> <span class='ocrx_word' id='word_1_16' title='bbox 735 368 953 409; x_wconf 87' lang='lat' dir='ltr'>recitatur</span> <span class='ocrx_word' id='word_1_17' title='bbox 993 368 1205 426; x_wconf 81' lang='lat' dir='ltr'>Judicum</span> <span class='ocrx_word' id='word_1_18' title='bbox 1249 369 1319 410; x_wconf 84' lang='lat'>17:</span> <span class='ocrx_word' id='word_1_19' title='bbox 1372 369 1502 420; x_wconf 78' lang='lat' dir='ltr'>Quod</span> <span class='ocrx_word' id='word_1_20' title='bbox 1541 369 1703 422; x_wconf 84' lang='lat' dir='ltr'>implet</span> <span class='ocrx_word' id='word_1_21' title='bbox 1743 382 1928 411; x_wconf 87' lang='lat' dir='ltr'>manum</span> 
     </span>
     <span class='ocr_line' id='line_1_4' title="bbox 165 437 1003 490; baseline 0.002 -12"><span class='ocrx_word' id='word_1_22' title='bbox 165 437 327 490; x_wconf 82' lang='lat' dir='ltr'>Miche,</span> <span class='ocrx_word' id='word_1_23' title='bbox 363 437 511 480; x_wconf 89' lang='lat' dir='ltr'>factus</span> <span class='ocrx_word' id='word_1_24' title='bbox 547 441 616 480; x_wconf 88' lang='lat' dir='ltr'>est</span> <span class='ocrx_word' id='word_1_25' title='bbox 652 437 870 480; x_wconf 87' lang='lat' dir='ltr'>sacerdos</span> <span class='ocrx_word' id='word_1_26' title='bbox 907 471 914 480; x_wconf 93' lang='lat'>.</span> <span class='ocrx_word' id='word_1_27' title='bbox 951 472 959 480; x_wconf 98' lang='lat'>.</span> <span class='ocrx_word' id='word_1_28' title='bbox 995 471 1003 480; x_wconf 93' lang='lat'>.</span> 
     </span>
    </p>

    <p class='ocr_par' dir='ltr' id='par_1_3' title="bbox 158 508 1931 2260">
     <span class='ocr_line' id='line_1_5' title="bbox 279 508 1929 562; baseline 0.002 -13"><span class='ocrx_word' id='word_1_29' title='bbox 279 508 415 549; x_wconf 84' lang='lat' dir='ltr'>Teste</span> <span class='ocrx_word' id='word_1_30' title='bbox 438 508 664 561; x_wconf 83' lang='lat' dir='ltr'>Gregorio</span> <span class='ocrx_word' id='word_1_31' title='bbox 685 520 823 550; x_wconf 85' lang='lat' dir='ltr'>causa</span> <span class='ocrx_word' id='word_1_32' title='bbox 846 509 978 550; x_wconf 90' lang='lat' dir='ltr'>ruine</span> <span class='ocrx_word' id='word_1_33' title='bbox 1002 509 1162 562; x_wconf 93' lang='lat' dir='ltr'>populi</span> <span class='ocrx_word' id='word_1_34' title='bbox 1185 514 1290 551; x_wconf 88' lang='lat' dir='ltr'>sunt</span> <span class='ocrx_word' id='word_1_35' title='bbox 1313 510 1579 552; x_wconf 84' lang='lat' dir='ltr'>sacerdotes</span> <span class='ocrx_word' id='word_1_36' title='bbox 1602 511 1723 552; x_wconf 91' lang='lat' dir='ltr'>mali.</span> <span class='ocrx_word' id='word_1_37' title='bbox 1748 511 1929 552; x_wconf 83' lang='lat' dir='ltr'>Pharao</span> 
     </span>
     <span class='ocr_line' id='line_1_6' title="bbox 160 578 1929 632; baseline 0.002 -13"><span class='ocrx_word' id='word_1_38' title='bbox 160 578 283 620; x_wconf 90' lang='lat' dir='ltr'>enim</span> <span class='ocrx_word' id='word_1_39' title='bbox 313 578 460 620; x_wconf 91' lang='lat' dir='ltr'>noluit</span> <span class='ocrx_word' id='word_1_40' title='bbox 489 579 774 620; x_wconf 73' lang='lat' dir='ltr'>committere</span> <span class='ocrx_word' id='word_1_41' title='bbox 804 591 973 632; x_wconf 90' lang='lat' dir='ltr'>pecora</span> <span class='ocrx_word' id='word_1_42' title='bbox 1004 592 1087 621; x_wconf 91' lang='lat' dir='ltr'>sua</span> <span class='ocrx_word' id='word_1_43' title='bbox 1116 580 1382 632; x_wconf 83' lang='lat' dir='ltr'>pastoribus</span> <span class='ocrx_word' id='word_1_44' title='bbox 1411 581 1501 623; x_wconf 91' lang='lat' dir='ltr'>nisi</span> <span class='ocrx_word' id='word_1_45' title='bbox 1531 581 1644 623; x_wconf 87' lang='lat' dir='ltr'>viris</span> <span class='ocrx_word' id='word_1_46' title='bbox 1674 581 1929 632; x_wconf 85' lang='lat' dir='ltr'>industriis,</span> 
     </span>
     <span class='ocr_line' id='line_1_7' title="bbox 162 648 1929 703; baseline 0.002 -14"><span class='ocrx_word' id='word_1_47' title='bbox 162 652 210 690; x_wconf 94' lang='lat' dir='ltr'>ut</span> <span class='ocrx_word' id='word_1_48' title='bbox 240 651 366 701; x_wconf 91' lang='lat' dir='ltr'>patet</span> <span class='ocrx_word' id='word_1_49' title='bbox 397 648 567 691; x_wconf 89' lang='lat' dir='ltr'>Genes.</span> <span class='ocrx_word' id='word_1_50' title='bbox 599 649 673 690; x_wconf 85' lang='lat'>47:</span> <span class='ocrx_word' id='word_1_51' title='bbox 719 649 765 691; x_wconf 90' lang='lat' dir='ltr'>Si</span> <span class='ocrx_word' id='word_1_52' title='bbox 797 650 933 702; x_wconf 90' lang='lat' dir='ltr'>nosti,</span> <span class='ocrx_word' id='word_1_53' title='bbox 967 649 1128 702; x_wconf 90' lang='lat' dir='ltr'>inquit,</span> <span class='ocrx_word' id='word_1_54' title='bbox 1161 650 1207 691; x_wconf 92' lang='lat' dir='ltr'>in</span> <span class='ocrx_word' id='word_1_55' title='bbox 1241 651 1334 692; x_wconf 91' lang='lat' dir='ltr'>illis</span> <span class='ocrx_word' id='word_1_56' title='bbox 1367 663 1473 693; x_wconf 87' lang='lat' dir='ltr'>esse</span> <span class='ocrx_word' id='word_1_57' title='bbox 1506 651 1629 694; x_wconf 91' lang='lat' dir='ltr'>viros</span> <span class='ocrx_word' id='word_1_58' title='bbox 1659 651 1929 703; x_wconf 89' lang='lat' dir='ltr'>industrios,</span> 
     </span>
     <span class='ocr_line' id='line_1_8' title="bbox 161 719 1930 775; baseline 0.002 -15"><span class='ocrx_word' id='word_1_59' title='bbox 161 719 386 762; x_wconf 88' lang='lat' dir='ltr'>constitue</span> <span class='ocrx_word' id='word_1_60' title='bbox 422 732 503 762; x_wconf 90' lang='lat' dir='ltr'>eos</span> <span class='ocrx_word' id='word_1_61' title='bbox 539 720 783 772; x_wconf 87' lang='lat' dir='ltr'>magistros</span> <span class='ocrx_word' id='word_1_62' title='bbox 819 733 1039 772; x_wconf 90' lang='lat' dir='ltr'>pecorum</span> <span class='ocrx_word' id='word_1_63' title='bbox 1076 733 1298 762; x_wconf 91' lang='lat' dir='ltr'>meorum.</span> <span class='ocrx_word' id='word_1_64' title='bbox 1348 721 1462 764; x_wconf 90' lang='lat' dir='ltr'>Cum</span> <span class='ocrx_word' id='word_1_65' title='bbox 1501 722 1637 775; x_wconf 88' lang='lat' dir='ltr'>igitur</span> <span class='ocrx_word' id='word_1_66' title='bbox 1673 722 1930 775; x_wconf 89' lang='lat' dir='ltr'>spiritualis</span> 
     </span>
     <span class='ocr_line' id='line_1_9' title="bbox 161 790 1929 846; baseline 0.001 -15"><span class='ocrx_word' id='word_1_67' title='bbox 161 802 270 832; x_wconf 90' lang='lat' dir='ltr'>cura</span> <span class='ocrx_word' id='word_1_68' title='bbox 297 790 506 832; x_wconf 90' lang='lat' dir='ltr'>tradatur</span> <span class='ocrx_word' id='word_1_69' title='bbox 535 791 790 843; x_wconf 84' lang='lat' dir='ltr'>impotenti,</span> <span class='ocrx_word' id='word_1_70' title='bbox 817 791 1047 844; x_wconf 86' lang='lat' dir='ltr'>ignoranti</span> <span class='ocrx_word' id='word_1_71' title='bbox 1076 792 1149 832; x_wconf 90' lang='lat' dir='ltr'>vel</span> <span class='ocrx_word' id='word_1_72' title='bbox 1178 792 1431 845; x_wconf 88' lang='lat' dir='ltr'>negligenti</span> <span class='ocrx_word' id='word_1_73' title='bbox 1461 805 1617 834; x_wconf 88' lang='lat' dir='ltr'>curam</span> <span class='ocrx_word' id='word_1_74' title='bbox 1645 794 1747 835; x_wconf 93' lang='lat' dir='ltr'>eius</span> <span class='ocrx_word' id='word_1_75' title='bbox 1776 805 1929 846; x_wconf 85' lang='lat' dir='ltr'>agere,</span> 
     </span>
     <span class='ocr_line' id='line_1_10' title="bbox 161 861 1930 916; baseline 0.001 -14"><span class='ocrx_word' id='word_1_76' title='bbox 161 864 336 903; x_wconf 90' lang='lat' dir='ltr'>constat</span> <span class='ocrx_word' id='word_1_77' title='bbox 382 861 528 914; x_wconf 90' lang='lat' dir='ltr'>magis</span> <span class='ocrx_word' id='word_1_78' title='bbox 573 861 850 915; x_wconf 83' lang='lat' dir='ltr'>parvipendi</span> <span class='ocrx_word' id='word_1_79' title='bbox 898 862 1150 904; x_wconf 89' lang='lat' dir='ltr'>racionalia</span> <span class='ocrx_word' id='word_1_80' title='bbox 1199 862 1368 904; x_wconf 92' lang='lat' dir='ltr'>Christi</span> <span class='ocrx_word' id='word_1_81' title='bbox 1416 863 1641 915; x_wconf 88' lang='lat' dir='ltr'>sanguine</span> <span class='ocrx_word' id='word_1_82' title='bbox 1690 863 1930 916; x_wconf 85' lang='lat' dir='ltr'>redempta</span> 
     </span>
     <span class='ocr_line' id='line_1_11' title="bbox 161 931 1930 986; baseline 0.001 -13"><span class='ocrx_word' id='word_1_83' title='bbox 161 943 298 984; x_wconf 89' lang='lat' dir='ltr'>quam</span> <span class='ocrx_word' id='word_1_84' title='bbox 336 931 484 974; x_wconf 90' lang='lat' dir='ltr'>bruta.</span> <span class='ocrx_word' id='word_1_85' title='bbox 534 932 616 983; x_wconf 81' lang='lat' dir='ltr'>Qui</span> <span class='ocrx_word' id='word_1_86' title='bbox 656 932 1005 985; x_wconf 84' lang='lat' dir='ltr'>parvipendens</span> <span class='ocrx_word' id='word_1_87' title='bbox 1043 932 1374 985; x_wconf 90' lang='lat' dir='ltr'>appreciatum,</span> <span class='ocrx_word' id='word_1_88' title='bbox 1411 933 1709 986; x_wconf 81' lang='lat' dir='ltr'>parvipendit</span> <span class='ocrx_word' id='word_1_89' title='bbox 1746 937 1790 976; x_wconf 91' lang='lat' dir='ltr'>et</span> <span class='ocrx_word' id='word_1_90' title='bbox 1826 946 1930 986; x_wconf 89' lang='lat' dir='ltr'>pre-</span> 
     </span>
     <span class='ocr_line' id='line_1_12' title="bbox 161 1002 1929 1057; baseline 0.002 -14"><span class='ocrx_word' id='word_1_91' title='bbox 161 1002 278 1043; x_wconf 91' lang='lat' dir='ltr'>cium</span> <span class='ocrx_word' id='word_1_92' title='bbox 322 1036 329 1044; x_wconf 92' lang='lat'>.</span> <span class='ocrx_word' id='word_1_93' title='bbox 366 1039 372 1046; x_wconf 92' lang='lat'>.</span> <span class='ocrx_word' id='word_1_94' title='bbox 410 1037 417 1044; x_wconf 93' lang='lat'>.</span> <span class='ocrx_word' id='word_1_95' title='bbox 472 1004 689 1055; x_wconf 84' lang='lat' dir='ltr'>exemplo</span> <span class='ocrx_word' id='word_1_96' title='bbox 729 1003 849 1044; x_wconf 79' lang='lat' dir='ltr'>Jude</span> <span class='ocrx_word' id='word_1_97' title='bbox 893 1002 1126 1045; x_wconf 88' lang='lat' dir='ltr'>Christum</span> <span class='ocrx_word' id='word_1_98' title='bbox 1167 1016 1253 1056; x_wconf 91' lang='lat' dir='ltr'>pro</span> <span class='ocrx_word' id='word_1_99' title='bbox 1294 1004 1441 1045; x_wconf 93' lang='lat' dir='ltr'>nihilo</span> <span class='ocrx_word' id='word_1_100' title='bbox 1482 1004 1808 1057; x_wconf 90' lang='lat' dir='ltr'>appreciantis.</span> <span class='ocrx_word' id='word_1_101' title='bbox 1863 1004 1929 1045; x_wconf 87' lang='lat' dir='ltr'>Ex</span> 
     </span>
     <span class='ocr_line' id='line_1_13' title="bbox 161 1072 1931 1132; baseline 0.001 -18"><span class='ocrx_word' id='word_1_102' title='bbox 161 1072 328 1125; x_wconf 89' lang='lat' dir='ltr'>quibus</span> <span class='ocrx_word' id='word_1_103' title='bbox 354 1077 606 1132; x_wconf 86' lang='lat' dir='ltr'>generatur</span> <span class='ocrx_word' id='word_1_104' title='bbox 633 1073 808 1126; x_wconf 91' lang='lat' dir='ltr'>liquido</span> <span class='ocrx_word' id='word_1_105' title='bbox 835 1074 972 1116; x_wconf 90' lang='lat' dir='ltr'>tertia</span> <span class='ocrx_word' id='word_1_106' title='bbox 998 1074 1100 1116; x_wconf 92' lang='lat' dir='ltr'>filia</span> <span class='ocrx_word' id='word_1_107' title='bbox 1129 1075 1339 1126; x_wconf 91' lang='lat' dir='ltr'>simonie,</span> <span class='ocrx_word' id='word_1_108' title='bbox 1367 1075 1583 1117; x_wconf 90' lang='lat' dir='ltr'>videlicet</span> <span class='ocrx_word' id='word_1_109' title='bbox 1609 1075 1753 1116; x_wconf 85' lang='lat' dir='ltr'>divini</span> <span class='ocrx_word' id='word_1_110' title='bbox 1782 1076 1931 1116; x_wconf 87' lang='lat' dir='ltr'>cultus</span> 
     </span>
     <span class='ocr_line' id='line_1_14' title="bbox 161 1143 1930 1198; baseline 0.001 -13"><span class='ocrx_word' id='word_1_111' title='bbox 161 1143 425 1196; x_wconf 89' lang='lat' dir='ltr'>diminucio,</span> <span class='ocrx_word' id='word_1_112' title='bbox 460 1144 566 1186; x_wconf 89' lang='lat' dir='ltr'>licet</span> <span class='ocrx_word' id='word_1_113' title='bbox 598 1147 719 1186; x_wconf 90' lang='lat' dir='ltr'>etate</span> <span class='ocrx_word' id='word_1_114' title='bbox 755 1144 906 1186; x_wconf 91' lang='lat' dir='ltr'>iunior</span> <span class='ocrx_word' id='word_1_115' title='bbox 940 1148 1094 1186; x_wconf 90' lang='lat' dir='ltr'>tamen</span> <span class='ocrx_word' id='word_1_116' title='bbox 1128 1146 1450 1198; x_wconf 89' lang='lat' dir='ltr'>periculosior.</span> <span class='ocrx_word' id='word_1_117' title='bbox 1498 1145 1610 1187; x_wconf 93' lang='lat' dir='ltr'>Cum</span> <span class='ocrx_word' id='word_1_118' title='bbox 1646 1145 1769 1187; x_wconf 92' lang='lat' dir='ltr'>enim</span> <span class='ocrx_word' id='word_1_119' title='bbox 1806 1145 1930 1187; x_wconf 90' lang='lat' dir='ltr'>Deus</span> 
     </span>
     <span class='ocr_line' id='line_1_15' title="bbox 160 1214 1929 1269; baseline 0.002 -14"><span class='ocrx_word' id='word_1_120' title='bbox 160 1226 252 1256; x_wconf 90' lang='lat' dir='ltr'>non</span> <span class='ocrx_word' id='word_1_121' title='bbox 287 1214 378 1257; x_wconf 94' lang='lat' dir='ltr'>nisi</span> <span class='ocrx_word' id='word_1_122' title='bbox 412 1215 582 1256; x_wconf 90' lang='lat' dir='ltr'>cultum</span> <span class='ocrx_word' id='word_1_123' title='bbox 619 1228 751 1257; x_wconf 94' lang='lat' dir='ltr'>suum</span> <span class='ocrx_word' id='word_1_124' title='bbox 787 1215 995 1268; x_wconf 88' lang='lat' dir='ltr'>requirat</span> <span class='ocrx_word' id='word_1_125' title='bbox 1029 1216 1086 1257; x_wconf 90' lang='lat' dir='ltr'>ab</span> <span class='ocrx_word' id='word_1_126' title='bbox 1121 1215 1401 1267; x_wconf 81' lang='lat' dir='ltr'>hominibus,</span> <span class='ocrx_word' id='word_1_127' title='bbox 1437 1229 1552 1269; x_wconf 81' lang='lat' dir='ltr'>quos</span> <span class='ocrx_word' id='word_1_128' title='bbox 1586 1220 1837 1269; x_wconf 89' lang='lat' dir='ltr'>propterea</span> <span class='ocrx_word' id='word_1_129' title='bbox 1873 1216 1929 1258; x_wconf 91' lang='lat' dir='ltr'>ad</span> 
     </span>
     <span class='ocr_line' id='line_1_16' title="bbox 160 1285 1931 1340; baseline 0.001 -14"><span class='ocrx_word' id='word_1_130' title='bbox 160 1285 495 1327; x_wconf 80' lang='lat' dir='ltr'>suamcreavit</span> <span class='ocrx_word' id='word_1_131' title='bbox 528 1286 792 1339; x_wconf 89' lang='lat' dir='ltr'>imaginem,</span> <span class='ocrx_word' id='word_1_132' title='bbox 826 1287 1125 1339; x_wconf 89' lang='lat' dir='ltr'>prelatosque</span> <span class='ocrx_word' id='word_1_133' title='bbox 1160 1287 1356 1328; x_wconf 87' lang='lat' dir='ltr'>ecclesie</span> <span class='ocrx_word' id='word_1_134' title='bbox 1389 1299 1481 1329; x_wconf 91' lang='lat' dir='ltr'>non</span> <span class='ocrx_word' id='word_1_135' title='bbox 1515 1288 1605 1328; x_wconf 92' lang='lat' dir='ltr'>nisi</span> <span class='ocrx_word' id='word_1_136' title='bbox 1640 1290 1931 1340; x_wconf 88' lang='lat' dir='ltr'>promotores</span> 
     </span>
     <span class='ocr_line' id='line_1_17' title="bbox 160 1355 1927 1410; baseline 0.001 -13"><span class='ocrx_word' id='word_1_137' title='bbox 160 1355 370 1398; x_wconf 88' lang='lat' dir='ltr'>eiusdem</span> <span class='ocrx_word' id='word_1_138' title='bbox 395 1356 545 1399; x_wconf 88' lang='lat' dir='ltr'>cultus</span> <span class='ocrx_word' id='word_1_139' title='bbox 571 1357 800 1399; x_wconf 88' lang='lat' dir='ltr'>intensive</span> <span class='ocrx_word' id='word_1_140' title='bbox 826 1361 871 1399; x_wconf 87' lang='lat' dir='ltr'>et</span> <span class='ocrx_word' id='word_1_141' title='bbox 895 1358 1137 1399; x_wconf 74' lang='lat' dir='ltr'>extensive</span> <span class='ocrx_word' id='word_1_142' title='bbox 1164 1358 1466 1409; x_wconf 89' lang='lat' dir='ltr'>constituerit,</span> <span class='ocrx_word' id='word_1_143' title='bbox 1492 1358 1701 1410; x_wconf 88' lang='lat' dir='ltr'>apostolo</span> <span class='ocrx_word' id='word_1_144' title='bbox 1728 1358 1927 1399; x_wconf 87' lang='lat' dir='ltr'>dicente:</span> 
     </span>
     <span class='ocr_line' id='line_1_18' title="bbox 161 1426 1930 1481; baseline 0.001 -12"><span class='ocrx_word' id='word_1_145' title='bbox 161 1426 348 1479; x_wconf 92' lang='lat' dir='ltr'>„Omnis</span> <span class='ocrx_word' id='word_1_146' title='bbox 385 1427 597 1480; x_wconf 83' lang='lat' dir='ltr'>pontifex</span> <span class='ocrx_word' id='word_1_147' title='bbox 635 1440 693 1469; x_wconf 87' lang='lat' dir='ltr'>ex</span> <span class='ocrx_word' id='word_1_148' title='bbox 731 1428 998 1470; x_wconf 89' lang='lat' dir='ltr'>hominibus</span> <span class='ocrx_word' id='word_1_149' title='bbox 1037 1432 1302 1481; x_wconf 89' lang='lat' dir='ltr'>assumptus</span> <span class='ocrx_word' id='word_1_150' title='bbox 1340 1441 1424 1481; x_wconf 90' lang='lat' dir='ltr'>pro</span> <span class='ocrx_word' id='word_1_151' title='bbox 1462 1429 1728 1470; x_wconf 90' lang='lat' dir='ltr'>hominibus</span> <span class='ocrx_word' id='word_1_152' title='bbox 1767 1428 1930 1470; x_wconf 89' lang='lat' dir='ltr'>consti-</span> 
     </span>
     <span class='ocr_line' id='line_1_19' title="bbox 159 1497 1931 1553; baseline 0 -14"><span class='ocrx_word' id='word_1_153' title='bbox 159 1497 302 1543; x_wconf 82' lang='lat' dir='ltr'>tuitur</span> <span class='ocrx_word' id='word_1_154' title='bbox 333 1497 381 1539; x_wconf 93' lang='lat' dir='ltr'>in</span> <span class='ocrx_word' id='word_1_155' title='bbox 410 1498 498 1551; x_wconf 91' lang='lat' dir='ltr'>his,</span> <span class='ocrx_word' id='word_1_156' title='bbox 531 1510 619 1551; x_wconf 86' lang='lat' dir='ltr'>que</span> <span class='ocrx_word' id='word_1_157' title='bbox 653 1502 758 1540; x_wconf 88' lang='lat' dir='ltr'>sunt</span> <span class='ocrx_word' id='word_1_158' title='bbox 790 1499 847 1540; x_wconf 91' lang='lat' dir='ltr'>ad</span> <span class='ocrx_word' id='word_1_159' title='bbox 881 1498 1055 1540; x_wconf 90' lang='lat' dir='ltr'>Deum“</span> <span class='ocrx_word' id='word_1_160' title='bbox 1092 1499 1255 1552; x_wconf 90' lang='lat' dir='ltr'>(Hebr.</span> <span class='ocrx_word' id='word_1_161' title='bbox 1287 1500 1351 1553; x_wconf 88' lang='lat'>5).</span> <span class='ocrx_word' id='word_1_162' title='bbox 1397 1499 1575 1552; x_wconf 88' lang='lat' dir='ltr'>Liquet,</span> <span class='ocrx_word' id='word_1_163' title='bbox 1609 1499 1732 1552; x_wconf 91' lang='lat' dir='ltr'>quod</span> <span class='ocrx_word' id='word_1_164' title='bbox 1761 1498 1931 1552; x_wconf 89' lang='lat' dir='ltr'>prelati</span> 
     </span>
     <span class='ocr_line' id='line_1_20' title="bbox 159 1568 1930 1623; baseline 0.001 -13"><span class='ocrx_word' id='word_1_165' title='bbox 159 1568 367 1610; x_wconf 92' lang='lat' dir='ltr'>divinum</span> <span class='ocrx_word' id='word_1_166' title='bbox 398 1570 569 1611; x_wconf 89' lang='lat' dir='ltr'>cultum</span> <span class='ocrx_word' id='word_1_167' title='bbox 603 1569 915 1611; x_wconf 90' lang='lat' dir='ltr'>diminuentes</span> <span class='ocrx_word' id='word_1_168' title='bbox 949 1573 1054 1612; x_wconf 88' lang='lat' dir='ltr'>sunt</span> <span class='ocrx_word' id='word_1_169' title='bbox 1087 1570 1360 1611; x_wconf 86' lang='lat' dir='ltr'>atrocissimi</span> <span class='ocrx_word' id='word_1_170' title='bbox 1394 1570 1550 1611; x_wconf 78' lang='lat' dir='ltr'>divine</span> <span class='ocrx_word' id='word_1_171' title='bbox 1583 1569 1731 1623; x_wconf 87' lang='lat' dir='ltr'>glorie</span> <span class='ocrx_word' id='word_1_172' title='bbox 1763 1569 1930 1623; x_wconf 89' lang='lat' dir='ltr'>spolia-</span> 
     </span>
     <span class='ocr_line' id='line_1_21' title="bbox 160 1639 1930 1693; baseline 0 -12"><span class='ocrx_word' id='word_1_173' title='bbox 160 1641 298 1692; x_wconf 88' lang='lat' dir='ltr'>tores,</span> <span class='ocrx_word' id='word_1_174' title='bbox 328 1639 497 1692; x_wconf 91' lang='lat' dir='ltr'>quibus</span> <span class='ocrx_word' id='word_1_175' title='bbox 526 1643 762 1693; x_wconf 88' lang='lat' dir='ltr'>peccatum</span> <span class='ocrx_word' id='word_1_176' title='bbox 793 1653 884 1682; x_wconf 92' lang='lat' dir='ltr'>non</span> <span class='ocrx_word' id='word_1_177' title='bbox 916 1640 1171 1693; x_wconf 90' lang='lat' dir='ltr'>dimittitur,</span> <span class='ocrx_word' id='word_1_178' title='bbox 1202 1641 1291 1682; x_wconf 88' lang='lat' dir='ltr'>nisi</span> <span class='ocrx_word' id='word_1_179' title='bbox 1325 1641 1528 1682; x_wconf 90' lang='lat' dir='ltr'>ablatum</span> <span class='ocrx_word' id='word_1_180' title='bbox 1559 1640 1841 1682; x_wconf 87' lang='lat' dir='ltr'>restituatur.</span> <span class='ocrx_word' id='word_1_181' title='bbox 1884 1640 1930 1683; x_wconf 88' lang='lat' dir='ltr'>Si</span> 
     </span>
     <span class='ocr_line' id='line_1_22' title="bbox 158 1710 1930 1764; baseline 0.001 -13"><span class='ocrx_word' id='word_1_182' title='bbox 158 1722 270 1764; x_wconf 88' lang='lat' dir='ltr'>ergo</span> <span class='ocrx_word' id='word_1_183' title='bbox 297 1710 561 1753; x_wconf 90' lang='lat' dir='ltr'>huiusmodi</span> <span class='ocrx_word' id='word_1_184' title='bbox 592 1711 773 1753; x_wconf 88' lang='lat' dir='ltr'>debitas</span> <span class='ocrx_word' id='word_1_185' title='bbox 801 1712 964 1753; x_wconf 91' lang='lat' dir='ltr'>nolunt</span> <span class='ocrx_word' id='word_1_186' title='bbox 992 1711 1149 1753; x_wconf 86' lang='lat' dir='ltr'>facere</span> <span class='ocrx_word' id='word_1_187' title='bbox 1179 1711 1417 1760; x_wconf 88' lang='lat' dir='ltr'>emendas,</span> <span class='ocrx_word' id='word_1_188' title='bbox 1447 1711 1675 1753; x_wconf 90' lang='lat' dir='ltr'>dimittant</span> <span class='ocrx_word' id='word_1_189' title='bbox 1702 1723 1930 1753; x_wconf 86' lang='lat' dir='ltr'>commen-</span> 
     </span>
     <span class='ocr_line' id='line_1_23' title="bbox 160 1780 1930 1835; baseline 0 -12"><span class='ocrx_word' id='word_1_190' title='bbox 160 1780 256 1823; x_wconf 89' lang='lat' dir='ltr'>das.</span> <span class='ocrx_word' id='word_1_191' title='bbox 301 1781 340 1823; x_wconf 88' lang='lat' dir='ltr'><strong>A</strong></span> <span class='ocrx_word' id='word_1_192' title='bbox 374 1782 542 1834; x_wconf 92' lang='lat' dir='ltr'>quibus</span> <span class='ocrx_word' id='word_1_193' title='bbox 576 1783 853 1835; x_wconf 88' lang='lat' dir='ltr'>plerumque</span> <span class='ocrx_word' id='word_1_194' title='bbox 887 1782 1207 1824; x_wconf 79' lang='lat' dir='ltr'>officiantibus</span> <span class='ocrx_word' id='word_1_195' title='bbox 1241 1782 1353 1823; x_wconf 87' lang='lat' dir='ltr'>cleri</span> <span class='ocrx_word' id='word_1_196' title='bbox 1387 1787 1431 1825; x_wconf 88' lang='lat' dir='ltr'>et</span> <span class='ocrx_word' id='word_1_197' title='bbox 1464 1782 1712 1835; x_wconf 91' lang='lat' dir='ltr'>presertim</span> <span class='ocrx_word' id='word_1_198' title='bbox 1746 1783 1930 1835; x_wconf 90' lang='lat' dir='ltr'>religio-</span> 
     </span>
     <span class='ocr_line' id='line_1_24' title="bbox 159 1852 1929 1906; baseline 0 -13"><span class='ocrx_word' id='word_1_199' title='bbox 159 1865 313 1893; x_wconf 89' lang='lat' dir='ltr'>sorum</span> <span class='ocrx_word' id='word_1_200' title='bbox 347 1853 404 1894; x_wconf 84' lang='lat' dir='ltr'>de</span> <span class='ocrx_word' id='word_1_201' title='bbox 439 1853 735 1895; x_wconf 92' lang='lat' dir='ltr'>monasteriis</span> <span class='ocrx_word' id='word_1_202' title='bbox 768 1852 821 1894; x_wconf 84' lang='lat' dir='ltr'>fit</span> <span class='ocrx_word' id='word_1_203' title='bbox 855 1853 1084 1906; x_wconf 84' lang='lat' dir='ltr'>expulsio,</span> <span class='ocrx_word' id='word_1_204' title='bbox 1118 1857 1166 1894; x_wconf 92' lang='lat' dir='ltr'>ut</span> <span class='ocrx_word' id='word_1_205' title='bbox 1199 1853 1414 1906; x_wconf 86' lang='lat' dir='ltr'>pinguior</span> <span class='ocrx_word' id='word_1_206' title='bbox 1448 1856 1669 1906; x_wconf 89' lang='lat' dir='ltr'>sequatur</span> <span class='ocrx_word' id='word_1_207' title='bbox 1702 1866 1929 1895; x_wconf 89' lang='lat' dir='ltr'>commen-</span> 
     </span>
     <span class='ocr_line' id='line_1_25' title="bbox 161 1923 1930 1977; baseline 0.001 -13"><span class='ocrx_word' id='word_1_208' title='bbox 161 1923 322 1964; x_wconf 91' lang='lat' dir='ltr'>darum</span> <span class='ocrx_word' id='word_1_209' title='bbox 376 1923 655 1966; x_wconf 90' lang='lat' dir='ltr'>imbursacio</span> <span class='ocrx_word' id='word_1_210' title='bbox 706 1924 1026 1976; x_wconf 87' lang='lat' dir='ltr'>spoliaturque</span> <span class='ocrx_word' id='word_1_211' title='bbox 1080 1924 1206 1966; x_wconf 90' lang='lat' dir='ltr'>Deus</span> <span class='ocrx_word' id='word_1_212' title='bbox 1257 1928 1391 1977; x_wconf 91' lang='lat' dir='ltr'>pater</span> <span class='ocrx_word' id='word_1_213' title='bbox 1441 1927 1486 1965; x_wconf 91' lang='lat' dir='ltr'>et</span> <span class='ocrx_word' id='word_1_214' title='bbox 1537 1927 1683 1966; x_wconf 89' lang='lat' dir='ltr'>mater</span> <span class='ocrx_word' id='word_1_215' title='bbox 1734 1923 1930 1966; x_wconf 85' lang='lat' dir='ltr'>ecclesia</span> 
     </span>
     <span class='ocr_line' id='line_1_26' title="bbox 159 1994 1928 2047; baseline 0 -12"><span class='ocrx_word' id='word_1_216' title='bbox 159 1997 351 2047; x_wconf 88' lang='lat' dir='ltr'>propter</span> <span class='ocrx_word' id='word_1_217' title='bbox 375 1994 641 2036; x_wconf 90' lang='lat' dir='ltr'>absenciam</span> <span class='ocrx_word' id='word_1_218' title='bbox 666 1994 1053 2037; x_wconf 89' lang='lat' dir='ltr'>commendatoris</span> <span class='ocrx_word' id='word_1_219' title='bbox 1078 1995 1213 2036; x_wconf 91' lang='lat' dir='ltr'>solito</span> <span class='ocrx_word' id='word_1_220' title='bbox 1238 1995 1398 2036; x_wconf 88' lang='lat' dir='ltr'>officio</span> <span class='ocrx_word' id='word_1_221' title='bbox 1422 1998 1466 2036; x_wconf 91' lang='lat' dir='ltr'>et</span> <span class='ocrx_word' id='word_1_222' title='bbox 1491 1995 1727 2036; x_wconf 84' lang='lat' dir='ltr'>derivatur</span> <span class='ocrx_word' id='word_1_223' title='bbox 1754 1995 1799 2035; x_wconf 91' lang='lat' dir='ltr'>in</span> <span class='ocrx_word' id='word_1_224' title='bbox 1824 2007 1928 2035; x_wconf 91' lang='lat' dir='ltr'>eum</span> 
     </span>
     <span class='ocr_line' id='line_1_27' title="bbox 160 2064 1930 2118; baseline 0 -13"><span class='ocrx_word' id='word_1_225' title='bbox 160 2064 428 2107; x_wconf 89' lang='lat' dir='ltr'>malediccio</span> <span class='ocrx_word' id='word_1_226' title='bbox 460 2065 686 2118; x_wconf 88' lang='lat' dir='ltr'>scriptura</span> <span class='ocrx_word' id='word_1_227' title='bbox 719 2065 918 2107; x_wconf 89' lang='lat' dir='ltr'>dicente:</span> <span class='ocrx_word' id='word_1_228' title='bbox 964 2066 1048 2117; x_wconf 83' lang='lat' dir='ltr'>Qui</span> <span class='ocrx_word' id='word_1_229' title='bbox 1083 2066 1311 2107; x_wconf 90' lang='lat' dir='ltr'>subtrahit</span> <span class='ocrx_word' id='word_1_230' title='bbox 1342 2065 1519 2118; x_wconf 89' lang='lat' dir='ltr'>aliquid</span> <span class='ocrx_word' id='word_1_231' title='bbox 1552 2078 1576 2107; x_wconf 90' lang='lat' dir='ltr'>a</span> <span class='ocrx_word' id='word_1_232' title='bbox 1608 2069 1739 2118; x_wconf 89' lang='lat' dir='ltr'>patre</span> <span class='ocrx_word' id='word_1_233' title='bbox 1773 2079 1854 2107; x_wconf 92' lang='lat' dir='ltr'>suo</span> <span class='ocrx_word' id='word_1_234' title='bbox 1886 2068 1930 2106; x_wconf 86' lang='lat' dir='ltr'>et</span> 
     </span>
     <span class='ocr_line' id='line_1_28' title="bbox 160 2135 1929 2189; baseline -0.001 -12"><span class='ocrx_word' id='word_1_235' title='bbox 160 2139 305 2177; x_wconf 91' lang='lat' dir='ltr'>matre</span> <span class='ocrx_word' id='word_1_236' title='bbox 351 2139 396 2178; x_wconf 92' lang='lat' dir='ltr'>et</span> <span class='ocrx_word' id='word_1_237' title='bbox 441 2136 547 2178; x_wconf 90' lang='lat' dir='ltr'>dicit</span> <span class='ocrx_word' id='word_1_238' title='bbox 592 2136 676 2178; x_wconf 91' lang='lat' dir='ltr'>hoc</span> <span class='ocrx_word' id='word_1_239' title='bbox 721 2149 811 2177; x_wconf 91' lang='lat' dir='ltr'>non</span> <span class='ocrx_word' id='word_1_240' title='bbox 859 2148 964 2178; x_wconf 92' lang='lat' dir='ltr'>esse</span> <span class='ocrx_word' id='word_1_241' title='bbox 1009 2139 1260 2189; x_wconf 88' lang='lat' dir='ltr'>peccatum,</span> <span class='ocrx_word' id='word_1_242' title='bbox 1306 2137 1540 2189; x_wconf 89' lang='lat' dir='ltr'>particeps</span> <span class='ocrx_word' id='word_1_243' title='bbox 1587 2135 1815 2177; x_wconf 84' lang='lat' dir='ltr'>homicide</span> <span class='ocrx_word' id='word_1_244' title='bbox 1860 2138 1929 2176; x_wconf 86' lang='lat' dir='ltr'>est</span> 
     </span>
     <span class='ocr_line' id='line_1_29' title="bbox 163 2206 542 2260; baseline 0.008 -14"><span class='ocrx_word' id='word_1_245' title='bbox 163 2206 318 2258; x_wconf 86' lang='lat' dir='ltr'>(Prov.</span> <span class='ocrx_word' id='word_1_246' title='bbox 341 2206 417 2260; x_wconf 83' lang='lat'>28)</span> <span class='ocrx_word' id='word_1_247' title='bbox 446 2244 453 2250; x_wconf 93' lang='lat'>.</span> <span class='ocrx_word' id='word_1_248' title='bbox 490 2241 498 2249; x_wconf 93' lang='lat'>.</span> <span class='ocrx_word' id='word_1_249' title='bbox 535 2241 542 2249; x_wconf 90' lang='lat'>.</span> 
     </span>
    </p>

    <p class='ocr_par' dir='ltr' id='par_1_4' title="bbox 159 2276 1930 3108">
     <span class='ocr_line' id='line_1_30' title="bbox 278 2276 1929 2331; baseline -0.001 -12"><span class='ocrx_word' id='word_1_250' title='bbox 278 2277 462 2320; x_wconf 91' lang='lat' dir='ltr'>Utinam</span> <span class='ocrx_word' id='word_1_251' title='bbox 495 2290 631 2319; x_wconf 88' lang='lat' dir='ltr'>cause</span> <span class='ocrx_word' id='word_1_252' title='bbox 665 2277 868 2320; x_wconf 88' lang='lat' dir='ltr'>minores</span> <span class='ocrx_word' id='word_1_253' title='bbox 901 2278 1192 2320; x_wconf 90' lang='lat' dir='ltr'>remittantur</span> <span class='ocrx_word' id='word_1_254' title='bbox 1224 2278 1281 2320; x_wconf 92' lang='lat' dir='ltr'>ad</span> <span class='ocrx_word' id='word_1_255' title='bbox 1313 2281 1484 2331; x_wconf 90' lang='lat' dir='ltr'>patres,</span> <span class='ocrx_word' id='word_1_256' title='bbox 1517 2278 1691 2320; x_wconf 90' lang='lat' dir='ltr'>scilicet</span> <span class='ocrx_word' id='word_1_257' title='bbox 1722 2277 1780 2319; x_wconf 91' lang='lat' dir='ltr'>ad</span> <span class='ocrx_word' id='word_1_258' title='bbox 1811 2276 1929 2318; x_wconf 87' lang='lat' dir='ltr'>ordi-</span> 
     </span>
     <span class='ocr_line' id='line_1_31' title="bbox 160 2348 1926 2402; baseline 0.001 -13"><span class='ocrx_word' id='word_1_259' title='bbox 160 2348 317 2391; x_wconf 85' lang='lat' dir='ltr'>narios</span> <span class='ocrx_word' id='word_1_260' title='bbox 353 2352 682 2401; x_wconf 87' lang='lat' dir='ltr'>cognoscentes</span> <span class='ocrx_word' id='word_1_261' title='bbox 720 2350 808 2401; x_wconf 83' lang='lat' dir='ltr'>vel,</span> <span class='ocrx_word' id='word_1_262' title='bbox 844 2350 920 2402; x_wconf 86' lang='lat' dir='ltr'>qui</span> <span class='ocrx_word' id='word_1_263' title='bbox 960 2361 1239 2402; x_wconf 87' lang='lat' dir='ltr'>cognoscere</span> <span class='ocrx_word' id='word_1_264' title='bbox 1276 2349 1407 2390; x_wconf 89' lang='lat' dir='ltr'>citius</span> <span class='ocrx_word' id='word_1_265' title='bbox 1444 2353 1638 2402; x_wconf 90' lang='lat' dir='ltr'>possunt</span> <span class='ocrx_word' id='word_1_266' title='bbox 1675 2348 1926 2391; x_wconf 85' lang='lat' dir='ltr'>secundum</span> 
     </span>
     <span class='ocr_line' id='line_1_32' title="bbox 160 2418 1926 2472; baseline -0.001 -12"><span class='ocrx_word' id='word_1_267' title='bbox 160 2419 444 2462; x_wconf 88' lang='lat' dir='ltr'>sentenciam</span> <span class='ocrx_word' id='word_1_268' title='bbox 473 2420 596 2461; x_wconf 93' lang='lat' dir='ltr'>beati</span> <span class='ocrx_word' id='word_1_269' title='bbox 626 2419 901 2472; x_wconf 80' lang='lat' dir='ltr'>Bernhardi,</span> <span class='ocrx_word' id='word_1_270' title='bbox 931 2420 1037 2472; x_wconf 90' lang='lat' dir='ltr'>quia</span> <span class='ocrx_word' id='word_1_271' title='bbox 1067 2432 1151 2472; x_wconf 93' lang='lat' dir='ltr'>per</span> <span class='ocrx_word' id='word_1_272' title='bbox 1180 2419 1443 2461; x_wconf 89' lang='lat' dir='ltr'>huiusmodi</span> <span class='ocrx_word' id='word_1_273' title='bbox 1476 2419 1825 2472; x_wconf 90' lang='lat' dir='ltr'>appellaciones</span> <span class='ocrx_word' id='word_1_274' title='bbox 1854 2418 1926 2459; x_wconf 85' lang='lat' dir='ltr'>vel</span> 
     </span>
     <span class='ocr_line' id='line_1_33' title="bbox 160 2489 1930 2542; baseline 0.001 -11"><span class='ocrx_word' id='word_1_275' title='bbox 160 2490 462 2542; x_wconf 88' lang='lat' dir='ltr'>profanorum</span> <span class='ocrx_word' id='word_1_276' title='bbox 500 2490 729 2532; x_wconf 88' lang='lat' dir='ltr'>iniusticia</span> <span class='ocrx_word' id='word_1_277' title='bbox 764 2490 1033 2532; x_wconf 88' lang='lat' dir='ltr'>defenditur</span> <span class='ocrx_word' id='word_1_278' title='bbox 1069 2494 1145 2532; x_wconf 91' lang='lat' dir='ltr'>aut</span> <span class='ocrx_word' id='word_1_279' title='bbox 1179 2491 1398 2532; x_wconf 89' lang='lat' dir='ltr'>execucio</span> <span class='ocrx_word' id='word_1_280' title='bbox 1433 2490 1611 2531; x_wconf 90' lang='lat' dir='ltr'>iusticie</span> <span class='ocrx_word' id='word_1_281' title='bbox 1647 2491 1719 2531; x_wconf 91' lang='lat' dir='ltr'>vel</span> <span class='ocrx_word' id='word_1_282' title='bbox 1757 2489 1930 2541; x_wconf 84' lang='lat' dir='ltr'>simpli-</span> 
     </span>
     <span class='ocr_line' id='line_1_34' title="bbox 161 2560 1929 2614; baseline -0.001 -13"><span class='ocrx_word' id='word_1_283' title='bbox 161 2561 274 2602; x_wconf 88' lang='lat' dir='ltr'>citer</span> <span class='ocrx_word' id='word_1_284' title='bbox 319 2561 569 2614; x_wconf 90' lang='lat' dir='ltr'>impeditur</span> <span class='ocrx_word' id='word_1_285' title='bbox 613 2565 689 2603; x_wconf 82' lang='lat' dir='ltr'>aut</span> <span class='ocrx_word' id='word_1_286' title='bbox 732 2574 816 2614; x_wconf 92' lang='lat' dir='ltr'>per</span> <span class='ocrx_word' id='word_1_287' title='bbox 861 2560 1151 2614; x_wconf 85' lang='lat' dir='ltr'>subterfugia</span> <span class='ocrx_word' id='word_1_288' title='bbox 1197 2562 1454 2614; x_wconf 87' lang='lat' dir='ltr'>protelatur</span> <span class='ocrx_word' id='word_1_289' title='bbox 1497 2564 1543 2602; x_wconf 93' lang='lat' dir='ltr'>et</span> <span class='ocrx_word' id='word_1_290' title='bbox 1589 2560 1650 2602; x_wconf 89' lang='lat' dir='ltr'>sic</span> <span class='ocrx_word' id='word_1_291' title='bbox 1696 2572 1929 2613; x_wconf 85' lang='lat' dir='ltr'>pauperes</span> 
     </span>
     <span class='ocr_line' id='line_1_35' title="bbox 159 2630 1927 2684; baseline -0.001 -12"><span class='ocrx_word' id='word_1_292' title='bbox 159 2631 369 2684; x_wconf 89' lang='lat' dir='ltr'>pecuniis</span> <span class='ocrx_word' id='word_1_293' title='bbox 396 2632 753 2674; x_wconf 81' lang='lat' dir='ltr'>succumbuntur</span> <span class='ocrx_word' id='word_1_294' title='bbox 779 2635 1024 2673; x_wconf 90' lang='lat' dir='ltr'>corruente</span> <span class='ocrx_word' id='word_1_295' title='bbox 1050 2632 1244 2674; x_wconf 89' lang='lat' dir='ltr'>veritate</span> <span class='ocrx_word' id='word_1_296' title='bbox 1272 2632 1317 2672; x_wconf 91' lang='lat' dir='ltr'>in</span> <span class='ocrx_word' id='word_1_297' title='bbox 1343 2631 1524 2684; x_wconf 88' lang='lat' dir='ltr'>plateis.</span> <span class='ocrx_word' id='word_1_298' title='bbox 1564 2631 1617 2672; x_wconf 86' lang='lat' dir='ltr'>Et</span> <span class='ocrx_word' id='word_1_299' title='bbox 1642 2631 1760 2672; x_wconf 89' lang='lat' dir='ltr'>dicat</span> <span class='ocrx_word' id='word_1_300' title='bbox 1787 2630 1927 2671; x_wconf 87' lang='lat' dir='ltr'>effec-</span> 
     </span>
     <span class='ocr_line' id='line_1_36' title="bbox 161 2700 1929 2755; baseline -0.002 -11"><span class='ocrx_word' id='word_1_301' title='bbox 161 2702 349 2744; x_wconf 90' lang='lat' dir='ltr'>tualiter</span> <span class='ocrx_word' id='word_1_302' title='bbox 385 2715 592 2745; x_wconf 89' lang='lat' dir='ltr'>summus</span> <span class='ocrx_word' id='word_1_303' title='bbox 629 2702 838 2755; x_wconf 88' lang='lat' dir='ltr'>pontifex</span> <span class='ocrx_word' id='word_1_304' title='bbox 877 2702 1061 2744; x_wconf 88' lang='lat' dir='ltr'>futurus</span> <span class='ocrx_word' id='word_1_305' title='bbox 1098 2702 1445 2755; x_wconf 89' lang='lat' dir='ltr'>appellantibus</span> <span class='ocrx_word' id='word_1_306' title='bbox 1483 2715 1507 2744; x_wconf 88' lang='lat' dir='ltr'>a</span> <span class='ocrx_word' id='word_1_307' title='bbox 1545 2702 1641 2743; x_wconf 85' lang='lat' dir='ltr'>suis</span> <span class='ocrx_word' id='word_1_308' title='bbox 1679 2700 1929 2742; x_wconf 81' lang='lat' dir='ltr'>ordinariis</span> 
     </span>
     <span class='ocr_line' id='line_1_37' title="bbox 164 2770 1925 2826; baseline -0.002 -11"><span class='ocrx_word' id='word_1_309' title='bbox 164 2773 224 2825; x_wconf 92' lang='lat' dir='ltr'>id,</span> <span class='ocrx_word' id='word_1_310' title='bbox 243 2773 367 2825; x_wconf 88' lang='lat' dir='ltr'>quod</span> <span class='ocrx_word' id='word_1_311' title='bbox 389 2773 504 2815; x_wconf 83' lang='lat' dir='ltr'>dixit</span> <span class='ocrx_word' id='word_1_312' title='bbox 525 2774 719 2826; x_wconf 88' lang='lat' dir='ltr'>angelus</span> <span class='ocrx_word' id='word_1_313' title='bbox 741 2774 864 2826; x_wconf 87' lang='lat' dir='ltr'>Agar</span> <span class='ocrx_word' id='word_1_314' title='bbox 887 2774 1056 2815; x_wconf 91' lang='lat' dir='ltr'>ancille</span> <span class='ocrx_word' id='word_1_315' title='bbox 1078 2773 1273 2826; x_wconf 92' lang='lat' dir='ltr'>fugienti</span> <span class='ocrx_word' id='word_1_316' title='bbox 1295 2786 1320 2814; x_wconf 91' lang='lat' dir='ltr'>a</span> <span class='ocrx_word' id='word_1_317' title='bbox 1342 2773 1460 2814; x_wconf 88' lang='lat' dir='ltr'>facie</span> <span class='ocrx_word' id='word_1_318' title='bbox 1483 2772 1667 2813; x_wconf 91' lang='lat' dir='ltr'>domine</span> <span class='ocrx_word' id='word_1_319' title='bbox 1691 2784 1772 2813; x_wconf 91' lang='lat' dir='ltr'>sue</span> <span class='ocrx_word' id='word_1_320' title='bbox 1795 2770 1925 2812; x_wconf 84' lang='lat' dir='ltr'>Sare:</span> 
     </span>
     <span class='ocr_line' id='line_1_38' title="bbox 163 2842 1929 2896; baseline -0.002 -12"><span class='ocrx_word' id='word_1_321' title='bbox 163 2843 432 2895; x_wconf 86' lang='lat' dir='ltr'>Revertere,</span> <span class='ocrx_word' id='word_1_322' title='bbox 469 2844 629 2896; x_wconf 88' lang='lat' dir='ltr'>inquit,</span> <span class='ocrx_word' id='word_1_323' title='bbox 665 2844 721 2885; x_wconf 91' lang='lat' dir='ltr'>ad</span> <span class='ocrx_word' id='word_1_324' title='bbox 757 2843 989 2885; x_wconf 87' lang='lat' dir='ltr'>dominam</span> <span class='ocrx_word' id='word_1_325' title='bbox 1026 2847 1108 2885; x_wconf 88' lang='lat' dir='ltr'>etc.</span> <span class='ocrx_word' id='word_1_326' title='bbox 1149 2843 1341 2896; x_wconf 89' lang='lat' dir='ltr'>(Genes.</span> <span class='ocrx_word' id='word_1_327' title='bbox 1380 2843 1471 2895; x_wconf 90' lang='lat'>16).</span> <span class='ocrx_word' id='word_1_328' title='bbox 1518 2843 1612 2883; x_wconf 86' lang='lat' dir='ltr'>Hoc</span> <span class='ocrx_word' id='word_1_329' title='bbox 1649 2842 1773 2882; x_wconf 89' lang='lat' dir='ltr'>enim</span> <span class='ocrx_word' id='word_1_330' title='bbox 1810 2842 1929 2882; x_wconf 86' lang='lat' dir='ltr'>facto</span> 
     </span>
     <span class='ocr_line' id='line_1_39' title="bbox 162 2911 1929 2967; baseline -0.002 -13"><span class='ocrx_word' id='word_1_331' title='bbox 162 2917 367 2956; x_wconf 84' lang='lat' dir='ltr'>cessaret</span> <span class='ocrx_word' id='word_1_332' title='bbox 400 2914 773 2967; x_wconf 88' lang='lat' dir='ltr'>appellacionum</span> <span class='ocrx_word' id='word_1_333' title='bbox 809 2914 1038 2955; x_wconf 91' lang='lat' dir='ltr'>inutilium</span> <span class='ocrx_word' id='word_1_334' title='bbox 1072 2914 1364 2955; x_wconf 88' lang='lat' dir='ltr'>cataclismus</span> <span class='ocrx_word' id='word_1_335' title='bbox 1397 2917 1440 2954; x_wconf 89' lang='lat' dir='ltr'>et</span> <span class='ocrx_word' id='word_1_336' title='bbox 1474 2925 1637 2965; x_wconf 88' lang='lat' dir='ltr'>magna</span> <span class='ocrx_word' id='word_1_337' title='bbox 1673 2911 1929 2963; x_wconf 87' lang='lat' dir='ltr'>tranquilli-</span> 
     </span>
     <span class='ocr_line' id='line_1_40' title="bbox 162 2983 1926 3036; baseline -0.002 -11"><span class='ocrx_word' id='word_1_338' title='bbox 162 2987 233 3027; x_wconf 89' lang='lat' dir='ltr'>tas</span> <span class='ocrx_word' id='word_1_339' title='bbox 265 2983 542 3026; x_wconf 80' lang='lat' dir='ltr'>redderetur</span> <span class='ocrx_word' id='word_1_340' title='bbox 575 2984 770 3026; x_wconf 89' lang='lat' dir='ltr'>ecclesie</span> <span class='ocrx_word' id='word_1_341' title='bbox 806 3018 813 3025; x_wconf 94' lang='lat'>.</span> <span class='ocrx_word' id='word_1_342' title='bbox 850 3018 857 3025; x_wconf 98' lang='lat'>.</span> <span class='ocrx_word' id='word_1_343' title='bbox 894 3018 901 3026; x_wconf 92' lang='lat'>.</span> <span class='ocrx_word' id='word_1_344' title='bbox 937 2984 1004 3026; x_wconf 89' lang='lat' dir='ltr'>He</span> <span class='ocrx_word' id='word_1_345' title='bbox 1039 2987 1216 3036; x_wconf 88' lang='lat' dir='ltr'>septem</span> <span class='ocrx_word' id='word_1_346' title='bbox 1249 2983 1349 3024; x_wconf 78' lang='lat' dir='ltr'>filie</span> <span class='ocrx_word' id='word_1_347' title='bbox 1384 2983 1579 3024; x_wconf 90' lang='lat' dir='ltr'>simonie</span> <span class='ocrx_word' id='word_1_348' title='bbox 1613 2985 1717 3024; x_wconf 87' lang='lat' dir='ltr'>sunt</span> <span class='ocrx_word' id='word_1_349' title='bbox 1751 2984 1926 3034; x_wconf 85' lang='lat' dir='ltr'>septem</span> 
     </span>
     <span class='ocr_line' id='line_1_41' title="bbox 164 3051 1927 3108; baseline -0.002 -13"><span class='ocrx_word' id='word_1_350' title='bbox 164 3054 289 3108; x_wconf 88' lang='lat' dir='ltr'>spice</span> <span class='ocrx_word' id='word_1_351' title='bbox 317 3054 543 3097; x_wconf 89' lang='lat' dir='ltr'>ubertatis</span> <span class='ocrx_word' id='word_1_352' title='bbox 571 3055 768 3096; x_wconf 87' lang='lat' dir='ltr'>ecclesie</span> <span class='ocrx_word' id='word_1_353' title='bbox 801 3054 937 3108; x_wconf 90' lang='lat' dir='ltr'>(Gen.</span> <span class='ocrx_word' id='word_1_354' title='bbox 966 3055 1059 3108; x_wconf 84' lang='lat'>51).</span> <span class='ocrx_word' id='word_1_355' title='bbox 1101 3055 1303 3105; x_wconf 83' lang='lat' dir='ltr'>Quarum</span> <span class='ocrx_word' id='word_1_356' title='bbox 1332 3053 1588 3095; x_wconf 85' lang='lat' dir='ltr'>destruccio</span> <span class='ocrx_word' id='word_1_357' title='bbox 1616 3053 1704 3094; x_wconf 86' lang='lat' dir='ltr'>erit</span> <span class='ocrx_word' id='word_1_358' title='bbox 1732 3051 1927 3093; x_wconf 80' lang='lat' dir='ltr'>ecclesie</span> 
     </span>
    </p>
   </div>
  </div>
 </body>
</html>
