2227 3434
782 89 826 125 A.
865 88 1198 124 Reformtraktate.
1790 89 1872 131 591

106 210 153 251 in
188 209 396 263 Francia,
432 209 555 262 quod
590 207 843 250 absurdum
879 211 962 261 est,
998 219 1155 249 amore
1192 208 1406 260 sciencie,
1442 206 1700 260 probitatis,
1735 207 1875 248 hone-

107 280 251 332 statis,
282 279 573 332 maturitatis,
607 278 860 321 sanctitatis
891 291 976 320 nec
1008 278 1230 330 veritatiS,
1263 282 1332 320 set
1359 278 1549 330 ‘penitus
1581 290 1605 319 e
1636 290 1874 319 converso.

223 350 386 392 Utrum
427 351 485 392 sit
524 349 879 410 providendum,
921 349 1044 401 quod
1083 361 1176 390 non
1216 349 1581 401 multiplicentur
1622 349 1875 401 religiones

106 421 368 474 mulierum,
395 432 592 473 ymoque
621 420 778 472 multe,
806 432 894 472 que
923 423 1042 472 sunt,
1070 419 1129 461 ad
1156 420 1343 472 regulas
1371 420 1666 471 antiquorum
1694 422 1875 471 patruni

106 491 401 544 reducantur,
428 491 628 532 maxime
655 490 938 532 inclusarum
965 493 1156 542 propter
1183 491 1442 542 periculum
1469 490 1741 543 animarum,
1769 502 1876 542 quo-

107 564 231 605 niam
255 563 302 604 in
325 563 541 615 pluribus
564 561 677 603 locis
700 561 868 602 melius
890 564 937 602 et
960 561 1137 607 sacrius
1161 563 1337 602 starent
1360 573 1460 601 cum
1486 560 1612 612 viri-s,
1636 573 1773 613 quam
1797 560 1875 612 sic,

107 635 179 675 vel
205 633 370 676 saltem
394 633 451 674 de
477 632 591 685 ipsis
616 631 939 685 preiudicium,
963 635 1012 672 ut
1036 631 1205 672 dictum
1227 624 1312 683 est,
1337 631 1664 673 ecclesiasticis
1688 631 1875 683 yronicc

107 704 354 757 loquendo,
377 704 524 745 eciam
546 715 646 744 cum
668 703 963 744 correccione
985 705 1030 744 et
1054 701 1411 754 supportacione
1435 702 1640 742 omnium
1664 695 1876 753 aliorum,

106 775 216 828 quin
243 774 353 817 talia
378 774 661 816 monasteria
688 773 956 814 fund-antur.

224 846 386 888 Utrum
416 845 472 887 sit
499 856 766 897 congruum,
794 856 896 884 cum
924 856 1016 884 non
1044 844 1136 886 sint
1163 843 1252 884 nisi
1281 846 1477 896 quatuor
1506 842 1763 896 evangelia,
1793 843 1876 884 hoc

106 919 175 958 cst
207 919 405 969 quatuor
435 915 737 968 evangeliste,
769 914 892 967 quod
924 918 1043 966 sunt,
1074 914 1211 966 plura
1243 926 1380 966 quam
1411 917 1607 966 quatuor
1639 913 1797 955 officia
1830 914 1875 953 in

105 987 318 1039 ecclesia,
348 986 456 1039 quia
485 987 569 1028 hoc
599 990 668 1028 est
700 986 745 1026 in
777 985 1010 1026 discordia
1040 989 1085 1027 et
1115 984 1435 1026 discordancia
1467 996 1646 1037 magna,
1676 984 1876 1026 maxime

109 1058 154 1099 in
179 1057 603 1110 sollempnitatibus
626 1056 819 1109 magnis,
845 1056 1064 1108 quoniam
1089 1067 1182 1097 non
1207 1056 1488 1096 conveniunt
1512 1055 1558 1095 in
1583 1055 1877 1096 oracionibus

108 1128 412 1170 communiter
440 1140 527 1181 >per
559 1127 720 1168 orbem
752 1139 837 1168 nec
869 1127 916 1167 in
947 1127 1192 1179 evangelio
1222 1138 1308 1167 nec
1341 1126 1387 1166 in
1419 1126 1617 1178 epistola
1649 1129 1694 1167 et
1724 1128 1878 1167 tamen

108 1199 394 1252 principales
418 1198 538 1240 inter
562 1211 611 1240 se
636 1198 933 1239 conveniunt:
975 1201 1021 1240 ut
1044 1210 1165 1250 papa
1186 1209 1288 1238 cum
1314 1196 1510 1249 collegio
1533 1199 1577 1238 et
1601 1209 1776 1248 omnes,
1801 1197 1879 1248 qui

109 1273 328 1312 secuntur
366 1269 620 1311 Romanam
660 1269 850 1321 curiam,
889 1267 1099 1309 officium
1139 1268 1395 1309 Romanum
1436 1267 1623 1320 faciunt,
1665 1267 1880 1308 similiter

110 1341 496 1394 Augustinenses,
545 1339 747 1382 Minores
789 1342 834 1381 et
878 1338 1106 1380 moniales
1151 1338 1298 1391 ipsius
1342 1338 1534 1390 ordinis,
1578 1337 1693 1379 ordo
1735 1338 1879 1379 sancti

107 1410 344 1464 Anthonii,
376 1411 490 1452 ordo
521 1414 676 1452 sancte
711 1410 857 1452 Marie
890 1409 946 1451 de
981 1409 1237 1450 Fenolheto
1269 1412 1313 1450 et
1344 1408 1445 1450 fere
1478 1411 1570 1450 tota
1603 1408 1770 1460 YtaIIa,
1802 1407 1879 1460 qui

111 1483 156 1523 in
185 1494 328 1523 unum
355 1481 648 1533 concordant,
678 1480 756 1522 alii
787 1484 939 1522 autem
968 1493 1061 1521 non
1090 1482 1309 1522 secuntur
1338 1479 1583 1521 ecclesiam
1612 1479 1879 1530 Romanam,

109 1565 198 1606 que
225 1552 422 1595 deberet
442 1551 663 1606 preferri.

226 1622 390 1666 Utrum
423 1624 481 1666 sit
512 1622 772 1676 expediens
803 1621 1095 1674 mulieribus,
1127 1624 1371 1674 postquam
1404 1620 1461 1662 de
1495 1620 1764 1663 condicione
1798 1632 1880 1661 sua

110 1697 217 1736 sunt
245 1694 451 1736 subiecte
479 1693 608 1746 viris,
639 1693 761 1746 quod
793 1693 892 1746 ipse
925 1693 1009 1735 sub
1039 1695 1164 1734 certa
1193 1695 1314 1734 etate
1345 1695 1391 1733 et
1420 1704 1512 1733 non
1542 1695 1647 1733 ante
1679 1691 1880 1732 habeant

111 1765 373 1807 libertatem
410 1764 469 1807 de
504 1764 723 1816 eligendo
757 1764 921 1816 virum,
958 1763 1157 1805 maxime
1194 1775 1294 1804 cum
1333 1763 1423 1804 sint
1459 1762 1650 1803 minoris
1686 1761 1882 1803 condici-

110 1836 212 1878 onis
240 1848 377 1889 quam
402 1834 629 1887 homines,
657 1835 718 1876 ita
746 1834 870 1886 quod
896 1834 1047 1887 primo
1073 1834 1264 1886 eligunt.

227 1905 391 1948 Utrum
414 1907 472 1948 sit
491 1906 737 1948 honestum
761 1904 1007 1958 religiosis,
1031 1905 1231 1946 maxime
1255 1904 1332 1956 qui
1354 1904 1511 1956 vigore
1535 1915 1695 1945 eorum
1720 1903 1879 1955 regule

110 1976 251 2019 nichil
279 1976 466 2029 habent,
494 1976 677 2029 litigare
702 1976 752 2017 in
779 1976 907 2017 curia
935 1975 1140 2017 Romana
1168 1987 1253 2016 nec
1281 1974 1339 2016 ad
1369 1974 1586 2015 iudicium
1615 1986 1665 2016 se
1694 1974 1881 2015 trahere

111 2047 167 2089 ad
198 2047 408 2101 invicem,
435 2059 537 2088 cum
563 2047 767 2089 habeant
795 2059 903 2089 suos
930 2045 1206 2098 ordinarios,
1236 2058 1262 2087 a
1289 2045 1472 2097 quibus,
1501 2046 1575 2086 vel
1605 2044 1756 2086 saltim
1785 2045 1882 2085 suis

111 2118 327 2171 capitulis
349 2118 715 2172 provincialibus
743 2118 815 2159 vel
842 2116 1144 2169 generalibus
1170 2117 1351 2169 possint
1375 2128 1620 2156 recurrere
1646 2118 1690 2157 et
1717 2115 1774 2157 ad
1801 2115 1881 2156 illa

112 2189 194 2242 ire,
221 2189 305 2231 hoc
332 2188 575 2231 concilium
603 2200 784 2230 sacrum
812 2191 963 2241 potest
993 2187 1160 2241 ipsos³²)
1192 2187 1239 2228 in
1268 2186 1406 2228 simili
1436 2184 1586 2240 casu'‘)
1619 2186 1881 2237 licenciare,

111 2259 234 2312 quod
261 2259 433 2302 vadant
460 2259 518 2302 ad
547 2258 798 2312 petendum
829 2258 1057 2301 iusticiam
1087 2270 1210 2310 casu,
1240 2270 1330 2310 quo
1360 2257 1601 2298 ordinatus
1630 2268 1723 2298 non
1753 2255 1882 2297 mini-

113 2333 280 2372 straret
304 2333 437 2372 extra
462 2329 720 2371 concilium.

228 2400 391 2443 Utrum
440 2400 526 2442 viri
574 2399 875 2441 ecclesiastici
923 2401 1172 2440 teneantur
1218 2398 1374 2440 facere
1424 2398 1721 2451 personalem
1771 2396 1881 2438 resi-

112 2471 323 2513 denciam
348 2471 394 2512 in
417 2470 621 2524 propriis
648 2470 908 2522 beneficiis,
932 2470 1022 2511 nisi
1049 2469 1286 2511 dumtaxat
1309 2469 1385 2521 qui
1414 2468 1639 2510 licenciati
1668 2471 1772 2509 sunt
1797 2479 1882 2520 per

112 2541 349 2584 dominum
382 2554 553 2594 papam
590 2544 637 2583 et
673 2541 879 2594 occupati
916 2541 1001 2582 hoc
1038 2540 1292 2593 supposito,
1332 2539 1453 2592 quod
1493 2540 1880 2580 locumtenentem

111 2612 314 2655 habeant
341 2612 388 2654 in
418 2612 539 2654 dicto
568 2611 802 2653 beneficio
831 2612 902 2653 vel
936 2610 1184 2652 beneficiis
1214 2613 1259 2652 et
1287 2610 1372 2651 hoc
1402 2613 1592 2662 propter
1622 2608 1880 2661 periculum

113 2683 371 2725 animarum
413 2695 603 2725 surarum
643 2682 841 2724 maxime
884 2684 1075 2734 propter
1118 2682 1426 2722 iuramentum
1469 2692 1611 2732 super
1652 2679 1736 2720 hoc
1777 2691 1881 2731 pre—

113 2752 282 2806 stitum,
317 2754 535 2806 quoniam
572 2752 745 2805 dubito,
782 2752 904 2804 quod
942 2752 1083 2793 multe
1119 2751 1273 2793 anime
1310 2751 1374 2792 sic
1410 2750 1488 2791 illa
1525 2752 1768 2802 queantur,
1804 2748 1880 2800 qui

111 2823 391 2865 contrarium
422 2823 598 2865 faciunt
627 2826 671 2864 et
701 2825 855 2864 tamen
887 2822 1081 2874 servire,
1112 2821 1190 2862 ubi
1221 2821 1391 2861 bonum
1424 2819 1666 2872 recipiunt,
1698 2818 1881 2860 videtur

112 2905 216 2936 esse
245 2906 511 2947 congruum.

219 2998 249 3030 a)
275 2998 320 3023 Hs
339 2978 422 3031 ipso.
479 2996 511 3030 b)
534 2997 579 3023 He
599 2995 682 3029 (⁴0ng5
703 2996 783 3021 noch
804 2994 923 3021 cinmnl
945 2996 1062 3028 potest.
