2102 3444
185 136 242 179 28
707 136 732 171 Ι.
773 136 984 171 Abschnitt.
1037 135 1438 181 Konzilstagebiicher.

185 255 383 296 ecclesie
419 267 561 308 super
596 255 786 308 primaa)
824 255 1109 297 diffinicione
1144 256 1431 309 prescriptis,
1466 257 1621 299 fuerat
1654 258 1855 299 omissus
1888 269 1959 299 ar-

186 326 352 367 ticulus
380 326 436 367 de
464 326 549 367 hoc
577 326 755 368 faciens
783 327 1073 368 mencionem
1099 330 1146 369 et
1172 339 1390 380 sequens,
1417 329 1495 381 qui
1522 341 1582 370 ex
1608 329 1759 381 primo
1787 327 1960 381 depen-

185 396 276 450 det,
304 397 412 449 quia
440 396 692 439 cardinalis
723 397 1021 439 Florentinus
1051 397 1323 451 sustinebat,
1351 399 1474 451 quod
1504 399 1583 440 ille
1614 398 1836 441 articulus
1864 411 1957 441 non

186 470 286 509 erat
320 480 460 509 verus
495 468 552 508 de
588 468 703 520 iure,
738 471 782 510 et
817 471 1009 521 propter
1042 469 1127 510 hoc
1161 469 1323 522 plures
1357 469 1635 522 cardinales,
1670 470 1817 511 eciam
1851 469 1958 522 quia

164 551 328 591 super
356 539 450 580 illis
479 538 845 581 diffinicionibus
871 552 965 580 non
991 539 1179 582 fuerant
1206 540 1363 582 habite
1391 553 1475 582 nec
1503 540 1790 582 sufficienter
1815 540 1958 593 petite

184 609 558 652 deliberaciones
583 623 758 662 eorum,
774 610 998 652 nolebant
1013 610 1211 653 sessioni
1227 612 1436 664 predicte
1453 611 1697 663 interesse,
1713 614 1817 664 post
1831 611 1960 654 illam

187 680 446 722 sessionem
470 680 557 722 fuit
582 694 667 734 per
692 681 895 722 eundem
920 681 1205 723 cardinalem
1234 682 1553 724 Florentinum
1579 694 1722 735 super
1747 682 1832 724 hoc
1856 694 1959 724 cum

186 751 421 804 aliquibus
471 751 704 804 deputatis
755 752 1024 805 aliqualiter
1075 752 1373 805 disputatum.
1438 753 1662 795 Finaliter
1712 753 1958 795 concilium

186 822 331 864 voluit
370 835 429 864 ex
472 823 667 876 integro
695 823 840 866 dictas
883 823 1196 866 diffiniciones
1236 824 1295 866 ad
1337 825 1525 877 longum
1567 825 1734 866 iterum
1778 824 1825 865 in
1867 823 1959 866 alia

186 893 396 935 sessione
426 894 742 946 pronunciari.
786 894 840 936 Et
869 894 957 936 fuit
987 894 1108 937 facta
1140 895 1290 937 sessio
1320 895 1393 936 die
1425 895 1606 937 sabbati
1638 897 1743 948 post
1771 894 1959 948 pascha,

186 978 276 1017 que
299 965 386 1007 fuit
406 965 485 1007 VI.
508 965 700 1018 Aprilis.
740 965 790 1006 In
812 978 903 1018 qua
925 965 1136 1008 sessione
1159 966 1325 1008 iterum
1350 967 1497 1008 maior
1518 979 1628 1019 pars
1650 966 1959 1008 cardinalium

185 1036 386 1078 faciebat
423 1036 752 1078 difficultatem
791 1037 1119 1090 interessendi,
1156 1040 1312 1079 tamen
1349 1050 1511 1079 omnes
1547 1039 1707 1090 preter
1744 1036 1960 1079 infirmos

185 1111 347 1160 postea
373 1111 603 1150 venerunt
630 1108 688 1150 ad
716 1107 990 1161 sessionem,
1017 1111 1238 1161 presente
1265 1121 1376 1162 rege
1403 1108 1717 1150 Romanorum
1744 1108 1792 1149 in
1817 1107 1960 1160 impe-

185 1179 382 1221 rialibus
418 1179 647 1232 insigniis,
683 1179 955 1232 presidente
991 1179 1217 1222 cardinali
1253 1180 1310 1221 de
1347 1179 1531 1222 Ursinis
1566 1180 1787 1232 episcopo
1820 1179 1960 1221 Alba-

184 1251 335 1303 nensi,
361 1253 406 1292 et
430 1250 686 1292 celebravit
709 1250 899 1293 missam
924 1250 1304 1304 archiepiscopus
1328 1251 1588 1292 Remensis.
1625 1250 1834 1292 Fuerunt
1856 1262 1960 1303 pro-

185 1322 401 1364 nunciate
447 1322 753 1364 diffinitiones
797 1325 1050 1375 sequentes
1091 1335 1177 1375 per
1221 1323 1420 1364 electum
1464 1322 1835 1364 Posnaniensem
1877 1321 1960 1363 Po-

185 1394 357 1447 lonum,
387 1393 495 1447 quia
524 1393 776 1436 cardinalis
807 1393 1106 1436 Florentinus
1135 1393 1242 1436 illas
1270 1393 1419 1435 noluit
1447 1392 1774 1446 pronunciare.

308 1465 359 1506 In
384 1464 572 1507 nomine
599 1468 756 1507 sancte
784 1499 792 1507 .
828 1498 837 1507 .
873 1498 881 1507 .
909 1465 1008 1507 Deo
1033 1468 1078 1507 et
1102 1464 1425 1518 hominibus.¹)

304 1536 389 1578 Die
418 1537 579 1579 martis
609 1536 837 1589 sequenti,
867 1549 957 1589 que
986 1536 1074 1578 fuit
1106 1536 1180 1578 IX.
1210 1536 1404 1589 Aprilis,
1433 1548 1556 1589 papa
1583 1535 1709 1577 misit
1738 1534 1960 1577 Constan-

187 1608 303 1650 ciam
341 1608 520 1651 litteras
556 1609 773 1661 bullatas,
812 1608 943 1650 datas
981 1607 1303 1661 Lophamberc
1340 1606 1646 1659 continentes,
1684 1606 1821 1660 quod,
1858 1618 1961 1647 cum

186 1683 379 1733 propter
410 1683 581 1721 metum
612 1679 854 1721 cadentem
886 1680 933 1721 in
964 1681 1251 1721 constantem
1281 1678 1475 1721 recessit
1506 1677 1563 1719 de
1596 1677 1886 1730 Constancia,
1917 1679 1962 1719 et

186 1764 288 1793 cum
313 1750 609 1805 pervenisset
633 1750 893 1793 Scafusiam
918 1764 975 1792 eo
1000 1750 1063 1792 ibi
1091 1753 1240 1792 stante
1268 1750 1344 1791 die
1368 1749 1557 1792 veneris
1583 1751 1741 1792 sancta
1766 1761 1851 1790 rex
1875 1748 1961 1790 Ro-

188 1836 428 1865 manorum
453 1823 578 1865 misit
601 1823 704 1864 duci
730 1822 918 1864 Austrie
944 1822 1132 1863 domino
1155 1820 1381 1874 Scafusie,
1407 1820 1493 1863 sub
1517 1821 1648 1863 cuius
1674 1832 1815 1875 manu
1838 1831 1961 1872 papa

187 1894 432 1948 existebat,
457 1894 636 1936 litteras
660 1893 982 1946 diffidatorias,
1007 1896 1199 1946 propter
1224 1890 1388 1946 quodb)
1417 1895 1601 1934 coactus
1624 1891 1712 1933 fuit
1735 1890 1960 1932 recedere

187 1966 325 2008 etiam
358 1966 415 2008 de
446 1965 659 2008 Scafusia
690 1968 735 2006 et
766 1964 980 2018 pervenit
1012 1964 1108 2018 ad0)
1144 1963 1479 2017 Laphamberc.
1523 1963 1577 2005 Et
1607 1963 1716 2004 licet
1746 1974 1872 2004 mors
1903 1961 1962 2003 sit

186 2037 398 2079 ultimum
426 2036 722 2089 terribilium,
750 2048 844 2077 non
871 2038 1026 2077 tamen
1054 2037 1231 2077 tantum
1259 2034 1450 2076 timebat
1479 2034 1623 2086 illam,
1651 2035 1874 2086 quantum
1900 2044 1960 2073 ne

188 2108 522 2162 oppressiones
559 2107 648 2150 sibi
685 2108 805 2149 facte
844 2106 1176 2160 impedimenta
1213 2108 1479 2158 prestarent
1516 2105 1640 2158 apud
1678 2104 1866 2146 Petrum
1903 2102 1960 2144 de

190 2180 320 2222 Luna
342 2179 568 2222 adversus
589 2178 808 2220 unionem
830 2177 1027 2219 ecclesie
1047 2189 1133 2230 per
1154 2176 1274 2218 viam
1295 2175 1535 2228 cessionis,
1557 2175 1616 2217 ad
1637 2187 1775 2228 quam
1796 2174 1962 2216 arden-

189 2252 284 2294 cior
311 2250 602 2292 efficiebatur
630 2250 676 2291 in
705 2249 819 2292 dies.
859 2249 955 2300 Que
983 2248 1137 2290 littere
1165 2247 1398 2300 publicate
1427 2249 1533 2288 sunt
1560 2246 1658 2299 regi
1687 2248 1733 2287 et
1759 2244 1962 2287 nacioni-

189 2323 276 2365 bus
308 2326 352 2364 et
383 2323 577 2363 moleste
610 2323 812 2374 recepte,
845 2320 953 2373 quia
984 2332 1107 2373 papa
1137 2318 1474 2372 perseverabat
1503 2317 1550 2359 in
1580 2329 1651 2370 eo,
1683 2316 1806 2370 quod
1836 2318 1962 2358 metu

190 2394 476 2437 recessisset.

308 2466 362 2507 Et
387 2463 655 2516 notandum,
681 2463 805 2516 quod
830 2475 952 2516 papa
978 2465 1106 2504 stans
1131 2460 1342 2503 Scafusie
1369 2460 1494 2502 misit
1520 2459 1579 2502 ad
1604 2471 1763 2512 regem
1788 2461 1834 2500 et
1858 2470 1962 2500 con-

189 2537 347 2578 cilium
378 2548 517 2577 unam
549 2536 725 2577 bullam
759 2534 816 2576 de
848 2532 1181 2575 constitucione
1211 2534 1565 2585 procuratorum
1597 2530 1656 2573 ad
1688 2529 1962 2581 cedendum,

191 2620 280 2661 que
310 2607 441 2648 nullo
472 2606 608 2648 modo
638 2605 793 2647 fuerat
824 2607 1072 2658 acceptata.

313 2679 425 2720 Item
458 2677 836 2729 archiepiscopus
867 2674 1112 2717 Remensis
1142 2674 1330 2716 nomine
1362 2685 1484 2726 pape
1516 2671 1732 2726 exposuit
1763 2671 1862 2725 regi
1893 2683 1963 2714 se-

191 2753 330 2802 crete,
361 2749 484 2802 quod
514 2761 636 2802 papa
666 2761 759 2790 non
790 2749 1051 2788 recesserat
1080 2746 1137 2787 de
1168 2744 1380 2788 Scafusia
1410 2756 1495 2797 pro
1526 2746 1651 2785 metu
1681 2743 1820 2796 regis.
1862 2741 1962 2783 Rex

192 2825 345 2863 autem
386 2820 510 2872 fecit,
553 2820 675 2872 quod
718 2819 841 2861 idem
883 2817 1261 2871 archiepiscopus
1302 2816 1388 2857 hoc
1430 2814 1615 2868 publice
1658 2814 1876 2867 exposuit
1916 2816 1962 2855 et

309 2936 338 2968 a)
358 2935 438 2968 fehlt
462 2936 498 2961 B.
546 2935 576 2967 h)
599 2936 636 2968 B,
661 2935 684 2962 Ο
701 2935 730 2961 D
759 2934 843 2968 folyt
872 2934 929 2961 wie
958 2934 1002 2961 im
1031 2932 1145 2966 Briefe
1173 2931 1299 2966 (Hardt
1323 2931 1382 2965 IV,
1410 2930 1474 2966 102)
1499 2929 1697 2964 fehlerhas'te
1722 2928 1968 2963 Wiederholunq

192 2984 249 3010 cler
272 2982 398 3009 Formel
422 2983 543 3008 metum
565 2982 669 3009 eciam
690 2981 861 3008 cadentem
882 2988 957 3008 usw.
1013 2980 1041 3013 c)
1064 2981 1101 3013 B,
1124 2980 1161 3007 0:
1186 2987 1216 3007 a.

317 3044 348 3086 1)
376 3043 496 3078 Hardt
524 3043 589 3084 JV,
615 3041 708 3086 98ss
738 3042 863 3076 Mansa·
889 3040 1049 3084 XXVII,
1075 3041 1144 3076 590
1157 3040 1183 3084 Τ.
