2227 3434
551 173 589 208 B.
628 174 705 208 Der
727 173 828 209 liber
849 175 1042 218 gestorum
1067 174 1136 208 des
1160 173 1402 208 Cerretanus.
1777 176 1860 218 199
1883 148 1886 149 ⁷

213 290 281 333 De
324 290 489 333 ordine
533 290 721 332 vivendi
764 302 900 344 pape,
948 324 955 332 .
992 324 1000 332 .
1036 324 1044 332 .
1089 294 1134 333 et
1179 290 1431 343 aliquando
1474 291 1620 333 tocius
1664 291 1859 334 concilii.

97 361 218 405 Laus
245 361 394 416 Deo.¹)

214 431 301 474 Die
329 431 545 474 mercurii
571 431 675 473 XII.
705 432 879 474 mensis
908 431 1180 474 Decembris
1210 444 1303 475 rev.
1334 444 1377 485 p,
1406 431 1448 474 d.
1478 431 1623 475 abbas
1652 431 1862 475 Cistercii

95 515 198 544 cum
230 501 464 560 aliquibus
496 501 742 545 abbatibus
775 505 820 544 et
853 502 1117 545 doctoribus
1150 505 1195 544 et
1227 502 1442 556 pluribus
1474 502 1788 546 familiaribus
1819 506 1864 545 et

96 572 229 626 equis
256 585 341 626 pro
368 572 691 615 celebracione
720 573 838 614 sacri
866 572 1046 614 concilii
1076 572 1399 615 Constanciam
1430 574 1669 626 ingressus
1696 576 1780 616 est.

215 654 299 696 Die
325 654 513 697 veneris
540 654 694 696 XIIII.
720 655 896 697 mensis
924 654 1196 697 Decembris
1222 667 1317 697 rev.
1345 667 1388 708 p.
1417 654 1458 696 d.
1485 655 1733 708 episcopus
1761 655 1865 697 Tul-

51 755 57 760 ·
98 725 243 768 lensis
270 728 316 767 et
341 725 383 767 d.
412 724 557 768 abbas
584 726 727 768 sancti
755 725 944 767 Antonii
970 725 1254 768 Viennensis
1281 738 1366 779 pro
1392 725 1717 768 celebracione
1746 726 1863 769 sacri

97 794 278 838 concilii
307 794 629 838 Constanciam
657 795 857 848 ingressi
884 798 1002 839 sunt.

217 877 302 919 Die
330 877 511 920 sabbati
538 877 634 919 XV.
663 877 771 920 dicti
798 877 972 919 mensis
1001 890 1095 919 rev.
1124 890 1167 931 p.
1198 877 1239 919 d.
1268 877 1507 921 Johannes
1538 877 1772 931 Maurocii,
1799 877 1867 920 fa-

98 947 388 991 mosissimus
424 947 717 990 decretorum
758 948 929 1001 doctor,
968 948 1232 1002 patriarcha
1270 948 1587 992 Antiochenus
1625 961 1710 1002 pro
1749 948 1867 991 cele·

99 1017 318 1060 bracione
341 1018 459 1061 sacri
483 1019 665 1061 concilii
689 1018 1012 1062 Constanciam
1037 1019 1278 1072 ingressus
1301 1022 1384 1062 est.

216 1099 390 1143 Eadem
415 1100 489 1143 die
514 1101 556 1143 d.
579 1104 739 1143 noster
762 1113 884 1154 papa
909 1101 1148 1144 Johannes
1172 1100 1344 1143 XXIII.
1369 1100 1426 1143 de
1451 1102 1645 1144 consilio
1669 1101 1865 1143 fratrum

0 1190 7 1197 -
38 1188 43 1193 ·
99 1183 287 1214 suorum
309 1184 344 1213 s.
366 1171 417 1213 R.
439 1184 478 1214 e.
502 1171 808 1214 cardinalium
830 1184 1055 1225 sacroque
1078 1172 1273 1214 concilio
1295 1172 1583 1225 approbante
1606 1172 1866 1214 sessionem

99 1241 364 1294 secundam,
395 1255 484 1295 que
516 1242 745 1284 celebrari
777 1242 978 1285 debebat
1009 1242 1154 1284 XVII.
1186 1244 1361 1284 mensis
1393 1243 1678 1295 Decembris,
1708 1255 1869 1296 proro-

98 1312 221 1366 gavit
253 1312 312 1355 ad
345 1312 467 1355 diem
501 1313 654 1357 XIIII.
690 1314 865 1355 mensis
899 1313 1110 1355 Januarii
1143 1316 1335 1366 propter
1370 1313 1634 1356 absenciam
1669 1313 1710 1355 d.
1744 1312 1868 1366 regis

99 1383 424 1435 Romanorum,
445 1384 747 1437 prelatorum,
769 1387 1003 1426 oratorum
1025 1384 1317 1426 dominorum
1336 1387 1382 1425 et
1403 1384 1614 1436 aliorum,
1636 1384 1713 1437 qui
1735 1386 1868 1427 erant

99 1453 147 1496 in
176 1454 343 1496 itinere
373 1457 418 1496 et
447 1454 506 1497 ad
536 1469 570 1498 s.
600 1455 844 1497 concilium
875 1454 1057 1496 venturi
1088 1455 1144 1497 de
1175 1455 1401 1508 proximo.

217 1536 303 1580 Die
336 1536 565 1580 dominica
597 1537 719 1580 XVI.
754 1537 1025 1580 Decembris
1058 1550 1152 1579 rev.
1187 1537 1565 1590 archiepiscopus
1598 1535 1868 1579 Bisuntinus

29 1623 35 1629 ·
101 1610 145 1650 et
167 1607 573 1662 Merseburgensis
594 1611 638 1650 et
660 1608 951 1660 Basiliensis,
974 1608 1194 1661 episcopi,
1218 1607 1533 1650 Constantiam
1555 1620 1641 1660 pro
1662 1607 1869 1650 celebra-

100 1679 231 1721 cione
264 1679 382 1722 sacri
415 1678 596 1721 concilii
628 1678 828 1733 ingressi
861 1681 980 1722 sunt.

217 1750 272 1792 Et
297 1750 406 1803 quia
432 1749 473 1792 d.
502 1749 879 1803 archiepiscopus
907 1749 1177 1792 Bisuntinus
1203 1762 1263 1792 ex
1288 1749 1534 1803 privilegio
1562 1762 1644 1792 sue
1671 1749 1867 1791 ecclesie

68 1858 73 1863 .
101 1832 320 1864 concesso
344 1833 394 1863 se
419 1821 594 1863 habere
620 1821 817 1874 dicebat,
844 1821 967 1874 quod
992 1821 1039 1862 in
1063 1820 1212 1874 prima
1237 1820 1506 1863 visitacione
1535 1820 1653 1862 dom.
1678 1832 1721 1862 n.
1747 1832 1868 1873 papa

102 1903 186 1944 per
217 1894 314 1934 tres
348 1904 516 1945 passus
552 1891 734 1934 obviam
771 1892 859 1934 sibi
896 1891 1097 1933 debebat
1131 1903 1394 1944 assurgere,
1431 1891 1549 1933 dom.
1586 1903 1629 1932 n.
1667 1903 1788 1944 papa
1823 1889 1868 1932 id

102 1961 257 2004 facere
289 1962 531 2015 renuebat,
563 1962 650 2004 fuit
681 1962 802 2005 facta
833 1962 1094 2004 commissio
1124 1974 1210 2016 per
1241 1962 1442 2004 eundem
1474 1961 1593 2003 dom.
1626 1974 1668 2003 n.
1700 1973 1867 2014 papam

103 2046 244 2087 super
290 2033 391 2076 hoc:
444 2034 644 2075 dominis
694 2034 964 2075 Placentino
1012 2038 1057 2076 et
1105 2033 1408 2086 Aquilegensi
1459 2036 1614 2074 sancte
1665 2032 1870 2074 Romane

104 2105 300 2148 ecclesie
338 2104 668 2148 cardinalibus.

220 2175 305 2218 Die
333 2176 444 2218 lune
472 2175 669 2218 XXIIII.
700 2176 873 2218 mensis
902 2175 1187 2227 Decembris,
1216 2175 1262 2216 in
1292 2187 1381 2228 qua
1409 2174 1498 2216 fuit
1525 2174 1682 2227 vigilia
1709 2173 1870 2216 nativi-

103 2246 208 2289 tatis
240 2246 427 2299 domini,
459 2259 561 2288 cum
594 2255 758 2289 sermus
791 2246 832 2288 d.
866 2245 1189 2300 Sigismundus
1222 2245 1533 2287 Romanorum
1566 2257 1650 2286 rex
1684 2246 1870 2297 semper

104 2319 323 2370 augustus
349 2320 396 2359 et
424 2326 565 2360 serma
593 2317 779 2359 domina
807 2317 1014 2359 Barbara
1042 2316 1354 2359 Romanorum
1383 2316 1559 2369 regina,
1587 2315 1870 2357 conthoralis

107 2399 202 2440 sua,
235 2400 343 2431 suos
373 2400 564 2442 gressus
595 2388 914 2440 festinassent,
946 2390 995 2429 ut
1028 2388 1074 2429 in
1108 2390 1240 2429 nocte
1273 2386 1525 2429 nativitatis
1559 2386 1732 2428 domini
1767 2386 1872 2427 mism

108 2469 262 2500 sarum
304 2459 544 2502 solemniis
586 2459 751 2501 summi
792 2457 1028 2512 pontificis
1071 2457 1112 2499 d.
1156 2457 1382 2500 Johannis
1425 2457 1597 2498 XXIII.
1642 2457 1870 2498 interesse

107 2532 309 2582 possent,
333 2529 587 2572 secundum
610 2529 734 2582 quod
757 2529 879 2571 idem
905 2529 946 2571 d.
972 2541 1055 2570 rex
1081 2528 1169 2581 ipsi
1195 2541 1373 2570 summo
1397 2527 1607 2581 pontifici
1635 2527 1730 2569 suis
1755 2527 1870 2568 litte-

107 2599 171 2642 ris
190 2612 275 2654 per
296 2600 338 2642 d.
360 2601 611 2642 Henricum
633 2599 907 2642 Lazenbuch
931 2611 980 2642 se
1002 2603 1249 2640 venturum
1272 2599 1578 2650 intimaverat,
1602 2598 1660 2640 ad
1682 2597 1868 2650 opidum

108 2668 329 2725 Oberling
358 2683 504 2724 prope
537 2670 860 2713 Constanciam
891 2683 975 2724 per
1008 2682 1149 2712 unum
1181 2669 1362 2711 miliare
1396 2660 1696 2710 Teutonicum
1726 2668 1872 2709 noctis

107 2742 313 2794 tempore
338 2744 655 2794 pervenerunt
678 2740 945 2793 ibidemque
970 2741 1103 2794 equis
1130 2739 1334 2782 dimissis
1353 2752 1501 2795 'naves
1528 2738 1726 2791 ingressi
1751 2740 1870 2789 sunt,

109 2811 429 2855 comitantibus
456 2813 526 2855 eis
555 2812 670 2869 duce
699 2811 933 2863 Sassonie,
962 2823 1055 2853 uno
1083 2823 1142 2852 ex
1169 2810 1451 2852 electoribus
1482 2809 1678 2862 imperii,
1707 2807 1870 2850 comite

227 2952 257 2994 ¹)
282 2953 309 2986 B
330 2963 390 2987 am
414 2954 562 2987 Raude:
597 2952 744 2987 Cedula
765 2954 853 2987 data
875 2963 943 2996 per
964 2953 1062 2986 dom.
1087 2951 1347 2986 Placentinum
1372 2953 1406 2984 et
1430 2949 1604 2984 Challant
1628 2948 1870 2991 presbyteros·

110 3011 146 3042 et
169 3010 217 3044 de
242 3010 482 3046 Branchaciis
507 3014 542 3046 et
571 3011 832 3046 Florentinum
865 3010 1082 3054 [diaconos]
1114 3009 1329 3044 cardinales
1353 3009 1387 3042 d.
1413 3007 1579 3042 Johanni
1605 3016 1703 3049 pape
1731 3004 1869 3039 XXIII.

111 3065 190 3101 :lus
215 3078 372 3103 unserer
394 3069 528 3110 Quelle
552 3070 710 3103 [navius
736 3070 810 3103 und
834 3069 974 3102 claraus
997 3068 1115 3101 Hardt
1140 3067 1203 3101 11'.
1228 3068 1289 3101 25.-
1318 3066 1440 3099 Manst'
1466 3064 1531 3098 XX
1547 3064 1621 3097 1'11.
1646 3065 1722 3098 5125.
