2102 3444
297 100 381 143 174
830 101 856 136 Ι.
880 101 1093 137 Absohnitt.
1130 100 1533 147 Konzilstagebiicher.

296 222 343 260 ut
368 222 438 262 est
463 219 642 272 aliquid
666 232 808 262 unum
834 220 881 261 in
907 220 1093 262 racione
1119 221 1496 275 congregacionis
1521 222 1791 276 domestice;
1818 222 2066 277 politicam,

297 302 386 342 que
410 290 644 332 concernit
666 291 916 345 hominem,
940 295 988 333 ut
1009 295 1079 334 est
1102 292 1279 345 aliquid
1301 305 1443 335 unum
1466 294 1513 335 in
1535 295 1723 336 racione
1746 294 2067 348 congregacio-

294 360 367 404 nis
394 361 556 404 civilis.
595 362 667 403 Ad
693 362 895 414 primum
911 362 989 415 qui
1005 362 1223 405 vivitvita
1238 364 1419 418 morali,
1433 365 1651 418 pertinet,
1666 368 1716 406 ut
1731 364 1880 407 bonus
1894 368 1941 407 et
1954 366 2068 419 opti-

296 444 398 474 mus
426 432 510 474 fiat
541 444 744 485 sequens
773 446 843 486 ea,
872 446 961 487 que
993 434 1112 476 dicta
1141 437 1266 477 recta
1294 435 1412 477 ratio
1441 438 1812 478 commensurata
1841 435 2068 490 appetitui

296 507 421 545 recto
456 507 725 556 temperans
760 505 965 546 animum
1000 505 1057 547 ab
1093 505 1196 559 hiis,
1233 518 1323 559 que
1359 506 1604 561 oblectant,
1642 510 1688 548 ut
1722 518 1809 548 nec
1843 506 2068 560 voluptati

296 574 480 617 deditus
506 575 776 617 luxuriosus
802 579 1028 629 appareat
1052 588 1138 617 nec
1163 576 1390 630 pertinaci
1416 578 1687 619 austeritate
1714 576 1931 621 sordidus
1955 577 2068 620 tole-

296 657 407 688 rans
427 645 625 699 fortiter,
647 658 736 699 que
757 646 1011 700 deterrent,
1033 650 1080 689 vt
1101 659 1186 688 nec
1206 648 1396 690 timidus
1416 660 1501 689 nec
1523 648 1676 690 audax
1697 647 1941 702 iudicetur,
1961 661 2069 702 pru-

296 716 412 758 dens
448 729 769 760 rememorans
802 718 1042 771 preterita,
1077 718 1332 772 providens
1368 720 1525 761 futura
1560 722 1605 761 et
1639 719 1880 772 presentia
1915 719 2069 773 dispo-

294 800 427 841 nens,
453 791 502 830 ut
526 800 611 830 nec
639 788 854 831 obtusum
881 789 1060 842 aliquid
1085 790 1133 831 in
1160 801 1210 832 se
1237 790 1406 832 habeat
1432 803 1518 832 nec
1545 792 1784 832 versutum
1810 790 2068 833 observans

295 859 474 901 iusticie
503 859 669 913 legem,
698 863 746 901 ut
773 872 927 913 neque
958 860 1168 902 comitate
1199 860 1418 914 despecta
1447 862 1680 918 vilescata)
1711 873 1866 915 neque
1896 860 2069 904 severi-

295 931 364 971 ori
393 930 569 972 duricia
595 931 799 984 graciam
827 931 1030 974 humane
1059 931 1358 975 amabilitatis
1386 932 1561 974 amittat
1590 933 1638 973 in
1666 932 1748 974 tali
1775 932 1938 975 habitu
1965 943 2068 975 con-

295 1001 493 1055 stitutus,
522 1005 571 1043 ut
601 1001 658 1043 de
690 1001 828 1055 omni,
859 1002 982 1055 quod
1012 1005 1247 1056 operatur,
1277 1006 1468 1056 paratus
1498 1003 1557 1045 sit
1587 1002 1788 1045 reddere
1818 1002 2067 1045 racionem.

295 1073 348 1114 Et
380 1072 418 1115 si
449 1073 608 1116 nullus
639 1072 710 1126 sit,
741 1073 819 1126 qui
851 1074 1080 1115 rationem
1111 1071 1335 1128 querat¹'),
1367 1074 1468 1128 ipse
1500 1074 1624 1127 apud
1654 1085 1706 1116 se
1737 1074 1890 1127 ipsum
1920 1073 2069 1117 discu-

295 1144 439 1199 ciatss),
469 1144 671 1197 qualiter
702 1156 752 1186 se
784 1144 924 1186 habet
954 1143 1165 1186 iudicans
1197 1147 1241 1186 et
1271 1157 1320 1187 se
1352 1145 1504 1198 ipsum
1535 1145 1783 1187 inveniens
1812 1144 1861 1186 in
1890 1144 2069 1188 actibus

294 1214 428 1257 bonis
465 1214 665 1269 gaudeat
702 1218 748 1257 et
783 1228 808 1256 e
847 1215 1078 1258 contrario
1116 1215 1412 1258 contristetur
1450 1228 1500 1258 se
1538 1216 1587 1257 in
1624 1216 1782 1269 aliquo
1819 1215 2066 1258 defecisse.

293 1286 366 1328 Ad
387 1285 657 1340 secundum,
679 1287 758 1340 qui
779 1285 891 1328 vivit
911 1287 1005 1329 vita
1025 1286 1291 1340 iconomica,
1313 1286 1517 1340 pertinet
1538 1299 1632 1328 non
1653 1287 1803 1328 solum
1826 1286 1897 1329 sui
1919 1285 2068 1340 ipsius

294 1370 450 1400 curam
488 1357 681 1410 habere,
719 1360 767 1400 ut
807 1357 927 1399 bene
966 1357 1151 1411 habeat,
1191 1358 1269 1411 qui
1308 1358 1356 1399 in
1395 1358 1516 1400 bono
1554 1358 1860 1412 principatus,
1899 1357 1985 1400 sed
2022 1359 2068 1399 et

296 1441 471 1482 eorum,
508 1429 586 1482 qui
623 1428 666 1470 ei
703 1428 899 1471 subiecti
935 1431 1054 1483 sunt,
1091 1431 1140 1470 ut
1175 1428 1223 1470 in
1259 1429 1475 1471 omnibus
1511 1428 1666 1471 omnia
1701 1428 1824 1470 bene
1859 1431 1906 1470 et
1941 1430 2066 1470 recte

295 1500 602 1554 disponantur
625 1503 670 1542 et
690 1499 855 1542 domus
877 1502 923 1542 et
944 1499 1256 1542 habitationes
1278 1500 1326 1541 in
1348 1512 1403 1542 ea
1425 1499 1643 1553 habeant,
1665 1511 1942 1553 quecunque
1963 1510 2068 1541 con-

294 1570 486 1613 veniunt
527 1574 572 1613 et
611 1570 858 1613 conferunt
899 1571 958 1613 ad
997 1570 1352 1613 consistenciam
1392 1571 1531 1612 simul
1570 1573 1616 1613 et
1656 1570 2067 1613 cohabitacionem.

295 1642 350 1684 Et
378 1643 537 1684 nullus
564 1642 776 1696 privetur
806 1641 962 1695 aliquo
992 1642 1299 1684 conveniente
1330 1640 1585 1684 secundum
1615 1652 1883 1684 mensuram
1911 1639 2068 1693 moris,

294 1713 473 1756 ordinis
504 1714 579 1755 vel
610 1713 798 1755 habitus
830 1714 905 1754 vel
938 1711 1224 1766 operationis
1256 1713 1331 1754 vel
1365 1712 1664 1755 subsistentis
1693 1711 1922 1755 naturalis
1953 1710 2068 1765 apti-

293 1784 467 1827 tudinis
503 1787 549 1826 et
582 1784 699 1838 eius,
734 1797 822 1838 que
860 1784 919 1826 ad
954 1783 1290 1826 dominatorem
1326 1783 1653 1826 benivolencie
1687 1786 1733 1825 et
1765 1780 2066 1825 habitudinis.

293 1855 366 1898 Ad
406 1856 609 1909 tertium,
650 1855 729 1909 qui
770 1855 881 1897 vivit
922 1855 1014 1897 vita
1052 1855 1255 1909 politica,
1296 1855 1501 1908 pertinet
1540 1855 1662 1896 bene
1703 1853 1957 1908 disponere
1997 1865 2068 1895 co-

294 1926 558 1969 habitantes
593 1926 641 1968 in
673 1926 871 1968 civitate.
921 1925 1092 1969 Civitas
1129 1925 1268 1980 enim,
1303 1928 1348 1967 et
1383 1926 1461 1979 qui
1496 1925 1545 1967 in
1579 1926 1682 1978 ipsa
1717 1923 2068 1976 communicant,

295 1998 553 2040 subiectum
588 2000 658 2040 est
690 1997 890 2052 politice.
938 1998 993 2039 Et
1027 1996 1419 2050 quemadmodum
1451 1999 1633 2050 patrem
1667 1995 1872 2038 familias
1907 2006 2069 2048 super-

295 2069 503 2111 eminere
537 2072 751 2122 opportet
783 2069 1012 2121 omnibus,
1044 2069 1122 2121 qui
1154 2069 1202 2110 in
1235 2068 1371 2110 domo
1403 2070 1522 2120 sunt,
1554 2067 1619 2110 sic
1650 2066 1800 2109 virum
1829 2065 2068 2120 politicum

295 2143 509 2194 opportet
541 2141 743 2194 primum
777 2143 822 2181 et
857 2140 1080 2193 optimum
1114 2143 1159 2181 et
1194 2138 1470 2181 omnimodis
1503 2138 1751 2180 virtutibus
1786 2137 2068 2188 decoratum,

295 2210 626 2264 sufficientem,
675 2210 845 2263 quibus
892 2210 1168 2263 dominatur,
1219 2209 1470 2251 infundere
1520 2208 1772 2251 bonitatem
1818 2210 1865 2250 et
1909 2219 2068 2249 curam

294 2283 546 2325 habentem
585 2282 804 2335 omnium,
845 2294 934 2335 que
975 2282 1023 2323 in
1062 2281 1246 2323 civitate
1286 2283 1498 2334 aguntur,
1537 2282 1586 2322 ut
1623 2279 1746 2321 bene
1783 2281 1831 2321 et
1869 2278 2068 2320 civiliter

295 2354 425 2408 fiant,
463 2353 699 2406 scientem,
735 2352 858 2406 quod
894 2351 1215 2405 unusquisque
1253 2352 1474 2405 princeps
1511 2350 1694 2393 debitor
1729 2352 1800 2393 est
1835 2349 2068 2403 equaliter

296 2437 475 2478 curare,
510 2438 625 2478 quos
660 2424 745 2466 sub
780 2436 921 2465 manu
953 2426 997 2465 et
1029 2425 1257 2476 potestate
1291 2422 1446 2475 habet,
1478 2434 1573 2463 non
1605 2424 1653 2463 ut
1685 2420 1874 2474 equalia
1907 2419 1976 2462 illi
2009 2418 2068 2461 ad

294 2496 491 2538 invicem
522 2495 854 2548 adipiscantur,
885 2494 968 2536 sed
998 2493 1253 2536 secundum
1284 2493 1558 2546 analogiam.
1607 2491 1673 2534 Ita
1702 2492 1828 2534 enim
1858 2491 2067 2533 civitates

295 2568 635 2610 constituuntur
672 2579 766 2608 uno
803 2577 1001 2619 quoque,
1041 2563 1164 2617 quod
1201 2563 1289 2606 sibi
1327 2563 1556 2616 convenit,
1595 2562 1897 2616 adipiscente.
1953 2559 2065 2602 Inde

295 2639 419 2681 enim
452 2650 607 2692 pugne
642 2640 688 2680 et
721 2635 1053 2688 accusationes,
1087 2634 1274 2688 quando
1306 2634 1380 2675 vel
1416 2634 1610 2686 equales
1643 2645 1737 2675 non
1771 2631 1960 2685 equalia
1991 2629 2066 2673 vel

293 2722 388 2751 non
436 2709 632 2762 equales
683 2708 870 2761 equalia
920 2706 967 2748 in
1018 2705 1350 2747 distribucione
1403 2703 1672 2757 suscipiunt.
1739 2702 1863 2745 lllud
1912 2704 2066 2744 autem

296 2781 549 2833 sciendum,
602 2779 725 2833 quod
775 2778 863 2821 ista
914 2775 1119 2830 moralis,
1170 2776 1306 2828 bona,
1358 2774 1574 2817 amabilis
1624 2777 1670 2816 et
1719 2773 1923 2816 humana
1972 2773 2066 2814 vita

296 2851 548 2894 iconomica
582 2850 767 2903 melior;
804 2849 897 2891 vita
932 2860 1044 2890 vero
1079 2846 1266 2901 politica
1301 2846 1473 2900 optima
1507 2848 1553 2887 et
1587 2845 1758 2887 divina.
1807 2844 1906 2886 Deo
1938 2843 2067 2886 enim

293 2922 542 2965 manifeste
573 2920 858 2963 assimilatur
885 2918 1102 2973 politicus
1130 2918 1285 2970 hom03
1316 2919 1547 2960 scrutatur
1577 2915 1715 2969 enim,
1744 2914 1857 2969 quid
1884 2911 2066 2956 confert

400 3031 430 3060 a)
452 3006 558 3060 neque
579 3045 584 3051 .
609 3045 615 3050 .
636 3046 641 3053 .
663 3024 805 3052 vilescat
823 3022 905 3057 fehlt
927 3024 955 3051 O.
1012 3022 1045 3057 b)
1064 3021 1106 3049 Et
1127 3040 1133 3047 .
1152 3039 1160 3048 .
1180 3040 1186 3047 .
1207 3021 1326 3055 querat
1343 3019 1426 3054 fehlt
1450 3020 1479 3047 C'.
1536 3022 1564 3052 c)
1585 3019 1618 3047 C':
1639 3017 1824 3046 dissentiat.
