2227 3434
537 166 576 200 B.
616 165 695 202 Der
719 166 818 201 liber
843 169 1036 211 gestorum
1064 168 1133 202 des
1159 165 1401 202 Cerretanus.
1767 170 1852 212 255

86 283 254 337 legitur
282 284 328 326 in
357 283 478 326 libro
504 283 807 339 Sapiencie¹),
837 298 937 327 cum
967 286 1155 339 sapiens
1186 285 1256 338 sit,
1286 286 1648 328 stabilimentum
1678 290 1748 328 est
1776 300 1852 339 po-

83 355 182 407 puli
215 355 358 397 tocius
393 355 575 397 scilibet
605 356 968 398 christianitatis.
1014 357 1116 398 Jam
1150 357 1333 398 videtur
1367 358 1466 410 ipse
1501 357 1614 399 ordo
1647 358 1852 410 exigere,

84 428 131 466 ut
157 425 214 467 de
241 425 580 468 reformacione
607 426 803 469 ecclesie
829 427 973 469 verba
998 427 1238 481 faciamUS,
1265 428 1386 480 quod
1413 428 1616 469 secundo
1643 428 1741 470 loco
1765 428 1852 469 fuit

84 496 430 549 explicandum;
457 509 509 539 ac
531 497 638 550 quia
660 510 747 550 pro
771 498 854 539 hac
878 511 928 540 re
952 498 1266 551 convenimus,
1291 499 1452 540 ultimo
1476 498 1781 551 servabimus,
1804 502 1852 539 ut

84 566 146 608 ibi
182 567 405 610 familiari
440 580 656 610 sermone
691 580 768 611 res
804 569 991 621 plenius
1029 570 1279 622 aperiatur.
1330 569 1619 611 Postremum
1655 573 1768 621 erat,
1805 572 1851 610 ut

82 649 169 690 pro
193 638 319 680 felici
347 650 507 680 eorum
535 640 951 692 consummacione,
980 652 1069 692 que
1098 641 1144 681 in
1172 641 1255 682 hac
1282 640 1458 692 synodo
1486 640 1665 693 agenda
1692 653 1852 693 super-

82 711 202 762 sunt,
233 708 331 751 Deo
359 709 744 762 supplicaremus.
786 709 878 752 Sed
907 723 1007 752 cum
1038 711 1258 764 scriptum
1289 711 1398 764 sit,²)
1433 711 1556 764 quod
1584 714 1851 764 peccatores

85 778 210 822 Deus
246 792 338 822 non
375 780 516 833 audit,
554 781 616 822 ita
651 793 736 822 nos
774 781 820 822 in
858 781 1064 823 moribus
1101 785 1146 823 et
1181 781 1272 823 vite
1312 783 1551 824 sanctitate
1590 782 1849 824 reformare

81 850 366 904 studeamus,
387 854 435 893 ut
455 850 624 904 ydonei
650 864 809 894 sumus
831 852 889 894 ad
912 852 971 905 id,
993 855 1186 905 propter
1209 853 1331 905 quod
1355 865 1513 895 sumus
1536 865 1561 894 a
1586 853 1697 905 Deo,
1720 853 1850 894 nullo

80 923 240 964 nostro
268 922 588 975 preexistente
619 923 784 965 merito
815 923 899 965 sed
930 923 1076 976 ipsius
1108 923 1206 966 sola
1238 923 1645 977 bonitate,-creati,
1677 923 1851 965 scilicet

81 993 138 1034 ad
163 992 414 1035 fruendum
439 993 554 1046 ipso.
592 993 663 1036 Sic
688 994 826 1046 enim,
852 997 901 1036 ut
924 994 985 1036 ait
1010 994 1286 1048 apostolus‘)
1315 995 1491 1037 erimus
1515 996 1738 1047 templum
1766 995 1849 1035 Dei

80 1067 125 1105 et
168 1063 359 1117 spiritus
403 1064 489 1106 Dei
530 1064 759 1108 habitabit
800 1065 846 1106 in
888 1065 1037 1119 nobis,
1081 1078 1172 1118 quo
1214 1065 1415 1107 donante
1458 1078 1623 1118 preces
1666 1069 1849 1107 nostras

82 1133 209 1177 Deus
230 1134 463 1187 exaudiet,
486 1138 535 1176 ut
556 1135 730 1178 scilicet
752 1136 994 1178 videamus
1017 1136 1277 1189 ecclesiam,
1301 1149 1390 1189 que
1414 1137 1547 1178 unica
1571 1139 1641 1178 est
1664 1148 1849 1189 sponsa,

79 1204 200 1246 unici
227 1205 330 1248 eius
360 1206 519 1258 sponsi
550 1205 734 1259 Christi,
763 1219 849 1260 per
878 1207 1063 1248 unicum
1094 1207 1242 1260 ipsius
1273 1206 1694 1250 Christivicarium
1725 1210 1848 1248 recte

79 1275 399 1330 gubernatam,
436 1277 560 1330 quod
596 1277 696 1331 ipse
733 1280 946 1331 prestare
982 1278 1211 1331 dignetur.

197 1346 283 1389 Die
317 1347 433 1390 iovis
466 1348 605 1390 XXV.
640 1349 816 1391 mensis
850 1348 962 1391 Julii
997 1348 1274 1402 magnificus
1309 1349 1350 1390 d.
1385 1349 1581 1391 Carolus
1616 1348 1673 1390 de
1710 1349 1849 1390 Mala-

78 1417 223 1471 testis,
249 1418 490 1471 completis
516 1419 621 1471 hiis,
648 1431 737 1472 que
765 1432 824 1461 ex
850 1432 994 1462 onere
1023 1432 1104 1462 sue
1132 1419 1385 1472 legacionis
1412 1420 1500 1462 sibi
1527 1420 1848 1471 incubuerant,

78 1489 270 1531 recessit
311 1488 368 1532 de
412 1488 689 1532 Constancia
734 1490 911 1532 Italiam
955 1502 1247 1532 reversurus.
1301 1490 1444 1542 Quem
1488 1490 1682 1533 illustris
1722 1491 1849 1543 prin-

78 1571 188 1613 ceps
222 1559 263 1602 d.
298 1559 556 1604 Ludovicus
591 1561 685 1603 dux
720 1561 933 1614 Bauarie,
969 1574 1122 1604 comes
1158 1562 1397 1604 Palatinus
1432 1561 1563 1614 Reni,
1598 1561 1639 1603 d.
1675 1560 1848 1614 episco-

78 1642 165 1683 pus
197 1630 473 1675 Werdensis
506 1635 551 1674 et
583 1632 746 1685 plures
780 1633 859 1674 alii
892 1633 1063 1686 prelati
1097 1636 1142 1674 et
1176 1632 1350 1674 domini
1384 1635 1517 1675 extra
1550 1635 1729 1686 portam
1762 1644 1848 1684 per

78 1702 285 1754 spacium
317 1701 618 1745 associarunt.
667 1703 864 1756 Insuper
896 1703 1032 1745 revmi
1064 1704 1110 1744 in
1143 1703 1249 1746 Chr.
1280 1716 1323 1757 p.
1357 1704 1398 1745 d.
1431 1703 1578 1745 frater
1609 1703 1848 1745 Johannes

77 1773 197 1815 tituli
223 1774 367 1816 sancti
392 1773 509 1817 Sixti
532 1773 794 1827 Ragusinus
819 1777 865 1816 et
889 1774 1118 1817 Antonius
1142 1774 1262 1816 tituli
1288 1777 1445 1817 sancte
1472 1773 1683 1817 Susanne
1709 1774 1847 1827 Aqui-

77 1843 296 1898 legensis,
327 1857 362 1887 s.
393 1844 444 1886 R.
474 1857 515 1887 e.
546 1845 811 1898 presbyteri
842 1844 1119 1898 cardinales,
1150 1846 1292 1898 paulo
1322 1848 1425 1898 post
1457 1845 1657 1887 eundem
1690 1845 1731 1886 d.
1766 1844 1846 1887 Ca-

77 1915 226 1957 rolum
254 1914 489 1958 subsecuti
518 1919 624 1959 sunt
649 1919 696 1958 et
725 1916 771 1957 in
801 1915 967 1958 itinere
997 1916 1247 1969 attigerunt
1275 1919 1319 1958 et
1345 1928 1544 1958 unacum
1572 1915 1676 1958 aliis
1705 1915 1846 1975 domi—

76 1986 148 2029 nis
172 1998 258 2040 per
281 1987 488 2040 spacium
514 1986 760 2029 sociarunt.

195 2057 469 2100 Venerabili
514 2058 865 2111 archiepiscopo
909 2058 1151 2101 Colocensi
1196 2057 1464 2100 consiliario
1506 2060 1666 2100 nostro
1709 2057 1846 2111 Sigis—

76 2126 276 2171 mundus
307 2128 391 2170 Dei
421 2128 575 2182 gracia
604 2129 916 2171 Romanorum
946 2142 1031 2171 rex
1060 2132 1106 2171 et
1135 2129 1372 2182 Hungarie
1402 2141 1486 2171 rex
1516 2131 1598 2173 etc.
1642 2128 1846 2170 Venera-

76 2198 184 2241 bilis
220 2199 499 2252 consiliarie,
537 2199 716 2253 devote,
752 2199 926 2253 fidelis,
963 2200 1148 2242 dilecte!
1201 2199 1453 2253 Cupientes
1491 2212 1546 2242 ea
1582 2199 1845 2253 presertim,

75 2281 164 2322 que
195 2269 254 2312 ad
283 2270 585 2323 equalitatem
614 2270 801 2314 unionis
833 2274 1123 2313 sacrosancte
1155 2271 1317 2313 matris
1349 2270 1560 2324 ecclesie,
1592 2270 1844 2312 salubriter

76 2352 126 2382 se
157 2339 408 2394 disponunt
438 2341 667 2394 nobisque
696 2341 941 2394 patefiunt,
972 2344 1174 2383 vestram
1205 2354 1297 2383 non
1329 2341 1475 2383 latere
1507 2340 1737 2394 noticiam,
1767 2341 1844 2382 he-

75 2412 232 2454 sterna
262 2411 480 2465 equidem
513 2411 587 2454 die
620 2424 866 2465 regressus
897 2412 956 2454 ad
986 2415 1193 2454 nostrum
1226 2415 1521 2465 conspectum
1554 2412 1843 2454 honorabilis

74 2481 328 2525 Ottobonus
367 2483 609 2536 utriusque
649 2482 765 2525 iuris
805 2483 976 2535 doctor,
1015 2495 1153 2536 quem
1191 2495 1387 2525 unacum
1427 2482 1574 2524 nobili
1617 2482 1840 2524 Michaele

75 2552 179 2595 aule
229 2556 437 2595 nostrum
488 2553 675 2606 dudum,
726 2557 773 2595 ut
822 2553 946 2595 clare
997 2553 1189 2606 potestis
1239 2553 1416 2596 habere
1467 2553 1743 2605 recordium,
1795 2553 1838 2593 in

75 2627 281 2666 nostrum
323 2624 707 2667 ambassiatorem
750 2636 915 2667 versus
958 2625 1238 2677 Aragoniam
1283 2624 1566 2666 duxeramus
1609 2624 1843 2666 destinan-

76 2691 198 2746 dum,
229 2695 274 2736 in
305 2695 396 2750 vim
428 2694 687 2737 litterarum
719 2695 963 2737 credencie
995 2694 1284 2736 serenissimi
1317 2694 1476 2736 fratris
1505 2695 1651 2736 nostri
1688 2693 1842 2734 Ferdi-

76 2764 216 2806 nandi
254 2766 377 2818 regis
414 2766 681 2819 Aragonum
718 2765 820 2807 vive
857 2765 982 2808 vocis
1019 2766 1206 2807 oraculo
1243 2765 1452 2807 recitavit
1489 2765 1655 2806 bonam
1694 2764 1841 2816 ipsius

76 2834 213 2888 regis,
233 2847 387 2888 ymmo
407 2836 625 2889 optimam
650 2839 850 2878 mentem
874 2835 931 2878 ad
955 2836 1140 2877 felicem
1163 2835 1564 2877 consumacionem
1589 2847 1718 2876 sacre
1742 2835 1840 2875 uni-

74 2904 170 2948 cius
209 2906 537 2959 consequende
575 2906 679 2949 fore
721 2906 1007 2959 dispositam,
1047 2906 1262 2959 quodque
1304 2918 1527 2958 corporea
1570 2904 1838 2946 infirmitate

75 2974 227 3018 eidem
264 2976 362 3030 regi
398 2977 663 3030 Aragonum
702 2976 1064 3030 superveniente
1102 2976 1418 3018 desiderasset
1457 2976 1556 3028 ipse
1596 2975 1716 3016 idem
1755 2987 1837 3016 rex

192 3069 224 3111 1)
253 3068 337 3112 Sap.
364 3072 396 3109 6,
423 3068 477 3102 26.
623 3071 654 3111 2)
683 3069 738 3103 Jo.
765 3070 798 3111 9,
823 3070 878 3105 31.
1026 3071 1056 3109 ε)
1090 3071 1116 3103 1.
1146 3069 1229 3103 Cor.
1255 3070 1288 3108 3,
1319 3069 1368 3102 16.
