2227 3434
836 108 925 143 1417
946 109 1173 152 September
1192 110 1224 143 5.
1828 111 1913 152 509

146 228 203 270 de
236 229 350 281 celo,
382 227 488 271 vide
521 232 566 270 et
598 227 734 269 visita
766 219 949 269 vineam
983 228 1117 269 istam
1148 231 1193 268 et
1224 226 1403 280 perfice
1436 239 1539 269 eam
1572 228 1617 268 in
1650 227 1731 269 illa
1765 240 1913 269 sacra-

144 299 323 341 tissima
351 299 526 340 unitate
556 301 602 340 et
629 288 1014 351 reintegracione,
1043 311 1180 351 quam
1210 298 1435 351 plantavit
1463 298 1656 340 dextera
1685 303 1775 352 tua,
1806 312 1914 351 quo-

144 370 269 411 niam
297 373 345 412 tu
376 370 502 411 solus
534 372 718 411 sanctus
748 381 884 422 papa,
917 372 961 410 tu
993 370 1120 411 solus
1151 372 1336 411 sanctus
1367 369 1413 410 in
1445 369 1670 410 militante
1702 369 1913 421 ecclesia,

144 443 193 482 tu
215 440 342 483 solus
364 439 577 493 pontifex
600 440 855 482 altissimus
879 440 1025 481 <ihesu
1050 440 1245 481 Christe.
1282 440 1350 481 Tu
1372 441 1499 482 solus
1521 452 1572 482 es
1595 451 1755 481 verum
1779 444 1913 492 caput

144 510 341 553 ecclesie
372 514 527 552 sancte
556 510 786 553 katholice
820 510 900 562 (ad
931 510 1143 552 Colocen.
1179 510 1208 551 1.
1241 514 1284 552 et
1319 511 1373 552 II.
1406 511 1658 564 capitulis).
1702 511 1756 552 Et
1785 510 1914 563 quid-

138 581 255 638 ·quid
282 582 328 625 in
349 581 434 624 hoc
460 581 772 624 sacratissimo
796 581 989 623 concilio
1014 585 1176 633 actum,
1200 584 1394 634 gestum,
1420 582 1682 623 ordinatum
1709 586 1753 624 et
1778 594 1914 634 agen-

146 652 258 695 dum
286 653 604 706 proponimus,
639 652 791 694 omnia
828 653 872 693 in
906 655 983 693 tuo
1017 652 1203 693 nomine
1238 652 1478 705 faciamus,
1515 653 1559 693 in
1595 656 1637 693 te
1673 656 1717 693 et
1750 664 1835 705 per
1869 656 1913 694 te

145 723 357 776 vivimus,
398 735 637 765 movemur
678 736 728 765 ac
769 735 927 764 sumus
968 723 1221 764 secundum
1263 724 1535 775 apostolum.
1592 724 1628 764 A
1668 726 1711 764 te
1753 735 1914 776 pacem

145 794 340 837 ecclesie
382 798 695 847 expectamus,
737 794 844 846 quia
888 797 930 835 iu
973 806 1022 835 es
1062 806 1153 846 pax
1194 797 1367 846 nostra,
1408 795 1485 846 qui
1528 793 1677 835 fecisti
1717 798 1912 846 utraque

144 877 300 917 unum,
333 865 396 907 ait
426 865 718 918 apostolus.¹)
765 865 803 906 Λ
835 868 893 916 te,
926 877 951 905 o
984 865 1169 905 domine
1202 864 1347 905 ‚Jhesu
1381 864 1577 917 Christe,
1611 865 1657 905 in
1688 864 1914 917 pestifero

74 934 78 937 ⁷
145 936 358 978 scismate
389 939 433 977 et
465 936 511 977 in
541 936 749 989 presenti
780 935 944 976 sinodo
974 935 1257 977 universalis
1287 935 1484 976 ecclesie
1517 935 1756 988 habemus,
1787 935 1915 988 quid-

146 1007 255 1060 quid
278 1010 350 1049 est
373 1007 549 1059 salutis,
573 1006 798 1059 quidquid
824 1005 1114 1058 salvacionis,
1141 1006 1365 1058 quidquid
1388 1006 1762 1058 gubernacionis,
1788 1006 1916 1059 quid-

145 1078 256 1130 quid
283 1081 574 1131 peccatorum
603 1077 908 1128 remissionis,
936 1076 1162 1129 quidquid
1188 1077 1466 1129 penitencie,
1495 1077 1721 1129 quidquid
1747 1077 1914 1130 gracie,

146 1152 191 1190 et
214 1161 307 1190 non
332 1161 499 1190 revera
525 1148 582 1190 ab
609 1148 768 1200 aliquo
791 1148 973 1190 mortali
999 1160 1120 1200 papa
1147 1160 1230 1189 seu
1255 1147 1492 1200 pontifice,
1519 1151 1565 1189 ut
1591 1151 1786 1189 testatur
1812 1149 1916 1188 Am-

147 1219 331 1261 brosius
360 1222 545 1262 sanctus
576 1219 732 1260 doctor
761 1218 972 1271 ecclesie,
1002 1218 1121 1260 libro
1151 1218 1176 1259 2
1207 1219 1263 1260 de
1294 1218 1557 1271 virginitate
1589 1253 1596 1259 .
1633 1256 1639 1262 .
1677 1253 1685 1260 .
1729 1219 1849 1272 Ergo
1879 1218 1916 1260 si

148 1290 327 1333 iusticia
362 1290 608 1333 deficimus
645 1291 691 1331 in
725 1291 809 1332 hac
845 1290 1060 1331 militanti
1095 1290 1306 1341 ecclesia,
1343 1290 1379 1332 si
1419 1289 1630 1332 scismate
1668 1289 1916 1331 dividimus

146 1364 337 1414 propter
364 1361 544 1415 privata
573 1361 824 1413 commoda,
853 1374 893 1413 o,
922 1361 979 1402 ad
1008 1364 1066 1413 te,
1095 1360 1294 1413 domine,
1324 1361 1579 1413 respiciunt
1607 1361 1726 1402 oculi
1755 1361 1916 1412 nostri,

147 1432 254 1485 quia
283 1433 329 1474 in
356 1435 416 1485 te,
444 1445 503 1473 ex
531 1435 574 1474 te
604 1436 649 1474 et
677 1444 762 1485 per
790 1435 833 1473 te
863 1435 933 1473 est
964 1432 1089 1473 salus
1118 1435 1290 1483 nostra,
1320 1435 1390 1473 est
1419 1431 1510 1473 vita
1538 1434 1696 1473 nostra
1726 1444 1776 1473 ac
1805 1431 1917 1472 finis

146 1507 304 1545 noster
333 1507 380 1545 et
407 1504 553 1545 eciam
584 1504 686 1544 sine
716 1502 924 1544 mortalis
955 1515 1075 1555 pape
1105 1503 1352 1555 presencia
1384 1536 1392 1544 .
1429 1536 1436 1543 .
1473 1536 1480 1544 .

264 1560 489 1627 Respexit
535 1574 681 1616 eciam
730 1574 993 1615 oracionem
1042 1573 1347 1615 humillimam
1398 1585 1559 1626 pacem
1607 1577 1651 1615 et
1700 1573 1917 1614 unionem

148 1646 344 1687 ecclesie
367 1645 562 1688 sinceris
583 1644 833 1687 affectibus
855 1648 899 1686 et
922 1645 1100 1687 devotis
1122 1644 1417 1686 oracionibus
1438 1644 1714 1697 petencium.
1750 1644 1803 1685 Et
1825 1656 1917 1686 non

149 1717 325 1770 sprevit
364 1728 551 1769 precem
593 1728 753 1757 eorum
795 1716 1049 1757 secundum
1090 1715 1393 1768 psalmistam,
1434 1718 1503 1758 set
1543 1727 1629 1768 per
1668 1727 1833 1756 manus
1874 1717 1917 1755 et

148 1787 466 1840 operaciones,
504 1790 661 1829 sancta
699 1786 935 1829 desideria
974 1787 1032 1828 ad
1069 1799 1247 1828 sacram
1284 1786 1505 1828 unionem
1543 1798 1595 1828 ac
1627 1785 1918 1839 periculosos

148 1863 194 1901 et
221 1858 390 1901 nimios
421 1857 622 1910 labores,
654 1870 810 1899 rerum
841 1861 886 1899 et
915 1870 1116 1911 persone
1147 1857 1420 1910 viarumque
1452 1856 1720 1899 discrimina
1751 1856 1919 1909 longis-

149 1929 264 1971 sima
290 1928 578 1971 invictissimi
606 1942 656 1971 ac
682 1928 1022 1982 religiosissimi
1049 1928 1274 1982 principis
1301 1928 1612 1970 Romanorum
1636 1940 1689 1969 ac
1714 1927 1917 1980 Ungarie

149 2003 232 2042 etc.
271 2000 395 2053 regis
433 1999 827 2052 sacratissimique
867 1999 1164 2052 Sigismundi,
1203 1999 1249 2040 id
1287 2002 1357 2041 est
1395 2000 1539 2041 sancti
1579 2001 1624 2041 et
1662 1998 1820 2040 mundi
1860 1983 1918 2039 ex

148 2071 434 2124 proprietate
463 2071 673 2113 vocabuli
703 2074 747 2112 et
777 2071 962 2112 accione
993 2070 1061 2111 rei
1092 2082 1141 2112 ac
1170 2070 1294 2122 boni,
1325 2070 1441 2111 hanc
1472 2072 1675 2111 sanctam
1706 2067 1917 2111 sinodum

149 2141 390 2183 convocari
415 2142 694 2194 procuravit.
733 2141 822 2184 Nos
849 2153 1010 2183 omnes
1036 2144 1083 2182 ut
1109 2142 1228 2182 alter
1254 2140 1464 2182 Christus
1491 2141 1536 2181 in
1564 2152 1705 2181 unum
1732 2151 1919 2192 congre-

149 2214 272 2266 gavit
306 2216 351 2255 et
384 2213 489 2255 huic
526 2225 656 2254 sacre
692 2212 859 2254 sinodo
892 2212 950 2254 ad
986 2211 1130 2253 fidem
1167 2211 1506 2253 defensandam
1541 2214 1585 2252 et
1620 2210 1918 2252 christianam

150 2295 309 2335 pacem
335 2283 674 2336 procurandam
702 2284 930 2325 interesse
958 2282 1100 2325 voluit
1126 2286 1171 2324 et
1196 2283 1305 2334 vult,
1335 2316 1342 2323 .
1379 2316 1386 2323 .
1423 2316 1430 2323 .
1457 2294 1549 2323 non
1576 2281 1635 2323 ad
1660 2280 1918 2334 potenciam

151 2355 353 2407 aliquam
393 2354 730 2396 ostendendam
770 2366 854 2395 nec
895 2353 953 2395 ad
993 2356 1164 2395 metum
1205 2353 1339 2394 alicui
1382 2352 1712 2405 incutiendum,
1754 2355 1824 2394 set
1862 2351 1918 2393 ad

150 2437 331 2466 omnem
380 2424 643 2467 libertatem
689 2427 734 2466 et
780 2423 1074 2466 securitatem
1121 2424 1474 2476 quibuscunque
1520 2422 1816 2465 venientibus
1863 2421 1919 2462 ad

151 2507 331 2537 sacrum
361 2495 606 2537 concilium
637 2498 682 2537 et
712 2495 940 2537 interesse
972 2494 1236 2536 volentibus
1266 2493 1583 2547 prestandum,
1615 2496 1662 2535 ut
1695 2494 1739 2534 in
1772 2505 1919 2535 sacra-

151 2566 327 2609 tissima
349 2566 489 2609 huius
510 2566 661 2608 sinodi
687 2566 881 2608 veritate
905 2565 1094 2607 unitatis
1119 2566 1306 2606 inventa
1330 2564 1660 2606 universaliter
1683 2576 1773 2606 non
1798 2564 1918 2605 ultra

152 2636 395 2679 multitudo
436 2636 795 2678 christianorum
842 2636 998 2688 pravis
1043 2635 1265 2677 doctrinis
1315 2635 1510 2676 duorum
1557 2638 1633 2676 aut
1679 2634 1814 2675 trium
1862 2632 1919 2674 de

152 2711 321 2761 papatu
361 2707 743 2748 contendencium
783 2710 828 2748 et
864 2707 1030 2748 scisma
1070 2707 1114 2747 in
1154 2707 1351 2748 ecclesia
1391 2705 1475 2747 Dei
1515 2705 1790 2746 faciencium
1829 2704 1920 2745 dis-

151 2777 308 2820 cordet
344 2811 352 2820 .
389 2811 396 2819 .
432 2811 440 2819 .
492 2777 638 2819 Valde
675 2781 745 2820 est
781 2777 1064 2818 racionabile
1102 2777 1147 2817 in
1184 2776 1380 2817 ecclesie
1417 2776 1639 2817 catholice
1677 2774 1918 2824 divisione,

152 2848 274 2900 quod
298 2849 550 2901 imperator
571 2847 812 2889 convocari
835 2850 879 2889 et
902 2848 1171 2900 congregari
1198 2850 1414 2899 procuret
1435 2846 1678 2887 concilium
1702 2848 1748 2886 et
1769 2848 1919 2897 prote-

152 2922 227 2970 gat
259 2931 308 2960 ac
343 2917 565 2960 defendat
600 2918 764 2971 ipsum,
798 2930 897 2959 cum
934 2918 1033 2970 ipse
1068 2918 1125 2958 sit
1159 2917 1407 2958 advocatus
1442 2919 1484 2957 et
1520 2916 1742 2957 defensor
1776 2906 1917 2955 eccle-

216 3024 219 3027 ’
272 3012 303 3053 ¹)
332 3014 379 3044 κο
404 3011 492 3045 weil
518 3010 592 3052 Ste,
617 3011 719 3044 daun
745 3010 806 3044 ein
832 3009 952 3054 freies
978 3010 1084 3043 Blall.
