2102 3444
261 161 345 202 (522
698 158 762 190 lll.
795 156 1003 190 Absclunill.
1050 154 1199 188 Reform
1232 154 1308 187 und
1341 152 1588 198 Verl’assung.

261 277 536 317 consilio
577 289 609 317 s.
654 276 700 316 R.
741 286 780 315 c.
821 271 1244 314 cardinalium
1285 271 1685 315 velmaioris
1724 272 1929 325 partis
1969 259 2074 314 et'·

260 360 381 387 cum
426 345 911 396 subscripcione
957 341 1294 383 eorundem
1340 341 1409 384 de
1454 345 1668 385 cetero
1712 342 1866 385 fieri
1909 355 2025 385 non

259 418 515 461 ‹lcum-c,
554 416 907 455 inferiores
944 425 1089 455 vero
1126 416 1184 454 ut
1220 412 1484 454 abbates
1520 414 1764 466 aliique
1801 426 2025 467 perpe-

260 491 357 528 tuo
399 485 775 526 beneficiati
829 484 1063 536 absque
1107 484 1271 525 iusta
1312 487 1367 525 et
1408 484 1797 526 racionabili
1839 496 2025 526 causa

257 558 502 609 cognita
545 556 883 605 immutari,
926 555 1200 596 amoveri
1245 567 1351 596 seu
1392 555 1637 606 privari
1681 567 1797 597 non
1837 555 2024 597 debe-

256 632 367 669 ant.
429 627 855 677 Adiicientes‚
904 626 1061 678 quod
1109 625 1167 666 in
1217 624 1685 667 mutacionibus
1734 625 2022 668 abbatum

255 697 653 750 subscripcio
683 696 1108 738 cardinalium
1142 696 1538 738 interveniat
1572 696 1823 739 sicutin
1855 696 2046 750 epis-v

252 768 423 821 copis
460 772 551 809 cst
587 768 958 821 premissum
997 767 1198 809 salvis
1233 767 1848 821 constitucionibus,
1884 775 2023 810 con'-
2090 771 2094 778 '

253 838 756 891 suetudinibus³¹)
804 841 860 880 et
905 837 1282 890 privilegiis
1326 838 2022 891 ecclesiarumsmona-

253 910 590 951 slei-iorum
643 913 699 951 et
749 909 1034 950 ordinum
1087 921 1612 962 quorumcunque.

859 1005 880 1027 21<
1380 1004 1402 1027 *

1120 1051 1141 1074 *

251 1144 301 1186 V.
340 1145 374 1186 1.
411 1145 518 1197 l)c¹)
560 1143 722 1196 spoliis
760 1143 1044 1196 prelatorum
1084 1141 1172 1197 et'’)
1212 1143 1626 1196 procuracionibus
1664 1141 1753 1198 etb)
1791 1142 2019 1186 fructibus

247 1216 386 1257 medii
406 1215 624 1268 temporis
641 1226 726 1268 pei·
741 1226 907 1267 papam
927 1226 1008 1256 nec
1026 1214 1276 1257 inferiores
1292 1214 1498 1267 prelatos
1513 1214 1768 1267 capiendis.
1804 1214 2017 1257 Rubrica.

366 1310 546 1351 Dudum
586 1309 672 1350 fuit
709 1309 902 1362 provide
941 1309 1231 1362 dispositum,
1270 1309 1393 1362 quod
1429 1321 1522 1351 non
1561 1312 1919 1352 reservarentur
1958 1308 2016 1350 de

247 1384 400 1422 cetero
438 1381 586 1433 spolia
622 1381 907 1433 prelatorum
946 1392 996 1422 ac
1034 1380 1309 1421 clericorum
1346 1380 1679 1422 deoedencium
1714 1393 1801 1422 nec
1837 1379 2016 1422 fructu—s

245 1451 383 1492 medii
418 1451 638 1503 temporis
671 1450 972 1492 ecclesiarum
1007 1463 1089 1493 seu
1123 1451 1462 1493 beneficiorum
1494 1451 1761 1493 vacancium
1794 1464 1880 1493 nec
1911 1463 2015 1504 pro-

245 1522 526 1571 curaciones,
555 1534 642 1574 que
670 1522 854 1563 racione
882 1522 1166 1564 visitacionis
1192 1522 1423 1564 debentur
1449 1521 1683 1575 episcopis
1708 1525 1753 1564 et
1779 1522 1886 1565 aliis
1911 1533 2014 1575 pre-

245 1593 362 1634 latis.
404 1593 575 1634 Verum
607 1592 713 1645 quia
744 1592 861 1634 dicte
891 1592 1229 1646 disposiciones
1259 1593 1483 1636 hactenus
1512 1606 1605 1635 non
1635 1592 1826 1635 fuerunt
1855 1593 2013 1635 obser-

243 1667 344 1705 vate
378 1667 422 1705 et
454 1676 477 1705 a
511 1664 748 1705 nonnullis
781 1663 959 1716 possint
993 1665 1039 1705 in
1072 1663 1264 1705 dubium
1298 1664 1521 1717 revocari,
1555 1677 1614 1706 an
1646 1663 1823 1706 fuerint
1854 1675 2012 1718 perso-

240 1734 372 1776 nales
404 1736 475 1775 vel
507 1738 747 1787 perpetue,
776 1735 987 1777 volentes
1017 1734 1319 1777 ecclesiarum
1352 1748 1402 1777 ac
1429 1735 1718 1788 prelatorum
1749 1734 2012 1788 dispendiis

242 1805 503 1857 providere,
532 1805 823 1847 declaramus
853 1805 1190 1858 disposiciones
1221 1806 1347 1859 ipsas
1376 1805 1522 1848 fuisse
1551 1809 1596 1848 et
1624 1818 1730 1848 esse
1756 1808 2011 1859 perpetuas

241 1879 285 1917 et
321 1888 404 1928 per
441 1889 738 1929 quoscunque
777 1889 980 1919 summos
1017 1877 1266 1929 pontifices
1304 1877 1639 1919 inviolabiliter
1674 1876 1994 1919 observandas

242 1947 295 1988 Et
330 1947 673 1989 nichillominus
711 1948 767 1989 de
803 1960 922 1989 novo
960 1948 1215 1990 statuimus.
1264 1948 1319 1990 Et
1353 1949 1524 1990 bonum
1561 1948 1682 1990 forte
1716 1952 1788 1992 est
1819 1947 2007 1990 adicere

239 2030 420 2070 penam,
448 2023 494 2060 ut
519 2019 691 2061 scilicet
716 2019 891 2060 tamdiu
915 2020 1042 2060 curia
1067 2019 1273 2079 Romana
1299 2019 1451 2072 quoad
1476 2018 1636 2061 officia
1661 2031 1746 2061 sua
1768 2021 2008 2060 remaneat

239 2101 480 2141 suspensa,
511 2088 655 2130 donec
684 2102 768 2142 per
798 2102 1026 2131 summum
1057 2090 1327 2142 pontificem
1357 2089 1623 2132 huiusmodi
1653 2089 1804 2143 spolia
1831 2089 2007 2131 fuerint

238 2159 447 2211 plenarie
478 2161 701 2212 restituta,
730 2160 848 2202 dicta
874 2173 987 2203 vero
1014 2161 1324 2213 suspensione
1353 2161 1549 2202 durante
1577 2160 1737 2203 officia
1763 2172 1847 2203 sua
1873 2171 2006 2202 exer-

238 2234 394 2272 centes
431 2231 925 2274 excommunicacionis
963 2231 1247 2274 sentenciam
1286 2232 1526 2274 incurrant
1560 2231 1665 2284 ipso
1701 2231 1825 2274 facto
1859 2230 2005 2273 cardi·
2069 2278 2074 2283 ,

237 2301 424 2353 palium,
447 2302 731 2354 prelatorum
755 2306 831 2344 aut
853 2302 1127 2344 clericorum
1150 2315 1531 2355 quorumcunque
1555 2303 1602 2344 in
1624 2303 1753 2344 curia
1774 2302 1849 2344 vel
1871 2303 2004 2344 extra

238 2371 577 2413 decedencium.

354 2443 439 2483 Ncc
461 2444 623 2495 spolia,
646 2456 733 2496 que
756 2445 900 2485 eciam
922 2444 1227 2486 inferioribus
1247 2444 1442 2497 prelatis
1461 2444 1648 2497 penitus
1669 2442 2003 2495 interdicimus,

235 2524 318 2553 nec
347 2512 520 2554 fructus
549 2518 624 2555 aut
652 2518 918 2566 proventus,
947 2516 1023 2567 qui
1053 2515 1325 2557 vacantibus
1352 2515 1578 2567 ecclesiis,
1606 2518 1683 2557 aut
1709 2512 2002 2566 monasteriis

235 2587 310 2624 aut
349 2584 700 2637 quibuscunque
742 2586 1055 2638 dignitatibus,
1097 2586 1357 2638 beneficiis,
1398 2584 1886 2628 administracionibus
1924 2587 2002 2626 aut

235 2654 344 2695 locis
369 2655 458 2706 piis
485 2656 635 2697 medio
661 2660 869 2709 tempore
895 2657 1200 2709 obvenerunt,
1226 2669 1310 2698 nec
1337 2657 1696 2709 procuraciones
1721 2655 2000 2709 supradicte,
2058 2696 2059 2699 ,

233 2738 321 2776 que
356 2725 538 2766 racione
574 2726 855 2769 visitacionis
889 2728 1082 2779 prelatis
1118 2729 1191 2769 vel
1227 2727 1332 2769 aliis
1366 2727 1719 2780 quibuscunque
1752 2726 1999 2778 debentur,

234 2796 410 2846 possint
435 2796 491 2836 de
519 2800 672 2838 cetero
697 2798 840 2839 eciam
869 2811 952 2850 per
977 2798 1328 2840 commissiones
1353 2811 1436 2840 seu
1463 2798 1790 2840 concessiones
1814 2797 1884 2839 eis
1909 2796 1998 2838 iam

233 2866 350 2906 forte
384 2878 640 2920 concessas,
674 2880 788 2920 quas
820 2872 981 2910 tenore
1014 2869 1309 2921 presencium
1342 2881 1628 2921 revocamus,
1659 2867 1848 2910 nomine
1879 2878 1999 2910 sum·
2055 2915 2058 2918 ,
2094 2866 2098 2870 ’

336 2988 363 3006 a,
388 2981 457 3006 Nm·
487 2983 523 3007 ll'.
581 2983 612 3006 li»
635 2986 664 3009 (¹.
686 2985 706 3007 N
725 2984 773 3010 [lv.

348 3042 377 3083 1)
404 3042 431 3075 ις
452 3042 477 3085 l'-
501 3043 574 3084 μου,
596 3045 658 3085 Ἦ,-
684 3044 707 3078 s
729 3043 754 3087 f.
779 3045 833 3086 74,
860 3046 931 3080 74v.
