2102 3444
262 138 348 181 220
798 137 822 172 Ι.
849 137 1059 173 Abschnitt.
1098 136 1499 182 Konzilstagebiicher.

264 259 466 309 ceperat,
506 256 629 309 quod
669 256 711 298 d.
752 259 911 299 noster
949 268 1070 310 papa
1111 256 1498 310 conquerebatur,
1540 257 1719 299 salvum
1758 256 2033 300 conductum

264 327 352 368 sibi
377 330 422 369 et
445 327 639 380 prelatis
664 326 710 368 in
736 327 931 369 concilio
954 327 1265 370 existentibus
1290 326 1508 369 violatum
1534 327 1681 370 fuisse
1706 340 1793 381 pro
1815 340 1885 380 eo,
1909 327 2032 382 quod

264 398 470 440 custodie
506 397 687 440 fiebant
723 401 806 440 etc.
844 401 889 439 et
923 400 1174 451 propterea
1212 397 1333 439 idem
1371 398 1412 440 d.
1449 411 1532 440 rex
1568 398 1741 440 ibidem
1778 398 2033 452 proposuit,

260 468 382 520 quod
409 480 562 521 neque
593 469 693 521 ipse
721 480 875 521 neque
905 469 973 510 sui
1004 468 1328 521 progenitores
1357 469 1619 522 proditores
1647 481 1752 511 esse
1781 481 2032 512 consueve-

263 542 368 580 runt
410 551 563 592 neque
607 531 762 582 salvos
804 539 1056 581 conductus
1097 551 1183 592 per
1225 552 1305 582 eos
1347 540 1566 593 prestitos
1610 539 1800 582 violare.
1856 539 1948 583 Sed
1992 540 2031 583 si

263 609 470 652 custodie
498 609 618 651 facte
646 609 848 662 fuerant,
876 610 961 651 hoc
989 610 1046 651 de
1075 610 1270 652 consilio
1298 610 1558 663 aliquorum
1587 610 1628 652 d.
1657 610 1962 653 cardinalium
1991 613 2036 652 et

261 681 548 733 prelatorum
581 681 752 723 factum
784 680 953 733 fuerat,
985 693 1044 723 ne
1077 682 1245 734 prelati
1280 685 1325 723 et
1358 681 1435 723 alii
1471 681 1517 722 in
1551 681 1746 724 concilio
1778 680 2034 724 existentes

264 751 529 794 illicenciati
551 751 829 794 recederent
849 755 894 794 et
917 751 980 795 sic
1003 752 1341 794 dissolveretur
1362 752 1619 795 concilium.
1660 752 1865 795 Intencio
1879 755 2034 794 tamen

264 835 346 864 sua
369 825 482 875 erat,
506 822 629 875 quod
650 823 808 865 salvus
830 823 1082 866 conductus
1103 836 1190 876 per
1211 836 1317 865 eum
1339 824 1562 876 prestitus
1584 826 1676 865 tam
1699 822 1789 876 ipsi
1812 822 1853 866 d.
1875 826 2036 866 nostro

262 906 383 946 pape
405 905 541 946 quam
563 894 759 947 prelatis
780 897 825 936 et
847 893 949 936 aliis
971 894 1017 936 in
1039 893 1233 936 concilio
1254 894 1566 937 existentibus
1586 893 1919 936 inviolabiliter
1940 906 2036 936 ser-

264 968 464 1006 varetur.
502 965 628 1006 Tunc
653 965 695 1006 d.
721 965 969 1018 episcopus
991 965 1371 1018 Sarisberiensis,
1395 978 1516 1007 unus
1540 978 1599 1007 ex
1625 965 1888 1008 oratoribus
1912 965 2086 1033 regis„

263 1035 444 1089 Anglie,
469 1035 592 1088 quod
616 1035 657 1078 d.
682 1048 767 1077 rex
790 1036 987 1089 dixerat,
1012 1036 1305 1078 confirmavit
1330 1036 1509 1079 addens
1533 1049 1582 1079 se
1606 1049 1747 1078 unum
1774 1036 1832 1078 de
1855 1036 2035 1079 consul-

262 1107 440 1148 toribus
467 1106 733 1148 huiusmodi
760 1106 928 1159 fuisse;
961 1107 1084 1160 quod
1113 1107 1154 1149 d.
1185 1108 1433 1160 episcopus
1461 1107 1692 1160 Rigensis,
1722 1119 1842 1150 unus
1871 1119 1931 1149 ex
1959 1107 2036 1150 do-

263 1177 399 1220 minis
429 1177 486 1219 de
517 1177 722 1230 Prussia,
753 1177 971 1220 similiter
999 1178 1288 1231 approbavit.
1331 1178 1527 1231 Propter
1557 1178 1681 1231 quod
1711 1178 1832 1220 inter
1858 1178 2037 1221 d.-nos-

263 1252 382 1290 trum
406 1261 575 1301 papam
598 1252 643 1291 et
665 1248 933 1302 episcopum
956 1249 1353 1292 Sarisberiensem
1378 1249 1612 1302 prefatum
1637 1249 1836 1302 quedam
1861 1250 2036 1303 ampul-

265 1320 364 1362 losa
389 1320 533 1362 verba
558 1319 764 1362 fuerunt.
807 1319 997 1363 Miratus
1022 1333 1224 1373 namque
1251 1324 1321 1363 est
1348 1320 1470 1362 idem
1499 1320 1539 1362 d.
1566 1323 1725 1363 noster
1748 1333 1887 1374 papa,
1913 1320 2036 1374 quod

263 1391 381 1434 tales
406 1390 780 1434 deliberaciones
806 1391 907 1434 sine
932 1392 1033 1434 eius
1057 1391 1172 1434 scitu
1194 1391 1380 1433 fierent.

380 1462 465 1504 Die
498 1461 679 1505 sabbati
710 1462 832 1504 XVI.
864 1462 1039 1505 mensis
1073 1462 1228 1504 Marcii
1259 1462 1645 1505 convenientibus
1674 1461 1948 1505 nacionibus
1978 1462 2034 1505 de

264 1533 480 1575 mandato
505 1532 715 1575 eiusdem
743 1533 783 1575 d.
810 1534 957 1576 nostri
984 1546 1105 1587 pape
1133 1534 1180 1575 in
1205 1534 1386 1587 palacio
1413 1533 1666 1586 apostolico
1690 1545 1776 1586 pro
1802 1532 2036 1587 responsi-

264 1616 351 1646 one
387 1617 530 1657 super
561 1603 719 1657 petitis
753 1604 811 1646 ab
845 1604 1010 1646 eodem
1045 1604 1317 1659 recipienda
1350 1604 1473 1646 idem
1509 1604 1550 1646 d.
1584 1607 1744 1647 noster
1778 1616 1900 1658 papa
1931 1617 2036 1658 pro·
2090 1626 2093 1628 v

264 1675 430 1728 posuit,
466 1675 588 1728 quod
624 1688 708 1718 sua
744 1675 947 1718 intencio
983 1679 1084 1718 erat
1118 1675 1361 1717 concilium
1397 1675 1483 1717 hoc
1517 1687 1611 1718 non
1647 1674 1854 1729 dissolvi,
1891 1674 2036 1718 donec

266 1746 584 1799 imponeretur
620 1746 732 1789 finis
770 1747 986 1789 scismati.
1036 1747 1187 1800 Super
1221 1747 1307 1789 hoc
1343 1749 1497 1788 autem
1534 1746 1931 1789 deliberacionem
1966 1757 2037 1788 re-

265 1816 474 1859 mittebat
504 1817 712 1870 concilio,
746 1830 804 1860 an
838 1818 1012 1860 scilicet
1043 1818 1187 1860 vellet
1218 1817 1461 1860 concilium
1494 1817 1567 1859 hic
1598 1817 1788 1859 firmum
1821 1820 1945 1860 stare
1978 1830 2034 1860 an

266 1888 323 1930 ad
348 1888 489 1930 alium
515 1889 665 1930 locum
689 1888 952 1931 transferri.
995 1889 1257 1931 Mandatum
1283 1901 1395 1931 vero
1421 1888 1478 1930 de
1502 1888 1823 1931 renunciando
1846 1888 2036 1942 papatui

266 1960 403 2001 alicui
446 1959 557 2002 dare
597 1972 690 2001 non
732 1959 1003 2002 intendebat
1043 1973 1128 2013 pro
1168 1972 1238 2012 eo,
1278 1959 1400 2013 quod
1441 1959 1718 2002 informatus
1759 1962 1874 2013 erat,
1914 1959 2037 2013 quod

267 2030 431 2072 Petrus
460 2030 517 2072 de
546 2030 676 2072 Luna
703 2043 796 2072 non
825 2034 925 2072 erat
953 2030 1206 2084 dispositus
1234 2043 1319 2084 per
1345 2034 1696 2084 procuratorem
1724 2042 1926 2073 renuere
1954 2029 2037 2073 sed

265 2114 350 2154 per
378 2114 427 2143 se
458 2101 627 2154 ipsum;
658 2101 781 2154 item,
811 2101 918 2154 quia
947 2101 1199 2155 dispositus
1227 2104 1328 2144 erat
1354 2102 1670 2154 personaliter
1698 2113 1749 2143 se
1775 2100 2036 2144 transferre

267 2173 438 2214 fficiam
471 2175 680 2225 tempore
716 2172 977 2224 constituto3
1013 2176 1059 2215 et
1090 2175 1138 2214 ut
1172 2173 1415 2215 concilium
1450 2173 1506 2214 de
1539 2172 1641 2215 eius
1674 2173 1858 2215 sincera
1891 2171 2038 2215 inten-

266 2244 397 2285 cione
450 2244 596 2297 magis
647 2243 1001 2295 certificaretur,
1053 2247 1243 2296 paratus
1293 2247 1394 2286 erat
1446 2256 1629 2285 omnem
1678 2243 2038 2297 promissionem

266 2314 422 2356 facere
453 2318 497 2356 et
527 2327 708 2356 omnem
740 2315 1034 2357 securitatem
1064 2314 1337 2368 possibilem
1367 2314 1495 2367 dare,
1525 2314 1648 2368 quod
1675 2313 1848 2357 Niciam
1875 2314 1951 2357 vel
1980 2312 2038 2356 ad

267 2385 407 2427 alium
455 2385 605 2427 locum
652 2398 737 2438 per
784 2386 1027 2427 concilium
1075 2385 1391 2438 deputandum
1440 2398 1490 2427 se
1538 2385 1784 2428 constituto
1827 2388 2037 2439 tempore

268 2456 565 2508 transferret3
601 2459 646 2499 et
679 2459 901 2509 quantum
937 2457 983 2498 in
1018 2469 1073 2499 eo
1108 2456 1208 2510 erit,
1244 2456 1511 2509 procurabit
1545 2459 1590 2498 et
1623 2456 1763 2499 faciet
1796 2456 2036 2508 unionem;

268 2531 313 2569 et
333 2528 380 2569 in
400 2540 523 2580 casu,
545 2540 635 2581 quo
656 2528 937 2570 contrarium
960 2528 1150 2580 faceret,
1172 2528 1358 2570 volebat
1379 2541 1437 2569 ex
1459 2540 1582 2569 nunc
1602 2540 1687 2581 per
1710 2539 1840 2570 suam
1860 2527 2037 2570 bullam

269 2599 514 2641 absolvere
537 2599 802 2641 cardinales
824 2602 869 2640 et
889 2599 1095 2652 prelatos
1118 2611 1143 2641 a
1163 2598 1348 2640 vinculo
1370 2599 1634 2651 iuramenti,
1657 2610 1747 2651 quo
1769 2597 1857 2640 sibi
1878 2601 2039 2640 tenen-

268 2673 341 2711 tur
367 2673 412 2712 et
438 2683 462 2712 a
489 2683 571 2713 sua
598 2669 884 2721 obediencia,
910 2673 955 2712 et
981 2670 1181 2722 amplius
1206 2682 1298 2711 non
1324 2669 1489 2711 haberi
1515 2682 1600 2723 pro
1624 2681 1764 2723 papa;
1791 2668 1947 2712 bullas
1973 2669 2039 2710 in-

270 2753 412 2794 super
451 2741 567 2784 salvi
606 2741 856 2783 conductus
896 2740 1035 2783 dandi
1077 2741 1214 2782 Petro
1253 2741 1309 2782 de
1349 2740 1478 2783 Luna
1515 2743 1706 2794 paratus
1742 2742 1846 2783 erat
1880 2739 2038 2782 facere

272 2813 397 2854 iuxta
425 2811 703 2865 peticionem
733 2812 926 2856 concilii.
969 2811 1151 2854 Bullam
1181 2824 1292 2853 vero
1319 2810 1642 2864 promissionis
1671 2823 1756 2865 per
1783 2822 1890 2853 eum
1918 2810 2038 2853 facte

271 2883 524 2925 secundum
549 2886 760 2925 tenorem
785 2882 949 2925 cedule
975 2883 1293 2935 suprascripte
1317 2882 1425 2924 fieri
1451 2881 1768 2935 mandaverat,
1793 2894 1931 2935 quam
1954 2892 2040 2934 per

271 2954 311 2995 d.
338 2954 569 3007 Angelum
597 2954 654 2996 de
679 2954 822 2997 Reate
850 2954 951 2996 eius
980 2954 1281 2996 secretarium
1307 2957 1413 2995 tunc
1440 2953 1485 2994 in
1512 2953 1748 3006 publicum
1774 2951 1866 3006 legi
1892 2951 2038 2994 iussit.
2095 2975 2102 3014 χ

272 3024 413 3067 Cuius
440 3028 574 3068 tenor
602 3024 725 3068 infra
755 3024 976 3079 sequitur.
