2102 3444
252 113 309 155 98
779 112 804 146 I.
840 112 1050 147 Abschnitt.
1099 112 1498 158 Konzilstagebiicher.

255 229 461 272 libertas.
500 229 776 273 Cardinales
800 234 953 273 autem
979 231 1337 284 responderunt,
1363 232 1499 286 quod,
1524 236 1745 286 quantum
1770 232 1827 274 ad
1850 244 2023 286 regem,

255 301 499 354 deputatos
522 302 580 343 ab
601 314 671 354 eo,
695 315 803 344 suos
825 302 1059 344 officiales
1081 305 1126 344 et
1148 302 1272 344 cives
1296 303 1685 345 Constancienses
1708 303 1862 345 fuerat
1882 304 2023 356 plena

255 372 479 414 securitas
502 375 546 414 et
572 372 778 425 libertas,
803 385 964 414 verum
989 376 1209 425 quantum
1235 374 1293 415 ad
1316 386 1457 415 unum
1482 375 1718 416 decretum
1743 374 1914 416 factum
1937 386 2023 428 per

253 442 511 495 concilium,
534 443 657 495 quod
677 444 921 484 concilium
945 444 1215 486 reservabat
1238 445 1326 486 sibi
1348 445 1587 498 negocium
1608 444 1849 487 electionis
1870 445 2022 498 quoad

255 514 465 566 formam,
495 513 750 567 materiam,
781 514 929 556 locum
959 518 1003 556 et
1030 517 1226 567 tempus,
1259 515 1345 568 ipsi
1375 528 1465 557 non
1496 516 1685 557 fuerunt
1715 515 1865 558 liberi.
1909 515 2024 557 Ymo

255 585 340 626 fuit
364 584 407 625 in
431 585 515 626 hoc
537 585 606 627 eis
630 585 842 627 incussus
865 585 1000 627 timor
1024 586 1168 627 eciam
1193 586 1364 629 cadens
1388 587 1432 628 in
1457 590 1742 628 constantem
1766 587 1916 628 virum
1937 599 2023 628 nec

252 667 468 707 umquam
499 655 544 696 in
574 655 655 698 illo
684 656 871 698 decreto
900 656 1048 698 libere
1078 661 1426 699 consenserant.
1469 658 1521 699 Et
1550 658 1637 699 fuit
1666 658 1749 698 hec
1777 658 2023 710 responsio

253 725 456 767 omnium
480 727 600 768 facta
625 727 700 767 die
724 726 954 769 dominica
976 731 1079 780 post
1101 728 1388 780 quasimodo,
1413 740 1501 781 que
1525 728 1610 770 fuit
1635 728 1807 770 XVIII.
1831 728 2022 782 Aprilis.

370 797 440 838 Ad
476 797 593 839 hanc
630 800 783 839 autem
820 798 1174 851 responsionem
1210 798 1417 841 fiendam
1454 811 1537 840 rex
1574 799 1810 841 mandavit
1845 799 2023 853 legatos

252 867 470 919 Castelle‚
499 868 622 920 quod
649 871 807 910 essent
835 872 1096 922 presentes,
1125 870 1202 922 qui
1231 870 1481 911 noluerunt
1509 869 1758 922 interesse;
1788 869 1912 923 quod
1936 881 2022 912 rex

250 950 360 991 egre
388 941 432 980 et
458 938 648 991 indigne
674 939 791 981 tulit.

373 1009 422 1050 In
450 1010 702 1051 crastinum
732 1009 806 1051 die
836 1010 995 1053 martis
1022 1023 1107 1052 rex
1135 1011 1260 1053 venit
1287 1011 1538 1064 improvise
1567 1012 1625 1054 ad
1653 1011 1899 1065 collegium
1925 1024 2021 1054 car-

250 1080 475 1122 dinalium
504 1084 831 1133 congregatum
860 1085 905 1122 et
934 1082 1142 1123 recitavit
1172 1083 1526 1135 responsionem
1557 1083 1825 1125 hesternam
1855 1085 2021 1136 petens

250 1151 415 1193 iterum
444 1151 572 1193 illam
601 1151 956 1204 responsionem
986 1153 1074 1195 sibi
1104 1153 1227 1205 fieri,
1257 1157 1303 1195 ut
1332 1154 1501 1195 habeat
1530 1154 1901 1206 instrumentum,
1930 1165 2019 1206 que

248 1222 350 1275 pari
380 1222 515 1265 modo
544 1222 665 1265 facta
695 1223 796 1275 fuit,
825 1227 870 1265 et
898 1223 1059 1276 petivit
1087 1223 1457 1266 instrumentum.
1502 1224 1553 1266 D.
1585 1227 1737 1266 autem
1768 1224 2021 1266 cardinalis

248 1293 548 1336 Venetiarum
582 1295 728 1347 magis
760 1294 942 1347 aperuit
974 1295 1031 1336 de
1064 1295 1251 1337 decreto
1283 1299 1327 1336 et
1360 1299 1485 1337 metu
1519 1296 1647 1337 illato
1678 1308 1764 1349 per
1797 1295 2020 1337 Karolum

252 1365 490 1407 Malateste
528 1368 572 1406 et
610 1365 921 1418 patriarcham
959 1366 1313 1418 Antiochenum,
1350 1367 1427 1419 qui
1469 1366 1585 1408 illud
1623 1365 1860 1408 decretum
1899 1365 2019 1407 dice-

247 1435 380 1477 batur
406 1436 693 1489 excogitasse
719 1439 763 1477 et
788 1436 973 1478 modum
998 1437 1309 1489 extorquendi
1333 1449 1611 1479 consensum
1637 1450 1662 1478 a
1686 1436 2017 1479 cardinalibus.

245 1506 330 1557 Qui
357 1506 443 1548 fuit
469 1506 588 1558 talis,
616 1507 752 1559 quod,
779 1520 880 1548 cum
908 1507 1055 1550 dictus
1082 1507 1283 1550 Karolus
1309 1507 1505 1550 haberet
1531 1508 1723 1561 plenum
1750 1507 2017 1549 mandatum

247 1578 305 1619 ab
325 1577 435 1619 olim
455 1581 614 1619 vocato
636 1577 863 1631 Gregorio
884 1579 930 1619 in
953 1591 1037 1620 sua
1057 1578 1330 1620 obediencia
1352 1578 1671 1621 renunciando
1692 1591 1775 1621 suo
1795 1581 2018 1631 pretenso

245 1649 434 1701 papatui
465 1652 509 1690 et
536 1649 863 1691 concordasset
892 1650 1185 1702 renunciare,
1215 1649 1302 1691 fuit
1332 1650 1420 1692 sibi
1451 1652 1732 1703 suggestum,
1762 1648 1886 1702 quod
1914 1649 2017 1702 ipse

245 1719 419 1760 diceret
451 1719 780 1772 cardinalibus,
814 1720 937 1773 quod
967 1733 1205 1773 nunquam
1238 1719 1549 1772 renunciaret,
1581 1719 1672 1761 nisi
1704 1719 1793 1773 ipsi
1825 1731 2017 1761 consen-

243 1791 384 1832 tirent
412 1789 481 1831 illi
512 1790 698 1832 decreto
726 1790 900 1843 fiendo,
930 1791 1053 1844 quod
1080 1795 1124 1832 et
1154 1791 1270 1833 dixit
1299 1791 1394 1833 illis
1423 1804 1524 1832 cum
1553 1790 1818 1843 patriarcha
1845 1793 1890 1832 et
1918 1790 2016 1842 qui-

244 1860 439 1903 busdam
469 1860 574 1903 aliis
603 1862 753 1903 minas
783 1861 1046 1914 inferendo,
1077 1862 1213 1914 quod,
1242 1861 1332 1904 nisi
1362 1861 1692 1914 consentirent,
1721 1864 1880 1903 essent
1908 1860 2016 1902 scis-

244 1931 393 1973 matici
429 1935 473 1973 et
508 1931 789 1985 impedirent
826 1932 1043 1974 unionem
1078 1933 1290 1974 ecclesie.
1338 1933 1454 1974 Ymo
1488 1935 1647 1974 contra
1681 1944 1762 1974 eos
1797 1933 2014 1985 ageretur

242 2002 299 2044 de
333 2002 602 2055 perdicione
638 2003 708 2044 sui
743 2006 902 2044 status.
948 2003 1049 2044 Jam
1084 2003 1207 2044 enim
1241 2004 1403 2056 plures
1437 2003 1822 2045 machinabantur
1854 2004 2012 2044 contra

243 2085 341 2122 eos;
367 2076 411 2115 et
433 2073 537 2126 quia
563 2074 841 2115 recusabant
862 2073 1141 2125 consentire,
1165 2074 1420 2116 insurrexit
1443 2086 1601 2115 rumor
1623 2086 1818 2126 magnus
1840 2072 1887 2114 in
1910 2084 2014 2114 con-

241 2144 360 2197 cilio,
402 2144 524 2196 quod
565 2144 829 2186 cardinales
873 2144 1189 2197 impediebant
1230 2145 1450 2185 unionem
1491 2147 1536 2186 et
1577 2143 2012 2185 scandalizabantur

242 2215 433 2256 multum
463 2218 508 2256 et
536 2215 705 2267 taliter,
736 2215 859 2266 quod
889 2227 1050 2256 omnes
1079 2214 1280 2267 oportuit
1309 2215 1587 2256 consentire.
1629 2213 1747 2265 Quin
1775 2226 1879 2266 ymo
1909 2225 2010 2255 cum

244 2285 359 2327 illud
385 2284 621 2326 decretum
646 2285 882 2337 legeretur
907 2285 953 2326 in
979 2286 1189 2327 sessione
1216 2288 1259 2326 et
1285 2285 1326 2326 d.
1353 2284 1604 2327 cardinalis
1629 2284 1662 2326 F
1668 2283 1928 2326 lorentinus
1952 2296 2011 2325 ex

238 2359 370 2409 parte
407 2355 712 2397 cardinalium
750 2356 975 2398 voluisset
1011 2356 1168 2408 aliqua
1203 2368 1468 2408 proponere
1506 2355 1564 2397 ad
1600 2355 2007 2396 conservacionem

241 2427 356 2467 iuris
384 2438 545 2468 eorum
574 2426 619 2466 in
649 2426 892 2478 electione,
922 2426 1008 2467 fuit
1038 2426 1286 2479 impeditus
1314 2438 1399 2479 per
1427 2426 1739 2479 patriarcham
1767 2424 2011 2467 Antioche·

239 2509 348 2538 num
377 2496 520 2538 eciam
549 2509 649 2537 cum
677 2497 893 2538 clamore.
936 2497 987 2538 D.
1018 2499 1171 2538 autem
1199 2496 1450 2538 cardinalis
1479 2496 1677 2538 Pisanus
1704 2496 1858 2549 peciit,
1886 2494 2008 2548 quod

240 2568 286 2608 in
328 2568 634 2609 instrumento
673 2567 832 2609 fiendo
872 2567 970 2620 regi
1010 2567 1066 2608 de
1107 2567 1414 2620 responsione
1453 2566 1715 2609 securitatis
1753 2568 2008 2620 poneretur

239 2639 384 2679 eciam
407 2638 487 2679 illa
510 2638 754 2690 responsio
775 2638 831 2679 de
854 2641 977 2679 metu
999 2637 1045 2678 in
1069 2638 1149 2679 illo
1171 2637 1370 2679 decreto.
1406 2637 1460 2679 Et
1481 2637 1568 2679 fuit
1589 2640 1776 2690 rogatus
1797 2636 2007 2678 notarius

238 2708 294 2749 de
330 2709 411 2750 illa
444 2708 725 2760 excepcione
759 2711 907 2750 metus
941 2708 1098 2750 facere
1134 2709 1490 2750 instrumentum
1524 2711 1569 2749 et
1602 2707 1725 2760 quod
1759 2709 2006 2759 antequam

238 2779 368 2820 daret
397 2779 492 2832 regi
521 2779 892 2830 instrumentum,
919 2778 1187 2820 ostenderet
1215 2778 1435 2820 minutam
1464 2777 1794 2820 cardinalibus.

354 2849 452 2890 Rex
481 2849 645 2890 iterum
676 2849 851 2902 rogavit
880 2850 1126 2902 collegium
1155 2849 1476 2900 cardinalium,
1506 2848 1628 2901 quod
1657 2848 1874 2889 celeriter
1901 2859 2006 2900 pro-

238 2920 482 2961 cederetur
506 2920 563 2961 ad
586 2920 859 2961 eiectionem
885 2920 1009 2961 Petri
1033 2920 1090 2961 de
1115 2920 1244 2961 Luna
1266 2922 1311 2961 et
1332 2919 1577 2960 videbatur
1601 2919 1859 2970 imminere,
1883 2917 2005 2970 quod

237 2990 382 3032 eciam
422 2990 770 3043 procederetur,
812 2991 977 3043 legatis
1020 2989 1236 3032 Castellis
1279 2988 1560 3042 irrequisitis
1599 2988 1674 3031 vel
1714 3000 1807 3030 non
1847 2987 2004 3040 unitis,
