2227 3434
497 143 541 179 A.
582 142 782 179 Fillastres
809 141 926 179 Gesta
952 142 1103 179 concilii
1128 141 1445 178 Constantiensis.
1773 142 1856 186 159

88 263 176 306 bus
198 263 247 305 in
265 274 463 305 numero
485 261 755 314 sufficienti,
779 262 841 304 ita
864 261 987 314 quod
1007 261 1169 303 habuit
1193 260 1251 303 de
1274 260 1471 314 singulis
1494 260 1766 302 nacionibus
1793 260 1855 302 IV

88 337 134 376 et
156 333 214 376 de
237 332 472 386 aliquibus
494 333 616 386 plus,
640 335 686 374 et
707 344 800 374 non
824 332 1030 374 restabat
1054 331 1142 374 sibi
1166 331 1225 373 ad
1246 334 1467 384 papatum
1490 330 1581 372 nisi
1605 343 1695 372 vox
1718 331 1857 372 unius

87 403 354 457 cardinalis,
377 404 635 457 pluresque
660 405 971 445 recesserunt.
1008 401 1100 444 Res
1127 401 1215 444 fuit
1241 401 1528 454 aliquamdiu
1553 402 1600 443 in
1627 413 1857 454 suspenso

87 477 133 516 et
166 474 373 517 silencio.
421 473 696 516 Cardinales
731 474 876 515 sancti
911 472 1054 515 Marci
1086 475 1131 514 et
1164 472 1221 514 de
1258 472 1386 514 Fuxo
1420 475 1667 525 presentes
1700 475 1746 513 et
1778 471 1857 524 qui

87 545 205 587 nulli
261 547 568 598 accesserant,
623 544 821 586 invicem
877 543 1188 597 loquebantur
1242 546 1287 585 et
1341 543 1565 585 timebant
1620 542 1856 584 accedere.

88 615 263 658 Verum
288 615 582 658 attendentes
607 618 783 657 tantum
807 627 1081 657 concursum
1105 626 1268 655 vocum
1291 613 1339 655 in
1362 626 1505 655 unum
1529 616 1574 655 et
1598 613 1857 664 credentes,

88 685 213 739 quod
240 685 474 739 absentes,
503 686 582 739 qui
611 688 977 738 reverterentur,
1006 684 1295 738 accederent,
1324 684 1707 726 deliberaverunt
1735 695 1859 725 acce-

89 756 202 799 dere
227 760 271 799 et
295 756 491 798 dicendo
514 769 600 810 per
624 768 848 810 organum
873 755 1126 798 cardinalis
1151 756 1296 798 sancti
1325 755 1462 797 Marci
1487 755 1572 797 hec
1597 755 1758 796 verba:
1786 754 1858 795 Ad

89 826 492 870 consumacionem
515 827 654 869 huius
679 827 837 880 operis
863 830 908 869 et
934 826 1120 869 unionis
1146 826 1343 868 ecclesie
1371 825 1632 868 accedimus
1658 838 1743 868 nos
1768 825 1859 866 duo

92 898 151 941 ad
172 898 215 941 d.
237 898 523 941 cardinalem
547 897 605 940 de
629 897 901 951 Columpna.
937 898 992 939 Et
1014 898 1077 940 ita
1101 897 1216 939 dixit
1239 896 1490 939 cardinalis
1513 897 1570 938 de
1596 896 1738 938 Fuxo.
1762 896 1860 948 Quo

91 968 210 1012 dicto
242 969 396 1012 statim
429 969 610 1011 levatus
644 971 714 1011 est
747 971 792 1011 et
823 969 1002 1022 positus
1035 967 1082 1009 in
1115 967 1264 1010 altari.
1310 968 1344 1009 F
1348 967 1506 1010 iebant
1539 967 1664 1009 enim
1694 967 1780 1008 hec
1812 967 1860 1008 in

90 1039 286 1094 capella.

208 1110 304 1152 Hoc
337 1109 476 1152 facto:
527 1110 591 1152 Te
627 1110 777 1152 Deum
813 1109 1057 1152 laudamus
1093 1109 1378 1151 cantabatur.

208 1180 288 1223 Est
325 1184 479 1224 autem
513 1181 783 1234 notandum,
821 1180 958 1234 quod,
997 1180 1106 1223 dum
1143 1180 1317 1222 fierent
1355 1192 1584 1233 accessus,
1621 1179 1861 1233 processio

90 1251 327 1305 generalis
360 1251 541 1294 concilii
575 1254 620 1294 et
653 1251 767 1294 cleri
800 1251 1011 1304 civitatis,
1046 1252 1094 1292 in
1129 1263 1219 1304 quo
1253 1254 1386 1293 erant
1419 1250 1555 1304 pueri
1589 1251 1861 1292 innocentes

86 1323 283 1366 civitatis
302 1322 404 1365 fere
429 1322 489 1364 IIc
503 1321 552 1363 in
567 1322 929 1375 superpelliciis,
944 1321 1070 1363 venit
1085 1333 1240 1363 coram
1255 1320 1461 1363 conclavi
1475 1321 1723 1373 psallendo
1737 1319 1863 1372 hym-

90 1405 219 1435 num:
257 1393 378 1435 Veni
402 1396 597 1447 creator,
622 1393 701 1447 qui
726 1392 1038 1435 audiebantur
1062 1393 1186 1435 clare
1214 1392 1270 1434 de
1297 1392 1516 1434 conclavi.
1554 1392 1608 1434 Et
1633 1392 1861 1433 electores

91 1463 234 1506 flexis
267 1463 466 1518 genibus
501 1467 753 1507 oraverunt
787 1467 833 1506 et
866 1464 1030 1517 plures
1065 1463 1124 1506 ad
1158 1463 1374 1506 lacrimas
1409 1463 1600 1504 fuerunt
1636 1461 1861 1504 commoti.

93 1534 201 1578 Post
220 1534 307 1577 hec
327 1534 568 1588 perfectus
591 1538 661 1577 est
683 1547 898 1578 accessus
921 1538 966 1576 et
987 1534 1174 1587 eleccio,
1198 1537 1246 1576 ut
1267 1533 1588 1587 prescribitur,
1612 1533 1861 1575 celebrata.

93 1605 148 1648 Et
166 1605 315 1648 vocati
335 1608 441 1648 sunt
460 1617 637 1659 omnes,
659 1606 737 1659 qui
759 1605 815 1647 de
838 1606 937 1647 loco
957 1608 1266 1658 recesserant,
1287 1605 1527 1658 electoque
1548 1606 1698 1646 stante
1720 1615 1862 1656 super

93 1676 239 1718 altare
269 1679 315 1719 et
344 1676 626 1719 electoribus
655 1675 928 1718 sedentibus
959 1678 1198 1729 resumpta
1229 1678 1299 1717 est
1328 1675 1502 1717 eleccio
1532 1686 1787 1727 omnesque
1818 1676 1863 1715 et

94 1746 264 1800 singuli
284 1749 378 1789 tam
399 1746 664 1790 cardinales
686 1759 824 1800 quam
846 1746 925 1788 alii
948 1745 1248 1799 singulariter
1272 1745 1443 1799 singuli
1464 1745 1597 1787 illum
1619 1746 1863 1798 elegerunt

93 1820 137 1859 et
164 1818 310 1870 petito
339 1817 397 1860 ab
427 1830 485 1860 eo
514 1830 599 1860 suo
628 1829 860 1860 consensu
888 1817 1126 1858 humiliter
1156 1817 1404 1859 consensit.
1447 1816 1574 1858 Tunc
1603 1828 1764 1858 omnes
1795 1828 1864 1857 se-

94 1887 293 1930 cundum
319 1901 454 1931 suum
482 1888 696 1930 ordinem
722 1891 954 1930 venerunt
982 1887 1041 1930 ad
1068 1888 1226 1930 oscula
1253 1887 1402 1941 pedis,
1430 1899 1595 1930 manus
1623 1890 1668 1928 et
1695 1887 1790 1928 oris
1819 1889 1863 1927 et

94 1957 157 2001 ita
179 1971 267 2013 per
295 1971 458 2003 omnes
485 1962 702 2012 receptus
731 1962 800 2001 est
830 1960 878 2001 in
904 1959 1162 2001 Romanum
1190 1961 1235 2000 et
1264 1970 1493 2001 summum
1520 1957 1790 2012 pontificem
1818 1959 1864 1998 et

94 2040 370 2082 persuasum
397 2033 470 2073 est
499 2030 604 2084 sibi,
633 2042 719 2084 pro
747 2030 925 2072 honore
956 2029 1101 2072 sancti
1134 2028 1317 2072 Martini
1347 2032 1592 2071 vocaretur
1626 2027 1863 2080 Martinus,

96 2100 218 2153 quod
246 2100 404 2143 voluit.
446 2099 628 2143 Deinde
657 2100 898 2143 descendit
927 2103 972 2142 et
1001 2100 1089 2142 fuit
1116 2100 1312 2142 vestitus
1342 2099 1462 2142 albis
1492 2111 1544 2142 ac
1573 2098 1864 2142 socularibus

97 2170 254 2214 rubeis
279 2184 381 2213 cum
408 2183 543 2213 cruce
569 2174 615 2214 et
640 2171 830 2214 indutus
854 2170 1050 2224 pluviali
1076 2174 1122 2213 et
1146 2171 1283 2213 mitra
1309 2173 1354 2212 et
1381 2171 1614 2223 repositus
1640 2169 1688 2211 in
1715 2168 1863 2212 altari.

96 2241 198 2284 «Iam
223 2242 349 2285 enim
374 2242 629 2285 intraverat
654 2242 1042 2285 vicecamerarius
1069 2241 1357 2283 introductus
1384 2253 1469 2294 per
1495 2240 1767 2294 fenestram,
1794 2251 1864 2282 re-

99 2315 218 2356 mota
241 2313 372 2366 virga
396 2312 568 2357 ferrea.

212 2382 373 2426 Statim
406 2386 511 2438 post
543 2384 731 2425 intravit
764 2395 849 2425 rex
880 2383 1193 2425 Romanorum
1227 2385 1271 2424 et
1304 2383 1525 2436 magister
1557 2381 1674 2424 Rodi
1706 2383 1751 2423 et
1784 2380 1863 2423 alii

98 2452 258 2505 plures
280 2453 516 2496 adoraturi
541 2466 724 2507 papam.
762 2453 1038 2496 Familiares
1064 2456 1217 2496 autem
1242 2452 1579 2506 recolligebant
1604 2452 1865 2505 suppellec—

97 2523 225 2566 tilem
249 2527 295 2567 et
319 2524 526 2578 ligabant
551 2524 786 2578 nichilque
814 2524 901 2566 fuit
927 2524 1146 2577 ablatum,
1174 2523 1258 2566 sed
1285 2523 1480 2577 quilibet
1506 2523 1656 2565 libere
1684 2535 1767 2565 sua
1793 2534 1864 2563 re-

98 2594 309 2646 portavit.

214 2664 324 2708 Erat
348 2664 453 2707 fere
480 2677 573 2707 una
600 2665 715 2708 hora
739 2668 844 2719 post
870 2664 1114 2706 meridiem
1142 2667 1187 2706 et
1215 2664 1316 2707 sine
1342 2663 1541 2718 prandio
1568 2666 1727 2717 preter
1754 2675 1864 2716 pau-

100 2744 190 2788 cos,
209 2737 257 2777 et
280 2735 493 2778 ordinata
517 2739 587 2778 est
610 2736 848 2789 processio
873 2736 1126 2777 electorum
1151 2735 1209 2777 ad
1234 2734 1494 2776 ducendum
1518 2746 1687 2787 papam
1712 2733 1772 2776 ad
1793 2745 1864 2775 ec-

100 2803 288 2847 clesiam
319 2804 634 2848 cathedralem
669 2805 912 2859 factusque
948 2809 1018 2849 est
1052 2818 1245 2859 magnus
1280 2817 1531 2847 concursus
1564 2804 1860 2858 populorum3

101 2874 284 2917 tranivit
315 2877 554 2929 processio
585 2877 632 2917 in
665 2888 831 2930 magna
862 2888 1101 2929 pressura.
1145 2875 1244 2917 Rex
1278 2887 1465 2928 semper
1496 2874 1637 2917 astitit
1669 2886 1804 2927 pape.

218 2945 354 2989 Facta
387 2949 433 2989 et
467 2946 683 2989 oracione
717 2950 763 2989 et
798 2946 1131 2989 benediccione
1167 2946 1214 2987 in
1249 2945 1448 2988 ecclesia
1482 2957 1604 2998 papa
1640 2948 1686 2986 et
1720 2944 1862 2986 ceteri

102 3013 284 3059 iverunt
327 3016 387 3059 ad
429 3016 692 3071 prandium.
748 3017 805 3060 Et
847 3016 911 3060 ita
955 3016 1068 3060 finis
1112 3015 1240 3060 illius
1283 3015 1393 3070 diei,
1437 3015 1530 3058 nisi
1574 3014 1699 3068 quod
1740 3025 1863 3068 papa
