2102 3444
231 148 312 192 104
755 147 781 182 Ι.
815 147 1025 182 Abschnitt.
1072 146 1472 191 Konzilstagebficher.

229 270 272 308 et
299 270 525 319 peterent.
568 266 622 308 Et
649 266 710 308 ita
737 268 1047 308 recesserunt.
1090 264 1297 318 Collegio
1325 277 1417 307 non
1445 269 1722 319 congregato
1748 264 1996 318 presidens

228 337 434 379 nacionis
474 337 626 378 Ytalie
666 336 794 389 dixit,
834 336 956 388 quod
994 336 1079 377 hoc
1117 339 1313 388 poneret
1353 337 1398 377 in
1438 336 1786 378 deliberacione
1826 336 1873 377 in
1912 348 1994 378 sua

228 408 437 449 nacione.
476 407 729 449 Presidens
755 406 907 448 Gallie
934 406 1062 458 dixit,
1086 419 1176 458 que
1201 409 1331 459 gesta
1355 410 1487 448 erant
1514 407 1559 447 in
1585 405 1818 459 deputatis
1842 406 1888 448 in
1914 418 1997 449 sua

228 477 421 519 nacione
452 477 510 520 ad
539 477 829 519 tractandum
859 480 907 518 ut
937 489 1092 530 supra,
1123 479 1167 518 et
1198 477 1320 529 quod
1351 477 1408 519 ad
1437 477 1521 519 hoc
1551 476 1695 518 eciam
1727 476 1998 530 loqueretur

228 547 273 589 in
306 560 389 590 sua
419 548 628 590 nacione.
674 548 884 600 Hispani,
918 547 1092 590 scilicet
1122 548 1451 600 Aragonenses
1482 551 1527 589 et
1559 548 1767 600 Navarri,
1799 547 1923 589 idem
1953 550 1999 589 et

228 619 385 671 multa,
417 619 539 671 quod
569 622 670 660 erat
700 630 915 671 magnum
947 617 1206 670 periculum
1237 617 1342 660 illos
1374 618 1431 659 de
1464 618 1669 660 Castella
1697 629 1999 670 exasperare,

228 689 305 742 qui
332 689 452 731 iusta
478 690 714 742 petebant,
742 692 786 731 et
814 689 937 742 quod
964 692 1156 741 poss-ent
1182 688 1419 741 recedere,
1448 692 1493 730 et
1521 689 1558 730 si
1589 687 1879 741 recederent,
1904 700 1998 731 non

210 763 353 816 desset
390 760 514 812 unio,
553 760 735 812 ipsique
772 751 1117 813 Aragonenses,
1154 760 1231 813 qui
1270 763 1314 802 et
1351 772 1512 801 omnes
1551 771 1737 812 semper
1772 759 1999 812 Hispanie

229 830 420 872 fuerunt
443 830 586 882 unite,
612 843 661 872 se
687 843 779 872 non
805 833 1096 883 separarent,
1120 834 1165 872 et
1189 830 1312 883 quod
1336 833 1564 872 venerant
1587 842 1673 883 pro
1697 830 1885 883 unione,
1910 829 2000 883 ipsi

228 913 320 943 non
354 901 631 943 recederent
663 901 801 943 divisi
835 914 861 943 a
895 902 1005 945 suis.
1055 900 1356 943 Presidentes
1389 900 1635 942 nacionum
1669 900 1920 943 Germanie
1954 903 2000 943 et

228 972 395 1025 Anglie
430 974 770 1013 consenserunt
803 971 915 1024 regi.
962 971 1174 1014 Breviter
1207 971 1323 1013 dixit
1356 983 1454 1023 rex,
1490 971 1614 1024 quod
1645 983 1884 1024 nunquam
1918 971 1999 1013 ille

229 1042 318 1084 due
350 1041 572 1085 naciones
605 1041 771 1084 darent
805 1042 1050 1095 deputatos
1084 1042 1142 1084 ad
1173 1042 1404 1095 premissa
1437 1054 1538 1084 cum
1572 1041 1677 1084 aliis
1709 1041 1999 1085 nacionibus.

230 1113 284 1155 Et
315 1113 379 1155 sic
409 1116 720 1155 recesserunt.

346 1184 457 1238 Hea)
490 1183 744 1225 divisiones
772 1183 1031 1237 procedunt
1059 1196 1119 1225 ex
1147 1196 1216 1236 eo,
1246 1184 1369 1236 quod
1398 1183 1529 1225 multi
1557 1184 1735 1236 timent,
1766 1183 1889 1237 quod
1916 1196 2001 1226 rex

229 1256 342 1297 velit
379 1255 556 1297 habere
594 1267 763 1308 papam
803 1255 861 1297 ad
898 1255 1183 1296 voluntatem
1221 1267 1366 1306 suam,
1405 1258 1451 1296 et
1489 1255 1567 1307 qui
1606 1267 1718 1297 suus
1756 1255 1827 1296 sit.
1878 1254 2001 1296 Exiit

231 1338 384 1367 sermo
407 1325 528 1367 inter
551 1326 727 1379 plureS,
751 1325 875 1378 quod
896 1325 1040 1378 aliqui
1064 1328 1110 1367 et
1130 1326 1280 1378 pauci,
1305 1337 1500 1378 quorum
1524 1324 1732 1368 consiliis
1754 1337 1840 1367 rex
1860 1324 2002 1368 utitur

229 1400 274 1438 et
297 1396 497 1438 maxime
521 1395 785 1449 patriarcha
808 1396 1126 1438 Antiochenus
1149 1399 1194 1438 et
1218 1395 1597 1449 archiepiscopus
1625 1395 2002 1449 Mediolanensis‚

230 1467 308 1520 qui
343 1467 470 1509 favet
504 1468 602 1520 regi
638 1470 830 1520 propter
865 1466 1030 1509 federa
1065 1467 1186 1508 inter
1221 1479 1357 1520 reges
1391 1466 1704 1508 Romanorum
1739 1469 1784 1508 et
1818 1466 2002 1520 Anglie,

231 1538 477 1580 consulunt
513 1539 627 1591 regi,
665 1538 789 1590 quod
825 1537 872 1579 in
909 1538 1096 1591 publica
1135 1537 1345 1580 sessione
1384 1538 1537 1579 statim
1574 1540 1678 1590 post
1716 1538 2002 1580 sentenciam

231 1610 370 1651 latam
399 1612 557 1651 contra
586 1609 775 1650 Petrum
805 1609 862 1650 de
891 1608 1022 1651 Luna
1050 1609 1250 1662 eligatur
1278 1621 1399 1651 unus
1428 1621 1550 1661 papa
1579 1611 1625 1650 et
1651 1607 1917 1651 nominetur
1944 1607 2003 1651 ad

231 1681 481 1722 clamorem
518 1679 826 1722 multitudinis
861 1683 907 1722 et
942 1680 1066 1733 quod
1102 1679 1192 1722 iam
1231 1679 1449 1732 stipulate
1487 1682 1593 1721 sunt
1627 1691 1764 1722 voces
1797 1679 2003 1733 plurium

231 1751 532 1804 prelatorum,
563 1750 641 1803 qui
671 1763 720 1793 se
750 1751 809 1792 ad
836 1751 923 1792 hoc
952 1750 1344 1803 subscripserunt.
1385 1750 1515 1801 Quod
1543 1750 1581 1792 si
1613 1750 1675 1792 ita
1703 1749 1857 1803 fieret,
1886 1749 2004 1792 veri-

233 1822 385 1864 simile
421 1825 492 1864 est
526 1824 718 1874 propter
754 1821 1039 1873 inimicicias,
1076 1834 1191 1874 quas
1228 1833 1313 1862 rex
1348 1821 1490 1863 habet
1526 1824 1685 1863 contra
1721 1820 1923 1864 Ytaliam
1958 1823 2004 1863 et

236 1893 477 1935 Franciam
513 1896 558 1934 et
591 1892 1006 1934 confederaciones
1042 1905 1203 1945 regum
1239 1892 1432 1934 Francie
1467 1895 1512 1934 et
1547 1891 1766 1944 Castelle,
1801 1891 1925 1945 quod
1958 1891 2004 1934 in

235 1963 328 2006 illis
362 1963 573 2017 partibus
607 1976 700 2004 non
736 1963 1021 2015 obediretur,
1056 1963 1146 2005 nisi
1182 1963 1266 2004 fiat
1300 1963 1473 2005 eleccio
1506 1963 1726 2005 canonice
1761 1965 1807 2004 et
1840 1962 2004 2004 libere.

237 2035 347 2076 Ideo
385 2035 558 2077 talibus
598 2034 746 2076 modis
785 2035 947 2087 plures
986 2034 1150 2075 nolunt
1188 2034 1466 2076 consentire.
1521 2033 1796 2076 Cardinales
1836 2036 2004 2085 autem,

235 2106 272 2148 si
303 2106 394 2148 sint
422 2104 574 2158 liberi,
603 2106 691 2158 ipsi
719 2104 949 2146 viderunt.

353 2175 706 2229 Consequenter
748 2175 824 2217 die
866 2175 1025 2217 martis
1067 2188 1151 2216 rex
1193 2175 1371 2227 videns,
1413 2175 1536 2228 quod
1576 2187 1670 2217 non
1709 2175 1907 2217 haberet
1946 2174 2005 2217 ad

235 2250 389 2288 votum
430 2259 562 2289 suum
602 2259 764 2288 omnes
802 2246 1038 2299 naciones,
1078 2246 1374 2299 congregavit
1413 2258 1575 2288 omnes
1613 2246 1791 2299 legatos
1829 2257 2006 2299 regum,

196 2317 400 2359 *ducum
425 2321 470 2359 et
495 2316 850 2359 universitatum
876 2316 1156 2359 Parisiensis
1181 2319 1226 2358 et
1250 2313 1571 2370 Oxoniensis¹')
1600 2319 1645 2358 et
1668 2316 1912 2370 proposuit
1935 2315 2005 2358 eis

234 2388 470 2430 decretum
498 2388 672 2429 dudum
698 2388 869 2429 factum
895 2400 980 2440 per
1007 2387 1267 2439 concilium,
1294 2399 1379 2440 per
1405 2387 1528 2440 quod
1555 2386 1711 2429 statuit
1736 2390 1782 2429 et
1807 2386 2005 2439 ordinat,

235 2459 357 2511 quod
381 2459 537 2500 futura
560 2459 733 2500 eleccio
756 2471 876 2512 pape
901 2458 986 2500 fiat
1010 2457 1158 2510 modo,
1183 2458 1347 2510 forma,
1371 2458 1485 2510 loco,
1507 2460 1717 2510 tempore
1742 2460 1787 2500 et
1810 2457 2005 2500 materia

235 2541 320 2583 per
351 2529 594 2571 concilium
627 2529 915 2583 ordinandis,
948 2532 993 2571 et
1025 2528 1161 2582 quod,
1194 2528 1231 2570 si
1263 2528 1528 2570 cardinales
1559 2528 1621 2571 ita
1652 2528 1829 2570 vellent
1858 2531 2007 2571 trans-

235 2601 362 2642 ferre
393 2601 464 2643 ius
492 2613 625 2642 suum
653 2600 699 2641 in
727 2600 985 2652 concilium,
1015 2599 1153 2652 legati
1180 2599 1384 2642 Castelle
1412 2599 1574 2641 unient
1603 2611 1666 2642 se.
1706 2599 1859 2651 Quare
1886 2598 2006 2641 dice-

235 2671 311 2713 bat
345 2671 608 2713 cardinales
643 2683 784 2724 super
816 2671 901 2712 hoc
936 2670 1244 2723 requirendos
1279 2682 1337 2711 ex
1371 2673 1502 2723 parte
1537 2670 1795 2724 legatorum
1828 2681 2004 2724 regum.

236 2743 290 2784 Et
309 2742 472 2795 petivit
491 2743 642 2795 primo
665 2755 689 2784 a
713 2742 875 2794 legatis
899 2741 1094 2783 Francie
1116 2740 1293 2782 dicens:
1328 2740 1606 2793 videbimus,
1626 2740 1739 2794 quid
1760 2740 1900 2783 faciet
1919 2752 2005 2783 rex

236 2812 443 2854 Francie.
497 2812 581 2854 Cui
620 2812 861 2865 respondit
901 2811 1278 2864 archiepiscopus
1318 2811 1618 2864 Turonensis,
1659 2811 1839 2864 legatus
1878 2811 2004 2865 regis

239 2883 447 2935 Francie,
491 2883 613 2935 quod
656 2895 740 2925 rex
786 2883 979 2924 Francie
1024 2882 1144 2924 inter
1187 2894 1349 2924 omnes
1393 2894 1529 2934 reges
1573 2882 1851 2924 christianos
1894 2881 2006 2924 fecit

237 2965 423 3006 semper
457 2956 502 2994 et
536 2953 688 3004 faciet,
723 2953 846 3006 quod
880 2952 1132 3006 pertinebit
1168 2952 1226 2994 ad
1261 2964 1422 3005 pacem
1457 2955 1502 2994 et
1536 2953 1757 2994 unionem
1791 2952 2003 2995 ecclesie.

273 3038 296 3039 ’ἶ
317 3038 369 3086 ἶεἰ)
392 3057 457 3083 Der
476 3063 577 3090 ,cyanzc
601 3056 767 3084 Absclmitt
788 3056 869 3090 fehlt
891 3058 921 3084 (¹.
963 3056 999 3090 b)
1020 3057 1066 3083 13:
1088 3055 1304 3088 Xotonensis3
1325 3056 1371 3082 D:
1392 3054 1652 3083 Exomanicnsis.
