2102 3444
296 120 379 163 112
824 119 849 153 Ι.
884 119 1094 154 Abschnitt.
1140 118 1540 164 Konzilstagebiicher.

297 238 495 280 articuli:
547 238 636 280 Iste
671 238 893 280 articulus
927 238 983 279 de
1016 239 1210 280 veritate
1245 241 1289 280 et
1320 238 1596 281 notorietate
1629 238 1853 292 probatur
1883 249 1969 291 per
2001 240 2065 280 tot

295 313 438 352 testes
460 313 504 350 et
526 310 645 351 tales
667 309 950 351 declarando
970 309 1220 362 dignitates
1241 312 1286 350 et
1308 309 1480 362 gradus
1503 310 1706 360 testium;
1729 311 1774 350 et
1796 311 1899 362 post
1921 308 2066 351 cardi-

296 380 416 421 nalis
442 380 585 422 sancti
614 380 750 421 Marci
778 380 887 421 fecit
912 392 1050 421 unam
1077 380 1266 421 brevem
1291 380 1651 432 conclusIonem,
1676 379 1799 432 quod
1822 378 2065 421 concilium

297 463 438 503 super
460 450 550 491 hiis
572 450 832 492 deliberate
855 450 1199 503 pronunciaret,
1221 454 1356 503 prout
1379 450 1436 492 de
1460 452 1560 492 iure
1582 450 1764 492 videret
1785 449 2065 502 faciendum,

296 524 342 562 ut
367 521 539 563 exinde
563 522 817 563 haberetur
840 524 994 574 optata
1019 521 1128 562 unio
1152 521 1363 563 ecclesie.
1400 522 1497 572 Quo
1520 522 1640 563 facto
1665 521 1783 562 lecta
1807 523 1879 563 est
1901 519 2067 562 cedula

295 604 437 645 super
463 593 708 645 premissis
735 592 932 634 formam
961 595 1234 644 sequentem
1263 592 1460 634 habens:

411 663 507 704 Hec
538 666 830 705 sacrosancta
861 663 1098 716 generalis
1131 663 1335 715 synodus
1366 663 1521 705 audita
1553 662 1786 704 relacione
1817 674 2066 715 processus

295 737 339 775 et
363 734 738 787 probacionum¹)
769 767 776 775 .
804 752 821 775 ·.
857 771 864 777 .

413 805 768 857 Consequenter
804 804 922 846 lecta
957 808 1026 846 est
1063 804 1362 846 confirmacio
1397 808 1442 846 et
1477 804 1759 857 approbacio
1795 803 2068 846 substracci-

296 876 398 917 onis
429 875 702 917 obediencie
733 876 853 917 facte
885 876 1023 918 Petro
1054 875 1110 917 de
1142 875 1271 917 Luna
1301 888 1385 928 per
1415 888 1573 928 regem
1603 875 1811 917 Nauarre
1842 877 1887 916 et
1917 873 2067 917 decla-

296 947 419 988 racio
451 949 609 999 contra
641 946 1020 988 constitucionem
1052 946 1262 989 eiusdem
1296 946 1420 988 Petri
1453 946 1680 988 adversus
1712 944 2067 987 substrahentes

295 1017 617 1059 obedienciam
647 1016 735 1059 sibi
766 1029 851 1070 per
881 1017 1034 1059 omnia
1067 1018 1247 1070 similis,
1280 1017 1395 1059 sicut
1425 1016 1511 1058 fuit
1542 1016 1659 1058 alias
1689 1015 1811 1059 facta
1840 1028 1926 1069 pro
1956 1027 2066 1069 rege

296 1088 561 1141 Aragonum
591 1100 746 1140 supra.

413 1158 513 1201 Hiis
541 1158 707 1201 diebus
734 1158 865 1200 multi
893 1158 1176 1200 adherentes
1204 1159 1302 1211 regi
1330 1158 1415 1200 visi
1446 1161 1553 1200 sunt
1577 1157 1790 1200 cedulam
1817 1169 1903 1211 per
1930 1156 2068 1199 colle-

294 1230 417 1283 gium
459 1229 766 1271 cardinalium
807 1229 1009 1271 oblatam
1052 1229 1416 1282 suprascriptam
1459 1230 1747 1282 impugnare,
1789 1229 1910 1270 inter
1951 1239 2067 1281 quos

296 1313 415 1342 unus
444 1300 602 1342 doctor
630 1300 797 1342 Petrus
824 1300 998 1342 Paulus
1025 1299 1246 1342 Ytalicus.
1293 1300 1376 1341 Ille
1405 1299 1571 1341 obtulit
1599 1312 1649 1342 se
1677 1298 1864 1352 publice
1893 1299 2068 1351 impug-

295 1374 511 1413 naturum
535 1371 609 1412 die
631 1372 820 1413 veneris
842 1374 946 1424 post
967 1370 1138 1413 festum
1161 1370 1369 1423 corporis
1393 1369 1578 1423 Christi,
1601 1382 1690 1423 que
1713 1369 1801 1412 fuit
1822 1369 1901 1411 XI.
1925 1368 2067 1422 Junii,

296 1443 343 1484 in
375 1442 474 1484 loco
505 1442 716 1484 nacionis
748 1441 1014 1484 Germanie.
1059 1442 1114 1483 Et
1146 1453 1288 1494 super
1319 1441 1404 1483 hoc
1434 1440 1589 1494 posuit
1619 1440 1809 1483 cedulas
1840 1439 1888 1482 in
1918 1439 2068 1482 valvis

296 1513 614 1566 ecclesiarum,
638 1515 830 1566 propter
854 1512 978 1565 quod
1000 1512 1264 1554 cardinales
1290 1511 1433 1565 aliqui
1457 1514 1502 1553 et
1526 1512 1689 1565 plures
1712 1524 1772 1552 ex
1793 1510 2067 1553 nacionibus

297 1584 448 1626 Ytalie
484 1587 528 1626 et
562 1583 714 1626 Gallie
750 1586 942 1637 propter
976 1583 1061 1624 hoc
1096 1583 1360 1636 congregati
1395 1583 1734 1624 constituerunt
1767 1581 1825 1623 de
1860 1581 2069 1635 qualibet

297 1655 483 1697 illarum
514 1654 759 1696 nacionum
794 1667 877 1696 sex
911 1654 1136 1708 doctores,
1168 1657 1265 1695 tres
1296 1653 1538 1706 theologos
1568 1655 1614 1694 et
1645 1655 1742 1696 tres
1772 1652 1976 1705 iuristas‚
2007 1664 2068 1694 ex

296 1726 466 1779 quibus
504 1726 594 1767 duo
631 1725 865 1767 debebant
903 1725 1070 1766 dictam
1107 1724 1319 1766 cedulam
1357 1724 1661 1777 comprobare
1696 1726 1743 1766 et
1777 1722 2067 1776 respondere

297 1797 582 1850 argumentis
605 1796 732 1837 illius
754 1799 799 1837 et
822 1795 899 1837 alii
922 1796 1159 1837 assistere.
1194 1795 1323 1837 Dicta
1345 1782 1498 1837 autem
1522 1794 1596 1842 die
1619 1794 1808 1837 veneris
1829 1805 2068 1847 comparu-

297 1870 433 1909 erunt
462 1867 624 1920 plures
656 1866 702 1908 in
735 1866 854 1908 dicto
886 1867 1002 1918 loco;
1037 1866 1120 1907 sed
1151 1866 1219 1907 illi
1251 1866 1308 1907 de
1339 1865 1534 1907 nacione
1567 1864 1817 1907 Germanie
1848 1864 2069 1918 prohibu-

296 1941 432 1980 erunt
464 1938 528 1979 ibi
560 1937 669 1979 fieri
701 1936 1082 1989 disputacionem.
1127 1937 1181 1978 Et
1211 1936 1352 1978 nichil
1383 1936 1471 1978 fuit
1502 1935 1687 1988 factum,
1720 1935 1843 1988 quod
1874 1934 2067 1977 multum

298 2009 397 2062 regi
422 2008 672 2061 displicuit,
699 2008 807 2060 quia
834 2008 1018 2050 volebat
1043 2008 1128 2048 hoc
1155 2007 1277 2049 fieri.
1316 2007 1432 2049 Ymo
1458 2006 1676 2059 creditur,
1701 2006 1826 2060 quod
1849 2006 1934 2048 hoc
1959 2005 2067 2047 fieri

298 2079 511 2122 faciebat.
557 2079 641 2121 Ille
670 2082 823 2121 autem
853 2078 1018 2120 Petrus
1048 2077 1220 2119 Paulus
1248 2078 1335 2119 fuit
1363 2080 1604 2130 reputatus
1633 2089 1659 2119 a
1685 2076 1900 2131 pluribus
1928 2079 2069 2118 teme-

299 2150 450 2193 rarius
474 2153 519 2192 et
543 2148 740 2192 derisus.

419 2221 543 2262 Inter
576 2221 661 2262 hec
694 2221 833 2273 legati
868 2220 992 2272 regis
1026 2219 1220 2261 Francie
1256 2222 1300 2260 et
1333 2221 1428 2260 tres
1462 2218 1726 2260 cardinales
1760 2217 1818 2259 de
1853 2217 2065 2259 Francia:

299 2291 665 2344 Cameracensis,
700 2290 845 2332 sancti
882 2289 1019 2332 Marci
1052 2293 1097 2331 et
1129 2289 1389 2341 Remensis,
1421 2291 1736 2331 tractaverunt
1767 2301 1869 2330 cum
1902 2288 2068 2341 legatis

298 2363 517 2415 Castelle,
537 2362 660 2415 quod
682 2374 731 2403 se
754 2361 941 2402 unirent
962 2359 1169 2412 concilio,
1192 2362 1364 2401 attenta
1386 2359 1540 2401 oblata
1561 2359 1726 2402 cedula
1745 2362 1791 2401 et
1810 2358 2066 2412 approbata

298 2447 383 2487 per
402 2433 623 2476 naciones
645 2432 798 2474 Ytalie
820 2435 864 2473 et
886 2431 1040 2473 Gallie
1060 2433 1105 2472 et
1125 2443 1209 2484 per
1231 2431 1408 2483 legatos
1430 2430 1464 2471 N
1469 2441 1651 2482 auarre,
1672 2433 1718 2471 et
1737 2430 2068 2483 Aragonenses

297 2505 515 2547 volebant
550 2516 653 2545 eam
689 2503 968 2556 approbare,
1004 2501 1042 2544 si
1077 2501 1183 2542 dicti
1220 2500 1358 2554 legati
1395 2499 1598 2542 Castelle
1634 2500 1811 2542 vellent
1846 2512 1896 2543 se
1931 2500 2067 2542 unire

298 2576 507 2627 concilio,
547 2578 592 2616 et
633 2573 756 2627 quod
794 2573 1105 2624 senciebatur,
1145 2571 1267 2624 quod
1306 2571 1352 2612 in
1393 2570 1586 2613 nacione
1628 2570 1879 2613 Germanic
1920 2571 1983 2613 ita
2021 2572 2068 2612 et

297 2645 464 2699 Anglie
500 2645 646 2687 maior
680 2657 789 2698 pars
824 2642 1151 2685 consenciebat
1184 2641 1363 2694 cedule,
1399 2641 1483 2683 sed
1517 2653 1610 2683 non
1645 2641 1880 2683 audebant
1913 2640 2068 2694 expri-

299 2729 425 2758 mere
459 2718 651 2769 propter
686 2727 856 2768 regem.
906 2713 1064 2767 Legati
1100 2712 1303 2755 Castelle
1337 2715 1676 2754 consenserunt
1710 2724 1760 2754 se
1793 2711 1948 2764 unire;
1984 2710 2067 2754 sed

298 2787 384 2829 fuit
421 2786 677 2828 difficultas
714 2786 771 2827 de
809 2784 1108 2827 concessione
1146 2783 1701 2835 factaJAragonensibus,
1738 2781 1862 2835 quod
1898 2782 1946 2823 in
1983 2793 2067 2824 sua

299 2858 491 2900 nacione
527 2857 756 2898 haberent
793 2854 1109 2897 auctoritatem
1145 2865 1306 2895 vocum
1341 2853 1546 2894 omnium
1582 2853 1870 2906 prelatorum
1905 2855 1950 2894 et
1986 2852 2068 2894 ali-

298 2941 444 2981 orum,
472 2929 548 2980 qui
580 2927 793 2968 solebant
822 2926 975 2967 vocari
1005 2925 1063 2967 ad
1092 2923 1285 2966 concilia
1312 2923 1553 2977 generalia
1582 2923 1639 2965 de
1667 2923 1826 2976 regnis
1852 2926 1899 2965 et
1926 2921 2068 2965 domi-

417 3022 448 3064 1)
479 3020 600 3054 Hardl
628 3019 694 3062 IV,
725 3020 833 3062 13335
864 3018 990 3053 Mansi
1019 3016 1178 3059 XXVII,
1209 3017 1308 3052 1126.
