2102 3444
296 145 379 188 702
729 142 795 175 ΙΙΙ.
828 139 1037 175 Abschnilt.
1080 138 1233 173 Reform
1266 138 1343 171 und
1377 136 1625 182 Verfassung.

295 268 378 313 est,
404 265 449 304 ut
476 262 520 302 in
545 274 599 303 ea
623 261 722 313 ἓν)
836 270 929 299 non
944 269 1003 298 ex
1030 255 1250 309 dignitate
1268 258 1345 297 aut
1359 258 1601 309 potestate,
1618 259 1688 298 set
1701 257 1776 298 vel
1792 269 1852 298 ex
1866 269 2062 300 numero

296 333 507 385 capitum,
536 344 625 384 quo
651 343 760 372 casu
787 328 1068 370 differentes
1092 331 1200 369 sunt
1228 326 1406 368 notorie
1435 330 1478 369 et
1507 327 1666 369 sensui
1695 327 1959 380 manifeste,
1986 328 2061 370 vel

295 416 352 444 cx
380 403 479 444 zelo
506 401 732 443 mencium
761 403 836 441 aut
864 398 1028 440 merito
1055 397 1210 439 iudicii
1239 397 1457 449 sanioris3
1487 400 1533 439 et
1557 397 1643 440 hoc
1671 401 1741 441 est
1765 397 1814 439 vin
1842 398 1936 441 illis
1964 399 2062 441 uni-

295 472 605 523 xersitatibus,
634 483 721 524 que
752 470 923 511 habent
953 469 1244 521 superiorem
1275 467 1488 521 iudicem,
1518 469 1595 521 qui
1624 472 1777 521 potest
1805 468 1862 510 de
1890 468 2063 512 talibus

296 542 585 584 differenciis
625 552 916 593 cognoscere.
969 540 1179 582 Potestas
1218 551 1339 592 pape
1381 539 1486 581 data
1525 542 1595 581 est
1634 538 1722 581 sibi
1762 552 1786 581 a
1826 539 1938 593 Deo,
1977 552 2062 594 pro

294 617 464 665 quanto
501 613 663 654 Petrus
697 611 969 653 constitutus
1003 613 1072 651 est
1107 610 1165 652 ab
1196 622 1257 651 eo
1288 610 1510 662 princeps
1545 610 1876 664 apostolorum,
1910 610 2062 664 quoad

294 687 565 736 potestatem
583 682 926 724 ¹iurisdiccionis
947 684 1121 723 tanturn
1145 684 1191 723 et
1210 681 1356 722 eciam
1374 680 1530 733 quoad
1552 680 1774 734 singulos,
1794 693 1888 723 non
1910 681 2061 734 quoad

295 755 550 796 universos.
588 753 797 795 Potestas
823 752 1003 794 concilii
1024 752 1133 794 ¹data
1159 755 1229 794 est
1254 751 1343 794 sibi
1365 764 1454 804 per
1478 751 1791 793 testimonium
1813 752 2063 795 ¹salvatoris

293 824 451 876 nostri,
473 824 660 876 quando
681 835 961 865 ascensurus
980 825 1083 864 erat
1106 822 1164 864 ad
1183 825 1380 875 patrem,
1404 822 1511 875 quia
1533 826 1639 864 tunc
1660 822 1864 877 proprie,
1884 822 2062 867 scilieet

292 899 392 947 post
420 898 612 936 mortem
642 894 828 946 Christi,
855 893 1050 946 apostoli
1079 896 1304 945 ceper-unt
1330 896 1662 946 representare
1690 893 2059 946 univers=itatem;

293 970 396 1008 ante
419 966 542 1007 enim
565 966 668 1018 ipso
688 965 874 1006 vivente
896 976 1082 1017 semper
1105 967 1240 1006 erant
1260 967 1308 1006 ut
1331 963 1595 1016 singulares
1616 976 1818 1017 per-sone
1842 977 1893 1007 ac
1913 965 2061 1007 eciam

292 1049 376 1089 per
406 1036 619 1089 spiritum
652 1039 859 1077 sanctum
891 1035 1180 1087 confirmata,
1214 1035 1292 1087 qui
1325 1035 1452 1078 venit
1481 1034 1530 1076 ¹in
1563 1035 1816 1087 discipulos
1847 1047 1940 1077 non
1971 1034 2062 1077 nisi

292 1107 485 1148 invicem
516 1107 830 1159 cOngregatos,
862 1110 906 1148 et
936 1106 993 1147 ab
1024 1105 1246 1158 apostolis
1277 1118 1327 1148 ac
1358 1106 1528 1147 sanctis
1558 1106 1771 1158 patribus
1798 1106 2061 1159 observata,

293 1179 367 1230 qui
408 1190 569 1219 omnes
608 1177 848 1230 graviores
887 1189 1050 1219 causas
1091 1176 1149 1218 ad
1188 1176 1407 1218 iudicium
1447 1176 1643 1218 ecclesie
1684 1177 1971 1230 referebant,
2011 1190 2062 1220 ac

293 1249 484 1301 insuper
519 1248 719 1289 naturali
756 1248 942 1289 racione
976 1247 1291 1300 comprobata,
1326 1259 1448 1300 nam,
1485 1247 1856 1301 quandocumque
1893 1247 1948 1290 fit
1981 1248 2062 1290 ali—

292 1319 414 1371 quod
440 1332 580 1360 unum
607 1331 692 1372 per
719 1319 1100 1371 aggregacionem
1129 1331 1188 1360 ex
1214 1319 1371 1360 multis
1398 1317 1547 1360 finitis
1575 1319 1672 1361 sive
1701 1331 1759 1360 ex
1782 1318 1943 1361 multis
1968 1331 2061 1361 non

291 1390 664 1442 dependentibus
690 1389 850 1432 *inesse
879 1392 926 1431 et
957 1388 1224 1431 conservari
1253 1389 1313 1431 ab
1345 1389 1501 1442 alliquo
1530 1402 1624 1431 uno
1655 1389 1781 1431 illius
1808 1388 2061 1442 aggregati,

294 1464 398 1502 tunc
419 1460 628 1514 perfecto
650 1458 846 1514 aliquab)
869 1461 970 1502 :sive
991 1463 1212 1513 potestas,
1231 1460 1357 1502 vinest
1375 1460 1456 1502 toti
1480 1460 1527 1502 in
1550 1463 1772 1513 quantum
1792 1464 1877 1514 est,
1898 1472 2059 1502 unum:

291 1536 333 1574 et
373 1532 409 1573 si
450 1531 658 1573 eiusdem
696 1531 883 1584 generis
921 1534 1129 1584 potestas
1165 1530 1287 1573 inest
1325 1534 1371 1572 et
1407 1531 1527 1584 parti
1568 1531 1643 1572 vel
1681 1532 1896 1584 partibus
1933 1531 2060 1573 illius

294 1603 442 1655 totius,
466 1602 547 1644 illa
569 1601 706 1644 totius
730 1602 877 1644 maior
899 1605 971 1644 est
995 1614 1132 1655 quam
1153 1601 1352 1644 *aliouiius
1376 1615 1458 1643 sue
1483 1601 1643 1656 partis,
1667 1603 1880 1655 quamvis
1902 1604 2061 1656 partes

290 1673 336 1714 in
360 1674 439 1715 illa
460 1676 685 1726 potestate
709 1673 799 1715 sint
818 1674 910 1716 sibi
932 1673 1129 1714 invicem
1147 1672 1468 1726 subordinate,
1488 1672 1743 1715 dummodo
1763 1673 1881 1715 illud
1901 1685 2060 1728 aggre-

290 1748 442 1795 gatum
474 1756 565 1785 non
599 1747 843 1786 censeatur
873 1756 1016 1785 unum
1046 1756 1134 1796 per
1166 1747 1430 1797 respectum
1463 1743 1522 1786 ad
1552 1743 1818 1786 huiusmodi
1851 1743 2060 1786 subordi-

291 1815 545 1867 nacionem,
573 1814 702 1856 sicud
726 1815 857 1857 verbi
883 1815 1037 1868 gracia
1063 1817 1133 1857 est
1160 1815 1207 1856 in
1234 1814 1427 1856 concilio
1453 1818 1744 1868 congregato.
1782 1814 1911 1858 Licet
1935 1815 2059 1857 enim

291 1909 297 1924 ;
335 1889 379 1927 nt
410 1885 698 1928 subordinati
728 1885 926 1927 invicem
953 1885 1123 1939 prelati
1151 1889 1197 1927 et
1225 1886 1332 1928 licet
1358 1889 1700 1939 congregentur
1728 1898 1815 1939 per
1840 1885 2060 1928 naciones

292 1955 363 1996 vel
387 1956 647 2008 provincias
672 1959 862 2009 propter
885 1956 1158 1998 facilitatem
1180 1956 1490 1998 conveniendi
1510 1961 1559 1999 et
1580 1956 1797 1998 noticiam
1820 1956 1918 1998 sive
1942 1955 2060 1998 fidu-

292 2026 419 2079 ciam,
456 2039 591 2079 quam
626 2030 876 2069 censentur
911 2027 1107 2069 invicem
1143 2027 1335 2080 habere,
1369 2031 1525 2069 tamen
1559 2039 1653 2069 non
1688 2027 1891 2070 reddunt
1924 2038 2059 2069 voces

292 2097 380 2137 nisi
407 2110 491 2149 per
517 2098 679 2150 capita.
719 2098 773 2140 Et
800 2098 907 2140 ideo
931 2099 978 2139 in
1005 2102 1228 2151 quantum
1253 2111 1312 2140 ex
1339 2098 1454 2151 ipsis
1481 2101 1659 2141 constat
1682 2097 1942 2152 concilium,
1966 2109 2059 2139 non

292 2167 485 2208 liabetur
514 2171 753 2220 respectus
782 2169 839 2210 ad
867 2169 1132 2211 huiusmodi
1159 2169 1618 2221 >subordinacionem3
1650 2169 1768 2212 alias
1792 2167 2058 2222 patriarcha

292 2238 386 2279 sivo
422 2238 598 2290 primas
631 2238 828 2281 haberet
862 2240 970 2292 plus
1006 2239 1063 2282 de
1099 2252 1209 2282 voce
1247 2252 1384 2292 quam
1421 2239 1800 2293 archiepiscopus
1835 2242 1882 2282 et
1915 2238 2058 2282 archi-

291 2308 535 2361 episcopus
561 2310 665 2362 plus
689 2323 825 2362 quam
849 2310 1096 2363 episcopus
1121 2314 1166 2353 et
1188 2311 1436 2364 episcopus
1458 2311 1567 2364 plus
1588 2323 1729 2363 quam
1754 2310 1914 2365 abbas,
1937 2308 2058 2364 quod

294 2391 381 2419 uon
420 2382 489 2421 est
522 2392 683 2421 verum
719 2393 871 2433 neque
909 2384 978 2423 est
1010 2381 1255 2434 possibile,
1291 2382 1383 2424 nisi
1420 2380 1566 2423 maior
1600 2393 1712 2435 pars
1748 2381 1931 2423 concilii
1966 2384 2057 2424 tiam

291 2449 440 2500 quoad
475 2462 716 2492 numerum
752 2464 888 2503 quam
923 2452 1075 2504 quoad
1108 2452 1381 2505 dignitatem
1417 2453 1464 2493 in
1498 2452 1583 2494 hoc
1617 2452 1901 2494 conveniret.
1945 2451 2056 2493 Nam

295 2520 367 2560 ubi
393 2520 727 2575 discordarent,
751 2534 852 2564 cum
877 2535 970 2564 non
995 2522 1052 2565 sit
1076 2522 1217 2564 iudex
1243 2523 1472 2576 superior,
1498 2523 1575 2576 qui
1600 2522 1747 2576 possit
1771 2522 1828 2564 de
1852 2523 1936 2564 hoc
1959 2533 2057 2575 cog-

292 2602 497 2642 noscere,
534 2592 622 2633 nisi
661 2591 810 2644 ipsum
847 2593 1089 2635 concilium
1128 2594 1294 2635 iterum
1327 2594 1448 2636 erit‘?
1500 2593 1775 2648 Quomodoe)
1815 2591 2056 2635 concilium

291 2659 458 2703 debeat
502 2662 558 2702 de
603 2662 687 2704 hac
732 2662 1011 2706 differencia
1057 2677 1351 2717 cognoscere,
1398 2664 1574 2706 scilicet
1617 2676 1675 2706 an
1718 2663 1889 2706 debeat
1929 2665 2056 2705 stare

293 2730 451 2772 maiori
488 2733 606 2784 parti
642 2734 894 2775 secundum
930 2747 1174 2776 numerum
1210 2738 1287 2777 aut
1321 2735 1575 2777 secundum
1611 2734 1880 2788 dignitatem
1913 2736 1959 2776 et
1988 2733 2056 2776 sic

293 2800 378 2842 erit
404 2814 649 2853 processus
674 2804 718 2844 in
745 2804 981 2846 infinitum
1006 2808 1088 2848 etc.

408 2871 517 2913 Tam
555 2886 675 2925 papa
713 2887 849 2926 quam
887 2875 1129 2917 concilium
1160 2879 1318 2929 :potest
1354 2876 1505 2929 legem
1541 2875 1745 2918 condere
1780 2878 1854 2918 set
1890 2875 1937 2917 in
1971 2873 2055 2916 hoc

293 2941 391 2981 solo
417 2946 619 2994 potestas
645 2946 825 2987 concilii
853 2946 999 2988 maior
1026 2950 1095 2989 est
1120 2959 1257 2999 quam
1281 2950 1490 3000 *potestas
1516 2959 1652 3000 pape,
1679 2946 1787 3000 quia
1812 2945 2053 2988 concilium

397 3051 425 3069 ut
449 3045 491 3071 Ils
511 3046 592 3079 s'ulyt
616 3047 727 3073 Liiclcc.
802 3048 834 3082 b>
856 3050 935 3075 Hier
954 3048 1034 3082 fehlt
1055 3050 1104 3076 ein
1129 3049 1230 3076 ἶΓοι-ί.
1304 3051 1331 3081 c)
1354 3049 1399 3076 Hs
1419 3048 1560 3083 doppelt.
