2227 3434
239 154 278 193 C.
318 157 396 192 Der
420 157 660 193 literarische
687 157 830 201 Kampf
854 168 916 192 um
944 158 1007 192 die
1033 157 1207 202 Stellung
1232 160 1300 193 des
1327 158 1486 202 Papsies
1512 169 1595 193 zum
1625 159 1769 194 Konzil.
1804 161 1888 203 739

122 275 296 318 nalium
322 277 518 318 materia
542 279 612 318 est
637 276 736 318 visa
761 276 1043 329 periculosa;
1069 288 1182 330 ergo
1205 277 1290 318 hec
1315 276 1441 319 racio
1463 279 1535 319 est
1559 276 1804 319 sufficiens
1831 277 1890 320 ad

122 345 441 387 differendum
474 346 730 399 negocium.
936 388 942 395 ,

238 416 578 469 Respondetur‚
614 417 738 469 quod
772 417 857 458 hec
893 417 1087 459 materia
1124 418 1171 458 in
1206 417 1349 470 plena
1383 417 1610 471 processit
1643 417 1889 460 concordia

121 489 318 539 quatuor
339 487 584 528 nacionum
607 499 787 529 sacrum
811 487 1052 529 concilium
1076 487 1412 540 integrancium
1433 501 1519 530 nec
1539 492 1612 531 est
1633 488 1888 530 dubitanda

121 556 352 599 discordia
385 561 461 600 aut
494 557 701 610 pericula
735 557 1045 610 formidanda,
1078 558 1168 600 nisi
1203 561 1328 601 esset
1362 558 1517 612 aliqua
1549 571 1673 612 pars,
1706 571 1797 612 que
1831 559 1889 601 ab

120 628 341 670 universo
366 627 656 681 disgregaret
680 627 956 680 voluntarie,
970 627 1095 680 quod
1109 641 1202 670 non
1217 629 1441 672 creditur:
1468 641 1572 682 ymo
1588 629 1779 682 spiritus
1793 629 1889 681 ille,

119 697 166 739 in
193 698 323 740 cuius
350 699 534 752 nupta¹)
565 710 726 740 omnes
755 702 1086 750 convenerunt,
1114 698 1253 741 faciet
1279 699 1529 741 convenire
1558 700 1804 742 unanimes
1831 700 1889 742 ad

119 780 282 810 verum
303 768 484 811 iusticie
507 769 678 810 cultum
700 769 943 821 minorque
966 781 1076 822 pars
1099 769 1286 811 accedat
1307 770 1486 822 maiori,
1507 773 1645 823 prout
1665 770 1888 812 hac-tenus

119 838 276 881 facere
301 838 552 882 consuevit.

237 909 427 952 Decimo
464 913 609 962 sexto,
647 909 748 952 iura
785 910 982 952 ecclesie
1021 909 1226 952 Romane
1266 913 1372 952 sunt
1409 911 1654 964 servanda,
1693 911 1807 954 sicut
1845 914 1889 953 et

119 983 379 1022 ceterorum
417 980 734 1032 ecclesiarum,
775 980 857 1022 sed
896 981 1093 1022 ecclesia
1132 981 1459 1034 Lugdunensis
1495 985 1568 1024 est
1604 994 1690 1035 per
1729 981 1888 1023 sedem

118 1051 419 1104 apostolicam
442 1050 764 1093 confirmanda
788 1054 1006 1103 tanquam
1030 1051 1282 1094 inmediate
1308 1051 1527 1094 subiecta.

235 1121 575 1175 Respondetur‚
615 1121 738 1174 quod
776 1122 975 1164 ecclesia
1013 1121 1233 1175 Romana,
1272 1122 1320 1163 in
1359 1126 1580 1175 quantum
1620 1122 1762 1165 habet
1797 1122 1890 1176 pri-

117 1195 289 1234 matum
315 1195 363 1234 et
388 1204 481 1234 non
510 1204 596 1245 pro
623 1193 842 1245 congerie
871 1192 1079 1245 lapidum
1109 1193 1318 1245 sumitur,
1349 1197 1420 1236 set
1447 1205 1536 1246 que
1566 1205 1624 1234 ex
1653 1193 1889 1246 lapidibus

117 1262 235 1306 vivis
260 1263 566 1316 componitur,
595 1262 790 1305 fundata
817 1267 888 1305 est
916 1263 963 1304 in
991 1263 1225 1306 montibus
1255 1263 1439 1316 sanctis,
1467 1263 1514 1305 id
1542 1267 1613 1306 est
1640 1263 1688 1305 in
1717 1264 1888 1306 sanctis

118 1333 355 1387 apostolis,
396 1346 591 1387 quorum
633 1346 929 1378 successores
970 1338 1076 1376 sunt
1115 1335 1342 1387 episcopi;
1384 1337 1431 1376 et
1470 1335 1554 1376 hec
1594 1334 1759 1377 domus
1802 1334 1886 1376 Dei

117 1404 272 1447 claves
296 1404 651 1458 iurisdieionisa)
679 1405 855 1458 accepit
877 1408 923 1446 et
945 1405 1111 1447 Petrus
1134 1417 1221 1458 pro
1242 1405 1470 1448 omnibus.
1512 1404 1622 1447 Ideo
1645 1404 1887 1447 concilium

116 1475 191 1517 hic
208 1475 432 1529 legittime
453 1478 749 1517 convocatum
772 1478 816 1517 et
835 1476 1082 1517 ecclesiam
1102 1475 1418 1518 universalem
1440 1478 1776 1528 representans
1793 1487 1887 1517 non

117 1545 231 1589 ledit
254 1545 499 1588 ecclesiam
523 1545 777 1588 Rom-anam
801 1549 872 1588 set
895 1546 1093 1588 ecclesie
1118 1546 1322 1588 Romane
1347 1546 1451 1588 iura
1476 1546 1743 1600 excercet,⁸)
1773 1546 1889 1588 sicut

116 1616 205 1658 sibi
235 1616 451 1670 competit
481 1617 527 1658 in
558 1616 1012 1659 confirmacionibus.

234 1686 423 1730 Decimo
471 1688 681 1740 septimo,
731 1687 1011 1729 confirmare
1059 1687 1305 1729 ecclesiam
1354 1687 1715 1740 Lugdunensem
1763 1689 1887 1729 esset

117 1770 338 1811 rumpere
359 1758 562 1811 capitula
583 1758 743 1800 habita
763 1770 866 1799 cum
888 1770 998 1812 rege
1022 1758 1315 1811 Art-agonum
1337 1763 1383 1801 et
1405 1758 1509 1800 aliis
1532 1758 1590 1800 de
1612 1757 1887 1800 obediencia

116 1828 242 1871 Petri
268 1828 326 1870 de
352 1828 496 1881 Luna,
521 1829 630 1882 quia
657 1828 713 1870 de
741 1828 853 1871 solis
877 1828 1026 1872 tribus
1051 1841 1101 1871 se
1129 1829 1269 1871 debet
1295 1829 1602 1871 intromittere
1628 1828 1885 1881 concilium,

116 1903 164 1942 ut
187 1899 486 1952 capitulatum
509 1902 580 1942 est
602 1902 647 1940 et
671 1899 855 1941 demum
880 1899 1094 1951 iuratum,
1117 1899 1166 1940 in
1189 1900 1273 1941 hoc
1296 1899 1509 1951 concilio;
1533 1898 1885 1952 procedereque

115 1981 208 2011 non
245 1972 397 2023 potest
434 1970 480 2011 in
518 1969 792 2012 obediencia
828 1970 936 2012 dicti
974 1969 1031 2012 de
1070 1969 1200 2012 Luna
1238 1969 1296 2012 ad
1333 1969 1722 2012 confirmaciones
1758 1969 1886 2011 iuxta

114 2040 317 2094 capitula
353 2044 596 2092 conventa;
632 2051 745 2093 ergo
778 2052 862 2082 nec
899 2041 945 2082 in
981 2040 1268 2093 obediencia,
1303 2053 1392 2094 que
1426 2040 1516 2082 fuit
1550 2039 1790 2092 Johannis,
1825 2052 1885 2081 ne

115 2110 502 2153 confirmaciones
529 2109 757 2165 diversob)
788 2111 888 2153 iure
916 2113 1209 2153 censeantur.

232 2181 572 2235 Respondetur,
610 2182 732 2235 quod
769 2181 1012 2224 concilium
1048 2181 1175 2224 iuxta
1213 2181 1411 2223 formam
1449 2181 1637 2234 capituli
1676 2194 1728 2224 se
1763 2181 1884 2222 bene

114 2254 265 2305 potest
289 2252 596 2294 intromittere
621 2252 678 2294 de
701 2251 1144 2295 confirmacionibus
1166 2252 1423 2293 secundum
1449 2255 1651 2294 mentem
1674 2251 1881 2304 capituli:

114 2322 195 2364 ubi
216 2321 326 2364 dum
347 2322 478 2376 dixit,
501 2322 625 2376 quod
647 2325 943 2373 convocatum
965 2326 1038 2365 est
1058 2335 1145 2376 pro
1165 2322 1409 2376 premissis
1430 2322 1582 2365 tribus
1603 2325 1649 2364 et
1670 2334 1757 2375 pro
1780 2321 1884 2364 aliis

112 2393 266 2436 causis
288 2393 709 2447 racionabilibus,²)
734 2406 823 2446 que
847 2393 905 2435 ad
925 2394 1148 2446 generale
1169 2393 1412 2435 concilium
1434 2393 1671 2446 pertinent
1692 2396 1736 2434 et
1757 2404 1884 2445 spec-

113 2466 225 2517 tant,
260 2468 307 2508 et
341 2464 421 2506 ubi
457 2465 603 2506 eciam
641 2464 749 2506 dicit
785 2477 869 2517 pro
906 2463 1246 2505 reformacione
1283 2463 1567 2506 universalis
1602 2462 1798 2505 ecclesie
1836 2463 1882 2504 in

115 2535 266 2588 capite
304 2537 350 2576 et
389 2535 436 2576 in
476 2534 712 2587 membris,
752 2534 859 2587 quia
900 2534 959 2576 ad
997 2533 1240 2576 concilium
1281 2534 1369 2576 ista
1409 2533 1467 2575 de
1506 2533 1608 2575 iure
1647 2533 1883 2586 pertinent

113 2604 403 2657 ecclesiaque
433 2604 759 2658 Lugdunensis
791 2605 1034 2646 menbrum
1065 2604 1342 2647 honorabile
1371 2605 1569 2646 ecclesie
1600 2603 1883 2645 universalis

114 2674 384 2718 difformata
414 2679 489 2718 est
522 2687 696 2728 sponso
730 2687 814 2717 suo
845 2678 893 2717 et
926 2678 1128 2728 pastore,
1162 2674 1405 2717 concilium
1440 2675 1596 2727 itaque
1630 2686 1752 2715 novo
1784 2673 1882 2715 fetu

113 2745 359 2788 ecclesiam
389 2745 473 2788 Dei
500 2749 653 2799 potest
679 2745 935 2787 fecundare
963 2750 1007 2788 et
1037 2745 1296 2787 reformare
1325 2744 1469 2786 eciam
1499 2744 1543 2785 in
1574 2756 1719 2796 regno
1745 2744 1883 2784 Arra-

113 2827 298 2868 gonum,
330 2815 393 2857 ibi
424 2815 471 2857 in
504 2815 601 2857 fine
633 2819 738 2869 post
768 2815 971 2857 medium
1004 2815 1195 2857 secundi
1228 2814 1431 2867 capituli,
1465 2814 1571 2855 dum
1605 2813 1726 2865 dicit,
1759 2812 1881 2865 quod

221 2955 251 2986 a)
271 2953 310 2980 So
332 2954 388 2980 Ηε.
461 2953 493 2984 b)
514 2954 560 2980 He
580 2952 722 2982 diverse.

231 3002 263 3044 ¹)
290 3004 410 3045 nupta
435 3001 604 3036 seltener
626 3001 831 3036 Ausdruclc
853 3001 919 3046 Ῑὶὶν
941 3010 1092 3045 sponsa.

230 3060 263 3102 ²)
292 3059 412 3094 Hardl
440 3058 491 3101 II,
517 3059 586 3095 546
610 3058 763 3094 Artikel
789 3059 821 3094 2.

1589 3112 1670 3152 47*
