2227 3434
539 179 578 216 B.
616 179 694 216 Der
715 180 816 216 liber
837 182 1029 226 gestorum
1055 182 1123 216 des
1147 179 1388 217 Cerretanus.
1762 183 1847 226 227

81 311 133 343 ac
156 298 389 353 deputatis
413 299 659 342 nacionum
685 299 732 341 in
758 300 966 342 consiliis
991 303 1200 353 tempore
1227 300 1364 353 longo
1390 300 1598 351 fuerunt;
1627 300 1668 342 d.
1695 303 1847 343 autem

79 369 332 414 cardinalis
360 370 418 413 de
446 370 630 413 Ursinis
660 370 821 413 labore
852 370 1033 413 itineris
1060 370 1279 424 fatigatus
1308 371 1537 413 interesse
1567 383 1659 413 non
1687 372 1846 424 potuit.

82 441 402 494 Dixeruntque
433 440 642 495 predicta
673 445 870 494 quatuor
901 441 1179 494 cardinales,
1212 441 1335 494 quod
1368 442 1414 483 in
1445 441 1695 483 crastinum
1727 441 1848 483 bona

80 523 199 554 nova
223 512 280 554 de
305 511 486 555 sincera
511 511 766 554 intentione
792 513 833 554 d.
857 513 1003 555 nostri
1027 525 1148 565 pape
1174 511 1422 554 referrent.
1458 512 1634 564 Quibus
1658 525 1848 565 respon—

80 595 180 625 sum
207 586 277 625 est
301 595 388 637 pro
411 586 543 636 parte
570 582 742 625 ibidem
767 582 1088 636 existencium,
1115 583 1251 636 quod,
1278 584 1316 625 si
1343 583 1510 625 bonam
1538 583 1848 625 intencionem

78 653 275 696 haberet
295 654 396 707 ipse
417 654 460 696 d.
480 657 640 697 noster
661 666 797 707 papa,
819 666 912 696 non
933 654 1123 696 fecisset
1146 653 1412 696 mandatum
1434 654 1702 706 curialibus,
1726 653 1848 707 quod

80 724 166 767 sub
183 736 308 779 pena
327 724 835 778 excommunicacionis,
856 725 1138 778 privacionis
1158 724 1499 766 beneficiorum
1521 728 1564 767 et
1585 724 1847 767 officiorum

78 807 184 838 eum
218 795 342 837 infra
377 808 460 838 sex
494 795 594 838 dies
630 796 761 848 sequi
798 796 1039 838 deberent.
1086 795 1262 847 Quibus
1298 795 1570 849 replicatum
1608 798 1691 850 est,
1726 795 1849 849 quod

79 879 222 920 super
254 866 339 909 hoc
374 866 615 920 provideri
648 869 843 920 poterat,
880 869 1054 909 attento
1087 866 1212 920 quod
1246 867 1472 909 terminus
1507 866 1713 909 nondum
1747 869 1850 908 erat

77 937 268 991 elapsus
301 940 346 979 et
377 938 465 991 ipsi
499 938 541 979 d.
574 937 838 980 cardinales
871 950 1014 991 super
1046 938 1130 980 hoc
1162 937 1427 980 mandatum
1461 937 1708 980 habebant.
1754 937 1848 979 Hac

77 1012 232 1051 tamen
252 1009 564 1063 replicacione
582 1021 676 1050 non
697 1009 909 1051 obstante
929 1021 1096 1062 magna
1114 1009 1196 1051 illo
1215 1021 1321 1051 sero
1341 1009 1586 1051 altercacio
1606 1008 1727 1051 facta
1746 1008 1847 1050 fuit.

196 1079 322 1134 Die¹)
362 1079 476 1122 iovis
510 1079 725 1121 XXVIII.
762 1080 936 1122 mensis
973 1080 1133 1122 Marcii
1168 1079 1552 1122 convenientibus
1587 1079 1634 1121 in
1668 1079 1848 1133 palacio

78 1149 332 1203 episcopali
362 1150 714 1193 Constanciensi
741 1150 783 1192 d.
811 1163 921 1204 rege
948 1151 1274 1203 Romanorum,
1303 1151 1344 1192 d.
1371 1150 1702 1203 cardinalibus,
1727 1150 1848 1191 naci-

79 1220 255 1264 onibus
268 1224 315 1264 et
337 1222 601 1264 oratoribus
625 1234 786 1275 regum
811 1225 856 1264 et
879 1221 1156 1275 principum,
1182 1222 1474 1264 dominorum
1500 1234 1550 1263 ac
1573 1220 1848 1263 universita-

78 1295 173 1334 tum
195 1301 365 1335 revmus
385 1305 427 1346 p.
452 1292 494 1334 d.
517 1292 769 1335 cardinalis
791 1292 990 1335 Pisanus
1010 1293 1198 1335 nomine
1222 1293 1419 1334 aliorum
1443 1304 1630 1334 suorum
1652 1292 1848 1344 collega-

78 1375 181 1405 rum
202 1366 248 1406 et
267 1375 354 1417 pro
373 1366 507 1417 parte
529 1363 571 1405 d.
593 1364 739 1406 nostri
761 1376 882 1417 pape
905 1363 1134 1406 Johannis
1155 1363 1327 1405 XXIII.
1344 1362 1573 1416 exposuit,
1590 1362 1790 1416 qualiter
1805 1361 1847 1403 d.

78 1436 236 1477 noster
270 1446 392 1488 papa
426 1437 617 1488 paratus
651 1438 751 1476 erat
785 1434 1066 1477 constituere
1103 1447 1212 1477 suos
1246 1437 1572 1488 procuratores
1607 1445 1768 1475 omnes
1803 1436 1849 1474 et

79 1505 287 1559 singulos
312 1505 353 1547 d.
380 1519 414 1548 s.
440 1505 490 1547 R.
515 1518 554 1547 e.
581 1505 844 1548 cardinales
868 1505 927 1547 ad
951 1505 1320 1547 renunciandum
1345 1505 1535 1558 papatui
1561 1504 1607 1545 in
1633 1503 1847 1546 omnibus

79 1575 262 1619 casibus
290 1575 454 1619 cedule
481 1576 646 1619 ultimo
673 1588 758 1630 per
787 1576 940 1630 ipsum
968 1576 1103 1619 facte.
1149 1576 1215 1619 Ita
1243 1575 1380 1629 quod,
1411 1576 1448 1618 si
1478 1579 1573 1618 tres
1602 1587 1663 1617 ex
1691 1575 1762 1617 eis
1791 1572 1848 1616 ad

79 1645 275 1689 invicem
299 1647 648 1700 concordarent,
673 1647 823 1689 libere
849 1647 1018 1689 cedere
1042 1650 1235 1701 possent
1257 1650 1302 1689 et
1326 1647 1428 1700 ipso
1451 1646 1640 1688 nolente
1665 1645 1847 1687 cedere.

79 1717 134 1760 Et
165 1717 380 1761 similiter
411 1718 597 1760 volebat
629 1718 910 1760 constituere
943 1721 1041 1760 octo
1071 1718 1279 1772 prelatos
1312 1730 1371 1759 ex
1401 1716 1688 1769 nacionibus,
1722 1716 1848 1758 dum-

80 1788 214 1832 modo
240 1789 454 1832 nationes
480 1789 668 1843 triginta
695 1789 811 1831 duos
839 1790 1046 1842 prelatos
1072 1789 1385 1831 nominarent:
1428 1787 1489 1830 ita
1517 1787 1640 1841 quod
1666 1790 1762 1829 tres
1790 1799 1848 1829 ex

81 1857 211 1902 dictis
245 1863 344 1903 octo
376 1860 586 1913 prelatis,
623 1861 660 1902 si
697 1860 755 1902 ad
790 1860 986 1902 invicem
1022 1859 1418 1912 concordaverint,
1451 1858 1621 1900 cedere
1655 1857 1847 1911 possint.

86 1928 196 1972 Item
225 1930 348 1984 quod
378 1930 421 1972 d.
451 1933 611 1973 noster
640 1943 762 1984 papa
792 1930 930 1973 stabit
959 1943 1106 1984 prope
1138 1929 1460 1972 Constanciam
1490 1941 1576 1983 per
1605 1941 1743 1971 unam
1773 1928 1848 1969 vel

82 1999 196 2044 duas
221 2000 370 2045 dietas
396 2014 544 2055 usque
573 2001 631 2044 ad
658 2001 1053 2044 deliberacionem
1080 2000 1274 2044 concilii.
1319 2000 1431 2042 Item
1459 2000 1569 2053 vult,
1597 1998 1720 2053 quod
1747 2010 1850 2041 con-

80 2070 233 2114 cilium
267 2084 361 2115 non
397 2072 692 2125 dissolvatur,
729 2072 876 2114 donec
911 2072 1140 2114 habeatur
1174 2071 1385 2126 perfecta
1421 2071 1532 2113 unio
1568 2071 1615 2112 in
1651 2070 1849 2112 ecclesia

83 2145 238 2186 sancta
269 2143 366 2185 Dei.
413 2143 525 2185 Item
555 2143 678 2197 quod
708 2144 835 2186 locus
865 2144 950 2186 iste
981 2142 1163 2185 concilii
1190 2155 1284 2184 non
1314 2144 1514 2184 mutatur
1545 2141 1644 2184 sine
1675 2140 1850 2182 delibe-

83 2213 266 2256 racione
293 2213 488 2256 concilii.
528 2213 678 2267 Super
705 2214 873 2267 quibus
901 2213 1114 2256 omnibus
1141 2213 1289 2256 dictus
1316 2213 1357 2255 d.
1385 2215 1544 2255 noster
1569 2224 1691 2265 papa
1716 2223 1849 2272 para-

82 2285 154 2326 tus
185 2288 286 2327 erat
317 2285 596 2338 apostolicas
628 2285 782 2327 bullas
815 2284 942 2327 dare.
990 2284 1092 2326 Fuit
1125 2285 1263 2326 etiam
1297 2284 1490 2337 petitum
1523 2295 1608 2336 pro
1639 2284 1772 2336 parte
1806 2281 1847 2323 d.

83 2354 227 2397 nostri
252 2367 373 2409 pape
400 2368 486 2409 per
513 2354 682 2397 dictum
712 2355 752 2399 d.
782 2355 1066 2397 cardinalem
1096 2354 1330 2407 Pisanum,
1358 2353 1481 2407 quod
1510 2353 1700 2395 daretur
1728 2352 1849 2394 bona

84 2424 306 2468 securitas
333 2425 374 2468 d.
403 2429 561 2468 nostro
589 2438 710 2480 pape
737 2426 794 2468 de
821 2438 906 2469 sua
932 2437 1135 2479 persona
1161 2437 1254 2467 non
1282 2424 1572 2467 offendenda
1598 2427 1643 2466 et
1671 2423 1728 2465 de
1756 2435 1848 2464 non

86 2495 312 2539 movendo
343 2508 560 2550 guerram
592 2499 753 2539 contra
788 2496 950 2538 ducem
985 2496 1186 2538 Austrie.
1235 2496 1289 2537 Et
1323 2496 1361 2537 si
1396 2495 1481 2537 hec
1514 2494 1606 2537 duo
1639 2506 1732 2536 non
1767 2493 1850 2534 fie-

85 2569 200 2620 rent,
241 2567 371 2610 nulla
412 2566 726 2621 predIctarum
769 2567 1053 2610 oblationum
1097 2567 1330 2608 diceretur
1371 2565 1492 2608 facta
1534 2564 1696 2607 fuisse.
1751 2564 1848 2615 Que

84 2636 235 2680 omnia
264 2640 497 2691 tamquam
526 2637 762 2692 ludicriaa)
798 2641 844 2680 et
873 2637 982 2679 ficte
1013 2649 1098 2690 pro
1128 2640 1260 2690 parte
1292 2636 1334 2678 d.
1365 2636 1511 2678 nostri
1543 2647 1663 2689 pape
1695 2634 1849 2677 oblata

85 2717 169 2759 per
197 2707 240 2749 d.
271 2719 428 2761 regem
458 2707 769 2750 Romanorum
801 2711 845 2750 et
875 2707 992 2750 alios
1023 2707 1195 2749 ibidem
1227 2709 1432 2749 astantes
1464 2703 1717 2759 reputata¹¹)
1750 2704 1849 2746 fue-

86 2779 209 2830 runt;
236 2777 415 2832 fuitque
443 2778 614 2821 ibidem
641 2778 922 2821 unanimiter
949 2777 1270 2820 vociferatum:
1312 2777 1412 2818 Hiis
1440 2789 1531 2819 non
1559 2774 1849 2818 obstantibus

86 2845 169 2890 fiat
197 2849 359 2902 sessio,
388 2848 472 2892 fiat
503 2849 668 2892 sessio!
703 2849 899 2902 Propter
914 2861 1003 2902 que
1018 2851 1110 2890 tam
1128 2849 1229 2901 ipsa
1245 2846 1319 2888 die
1335 2859 1472 2900 quam
1489 2845 1562 2888 die
1578 2845 1765 2887 veneris
1782 2856 1850 2885 se-

88 2919 245 2969 quenti
266 2919 599 2963 altercaciones
621 2920 821 2962 maxime
844 2919 1034 2961 fuerunt
1057 2920 1177 2961 inter
1200 2918 1242 2960 d.
1263 2917 1527 2960 cardinales
1549 2919 1593 2958 et
1615 2916 1848 2958 naciones.

189 3015 220 3037 a>
239 3017 274 3037 eo
295 2992 384 3044 13,st
432 2992 475 3043 h)
497 3011 535 3038 C:
558 3013 748 3045 repugnata.

205 3057 237 3099 ¹)
264 3057 366 3101 aedr.
391 3068 460 3093 (ms
487 3067 645 3093 unser-er
668 3057 820 3099 Ouelle:
848 3057 1088 3097 Schelslrale,
1116 3058 1232 3091 Tracl.
1257 3058 1334 3090 2151.

1558 3113 1637 3153 15*
