2102 3444
238 118 294 160 50
759 120 784 153 l.
826 120 1036 155 Abschnitt.
1091 121 1489 167 Konzilstagebiicher.

241 237 470 290 referens,
504 239 624 290 quod
659 251 742 280 rex
778 240 863 281 iret
896 240 1172 293 Narbonam,
1205 242 1262 283 de
1296 255 1385 296 quo
1419 244 1516 286 loco
1550 245 1640 286 iam
1672 244 1825 287 fuerat
1857 246 2010 298 prelo-

237 312 403 361 cutum,
433 312 475 350 et
504 310 626 361 quod
654 314 846 363 propter
874 311 1193 353 infirmitatem
1223 314 1346 366 regis
1375 314 1641 368 Aragonum
1669 316 2008 369 prorogabatur

239 380 339 421 dies
364 392 509 432 usque
535 381 590 422 ad
615 381 710 422 XV.
734 382 942 434 Augusti.
979 382 1076 424 Rex
1099 385 1313 426 transivit
1337 386 1456 427 ultra
1479 386 1722 440 morosius,
1746 399 1883 440 quam
1906 399 2008 440 spe-

240 454 436 502 raverat,
458 455 501 492 et
525 452 736 493 transivit
758 465 843 505 per
867 453 1155 505 Lugdunum,
1179 455 1255 496 ubi
1278 467 1379 497 cum
1405 469 1570 509 magno
1592 457 1768 499 honore
1792 461 2008 511 receptus

235 525 304 563 cst
338 525 382 563 et
416 521 542 564 visus
576 526 619 564 et
656 523 715 564 ita
751 523 797 564 in
832 523 1027 576 singulis
1060 525 1322 567 civitatibus
1355 530 1400 568 et
1435 527 1545 569 locis
1579 527 1840 581 insignibus
1873 529 2004 582 regni

239 592 446 634 Francie.
486 593 719 635 Transivit
745 607 830 647 per
856 595 1192 649 Nemausum,²¹)
1222 597 1299 638 ubi
1329 610 1412 639 rex
1439 598 1595 641 Sicilie
1623 598 1886 642 Ludouicus
1913 599 2007 641 dux

237 663 506 716 Andegauie
537 664 667 706 illum
696 669 949 718 expectans
979 668 1153 720 recepit
1182 668 1455 710 honorifice.

353 736 534 783 Deinde
569 737 664 778 XV.
698 737 893 790 Augusti
927 738 1149 790 applicuit
1181 739 1396 781 Narbone
1431 740 1557 781 iuxta
1590 740 1929 784 convenciones
1961 744 2006 783 et

233 806 593 859 prorogaciones
615 807 862 864 predictas.
900 809 953 850 Et
978 809 1037 851 ita
1062 810 1388 862 applicuerunt
1410 811 1617 864 deputati
1642 811 1838 865 concilii,
1860 812 2004 866 aliqui

234 881 354 930 ante,
382 878 524 931 aliqui
551 882 668 931 post.
708 879 955 932 Postquam
985 883 1137 922 autem
1166 894 1249 922 rex
1278 882 1470 924 recessit
1497 882 1554 923 de
1582 882 1858 925 Constancia
1884 883 2006 925 naci-

234 962 347 990 ones
371 949 713 1002 deputaverunt
736 950 793 992 de
816 952 1024 1003 qualibet
1045 952 1239 994 nacione
1263 956 1362 994 octo
1383 957 1475 994 tam
1498 954 1705 1006 prelatos
1727 966 1865 1006 quam
1887 955 2005 996 alios

233 1024 277 1062 et
310 1019 575 1063 cardinales
607 1021 949 1074 deputaverunt
982 1035 1040 1064 ex
1076 1024 1190 1076 ipsis
1224 1027 1318 1066 tres
1351 1024 1408 1066 ad
1443 1024 1732 1066 tractandum
1766 1024 1823 1066 de
1858 1024 2006 1067 refor-

232 1093 439 1134 macione
473 1093 685 1145 ecclesie,
719 1094 795 1146 qui
831 1094 889 1135 ad
922 1095 1006 1136 hec
1038 1094 1288 1147 diligenter
1322 1095 1622 1137 intenderunt
1655 1096 1923 1149 redigentes
1957 1096 2003 1138 in

232 1164 414 1218 scriptis
445 1163 706 1206 deliberata
735 1178 820 1218 per
850 1164 976 1218 ipsos
1006 1166 1289 1218 publicanda
1319 1166 1364 1207 in
1394 1170 1604 1220 tempore
1635 1170 1876 1219 oportuno.

351 1236 433 1277 Die
456 1236 635 1278 sabbati
653 1236 798 1277 XVII.
816 1237 1010 1289 Augusti
1032 1237 1150 1279 sedit
1170 1237 1413 1279 concilium
1435 1251 1562 1279 more
1584 1237 1720 1280 solito
1739 1250 1840 1279 cum
1861 1238 2002 1280 missa

232 1310 275 1348 et
301 1307 498 1349 letaniis.
535 1307 607 1349 Sic
631 1308 756 1348 enim
780 1307 951 1349 factum
974 1311 1044 1350 est
1067 1308 1113 1348 in
1138 1308 1347 1361 qualibet
1370 1309 1581 1350 sessione
1607 1312 1651 1350 et
1674 1309 1767 1351 lata
1790 1308 2002 1361 lectaque

230 1378 420 1419 fuerunt
448 1378 649 1430 decreta,
678 1390 766 1430 que
797 1381 1033 1420 secuntur:
1075 1379 1232 1432 Nuper
1261 1413 1269 1420 .
1305 1412 1313 1420 .
1350 1413 1357 1421 .
1388 1379 1651 1433 exceptis.²)

348 1449 500 1491 Tenor
525 1462 636 1491 vero
662 1449 899 1492 citacionis
925 1450 983 1491 ad
1008 1450 1214 1503 prelatos
1240 1450 1580 1492 ecclesiasticos
1607 1450 1826 1492 absentes
1851 1449 2002 1503 sequi-

228 1523 302 1561 tur
338 1521 383 1561 in
419 1522 539 1562 hunc
576 1520 778 1562 modum:
828 1520 1129 1563 Sacrosancta
1167 1555 1174 1562 .
1211 1555 1219 1562 .
1256 1556 1263 1563 .
1313 1521 1566 1574 Utriusque
1601 1520 1867 1563 testamenti
1903 1555 1911 1563 .
1947 1554 1955 1562 .
1991 1554 1999 1562 .

229 1592 476 1645 vacante.²)

348 1664 432 1704 Die
459 1664 567 1704 lune
594 1663 766 1705 XXIII.
792 1664 1081 1716 Septembris
1106 1664 1226 1706 sedit
1249 1664 1494 1705 concilium
1520 1676 1605 1716 pro
1630 1676 1769 1706 causa
1793 1662 1999 1716 magistri

228 1735 454 1776 Jeronimi
491 1734 689 1777 fautoris
724 1735 972 1787 dampnate
1009 1735 1231 1777 memorie
1268 1735 1336 1776 Jo.
1373 1735 1485 1787 Hus,
1522 1735 1579 1776 de
1615 1747 1705 1787 quo
1742 1746 1897 1787 supra.
1945 1733 2000 1775 Et

230 1805 378 1858 primo
435 1806 860 1848 reverendissimus
904 1806 949 1847 in
997 1806 1180 1847 Christo
1224 1809 1358 1859 pater
1402 1809 1446 1847 et
1490 1805 1704 1847 dominus
1746 1804 1998 1847 cardinalis

228 1877 594 1929 Cameracensis,
617 1878 736 1918 alter
758 1877 1181 1918 commissariorum
1207 1878 1253 1918 in
1275 1878 1428 1919 causis
1451 1876 1573 1929 fidei,
1595 1876 1852 1929 proposuit,
1875 1875 1997 1929 quod

227 1960 376 2001 nuper
414 1948 632 2001 magister
668 1948 936 1990 Jeronimus
972 1948 1029 1989 de
1066 1949 1228 2001 Praga,
1266 1948 1514 2001 inquisitus
1549 1951 1595 1989 et
1630 1947 1903 1989 diffamatus
1939 1946 1997 1988 de

227 2019 381 2061 heresi
412 2023 457 2060 et
490 2032 632 2072 super
663 2019 745 2060 hoc
780 2019 1093 2060 incarceratus
1125 2031 1210 2071 per
1242 2019 1500 2071 consilium,
1534 2017 1776 2060 redeundo
1808 2017 1867 2060 ad
1896 2029 1998 2070 gre—

227 2091 366 2132 mium
410 2091 570 2132 matris
614 2091 811 2132 ecclesie
855 2093 899 2131 et
941 2090 1055 2131 fidei
1101 2089 1357 2131 orthodoxe
1402 2091 1621 2132 unionem
1664 2088 1908 2142 proposuit
1949 2087 1995 2129 in

223 2162 408 2214 publica
440 2160 693 2216 sessione'‘)
728 2174 776 2203 se
807 2161 1126 2203 abjuraturum
1159 2161 1203 2201 in
1234 2162 1441 2213 presenti
1473 2161 1684 2202 sessione
1713 2159 1918 2201 heresim
1948 2158 1994 2200 in

223 2232 569 2285 collacionibus,
598 2231 891 2274 sermonibus
918 2235 962 2273 et
990 2232 1183 2284 sequela
1209 2231 1277 2273 Jo.
1306 2231 1402 2273 Hus
1430 2234 1621 2284 propter
1646 2230 1851 2272 heresim
1877 2241 1994 2271 com-

224 2303 382 2357 busti‘)
413 2315 498 2356 per
525 2302 769 2344 concilium
799 2315 980 2343 sacrum
1009 2305 1053 2343 et
1080 2304 1362 2355 protestatus
1391 2299 1617 2355 fuissetd),
1646 2303 1783 2354 prout
1810 2300 1857 2342 in
1885 2312 1994 2353 qua-

223 2374 327 2416 dam
381 2374 574 2427 papiri‘·)
631 2373 795 2415 cedula
849 2386 987 2415 manu
1040 2372 1142 2415 eius
1196 2372 1401 2425 magistri
1462 2371 1680 2414 leronimi
1733 2370 1992 2424 conscripta

224 2443 442 2498 fuissetf),
469 2457 606 2497 quam
632 2448 738 2486 tunc
764 2445 821 2486 de
848 2445 991 2485 verbo
1018 2444 1075 2485 ad
1102 2444 1295 2485 verbum
1320 2443 1532 2496 perlegit.
1572 2443 1651 2486 Set
1674 2455 1733 2484 ex
1759 2455 1850 2495 quo
1875 2441 1992 2484 illud

223 2517 447 2558 sufficere
470 2529 563 2558 non
587 2515 846 2567 videbatur,
872 2516 979 2567 quia
1004 2528 1095 2556 non
1120 2515 1206 2556 fuit
1230 2515 1416 2568 publica
1441 2515 1653 2557 sessione
1677 2513 1862 2566 factum,
1886 2512 1992 2554 ideo

222 2588 369 2629 dictus
393 2587 612 2640 magister
640 2586 898 2628 leronimus
920 2586 1086 2627 iterum
1111 2586 1317 2627 venisset
1359 2585 1417 2626 ad
1439 2587 1709 2638 presentem
1731 2584 1990 2626 sessionem

220 2659 382 2700 volens
411 2657 582 2699 clarius
612 2669 876 2710 proponere
907 2660 951 2698 et
982 2657 1203 2709 allegare,
1233 2669 1370 2709 quam
1400 2659 1507 2697 tunc
1535 2654 1777 2708 proposuit
1804 2657 1850 2696 et
1878 2654 1990 2696 alle-

220 2730 354 2782 gavit.
407 2730 504 2781 Quo
543 2729 662 2770 dicto
702 2728 852 2770 statim
894 2728 1112 2780 magister
1157 2728 1415 2769 leronimus
1452 2726 1690 2779 predictus
1730 2724 1990 2768 ascendens

323 2863 352 2884 a)
376 2857 455 2890 fehlt
481 2857 514 2887 B,
537 2860 564 2883 ι’.
613 2856 645 2889 b)
668 2857 713 2881 1¹:
736 2855 1000 2890 congregatione.
1050 2863 1078 2883 c»
1101 2857 1139 2881 (‘.·
1161 2855 1338 2889 dampnati.
1386 2854 1417 2881 d,
1439 2854 1524 2887 fehlt
1547 2855 1584 2886 B,
1607 2854 1636 2881 (¹.
1680 2855 1710 2886 υ)
1733 2855 1771 2880 C:
1793 2851 1990 2887 pergameni.

217 2904 235 2930 s.
256 2903 336 2936 sem!
360 2906 390 2930 (α
414 2904 449 2929 ιι.

339 2953 368 2993 ¹)
399 2952 519 2986 Hardl
549 2952 613 2989 11',
642 2952 756 2995 49:27⁴,-
789 2952 913 2986 Mansi
944 2951 1010 2985 XX
1024 2950 1101 2992 VII,
1131 2951 1196 2985 784
1210 2950 1235 2993 Ῐ.

338 3013 368 3052 2)
398 3011 597 3053 Diillinsser
624 3010 694 3051 ΙΙΙ,
720 3011 789 3045 :5:25
814 3021 896 3044 :um
928 3011 978 3044 17.
1006 3011 1165 3053 Aayusl.
