2227 3434
499 205 539 240 B.
579 205 657 241 Der
681 205 781 241 liber
806 208 999 249 gestorum
1026 206 1096 241 des
1122 203 1364 240 Cerretanus.
1731 207 1814 249 257

48 336 168 367 mam
198 324 321 367 diem
351 324 527 366 mensis
556 323 683 366 Julii.
725 324 822 375 Qua
851 327 984 366 nocte
1015 323 1171 366 audito
1198 335 1256 366 eo
1285 335 1371 376 per
1402 323 1742 366 sanctissimum
1773 324 1814 367 d.

48 398 258 438 nostrum
283 395 340 437 de
366 407 502 438 mane
528 398 634 436 tunc
660 395 874 447 sequenti
900 395 1018 437 miro
1044 391 1095 437 ac
1121 393 1278 436 divino
1304 406 1431 436 more
1458 394 1559 447 ipse
1586 393 1817 436 sanctissi-

49 477 151 509 mus
180 466 222 508 d.
251 468 424 518 noster,
453 465 617 508 avidus
645 466 772 518 pacis
802 465 999 507 ecclesie
1029 468 1075 507 et
1103 464 1435 518 extirpacionis
1465 466 1744 517 scismatum,
1773 467 1818 505 et

49 548 178 579 more
205 536 406 589 pastoris
434 537 547 578 clari
577 539 622 577 et
649 536 758 578 boni
785 536 915 589 gregi
944 549 1027 578 suo
1056 535 1196 578 dandi
1226 536 1360 589 letus,
1390 536 1566 589 accepit
1594 535 1818 588 deposici-

49 619 184 650 onem
215 608 372 650 oneris
402 606 637 660 prelibati,
669 619 759 660 quo
789 610 915 649 tanto
947 610 1155 660 tempore
1188 619 1381 660 pressus
1412 609 1496 659 est,
1529 609 1573 648 et
1604 605 1818 659 deposuit

28 677 262 721 'sandalia
287 681 334 720 et
356 677 448 721 alia
472 677 761 731 pontificalia
787 678 845 720 ad
870 676 1059 720 m'issam
1086 677 1281 720 veniens
1307 681 1352 720 et
1377 680 1503 720 actus
1526 689 1697 730 gerens
1722 689 1818 718 car-

49 748 234 802 dinalis,
263 748 415 802 hylari
445 747 564 790 facie
595 747 756 791 dicens
786 748 1045 791 astantibus
1077 761 1126 791 se
1158 748 1359 801 amplius
1389 760 1482 790 non
1513 760 1618 790 esse
1649 758 1817 801 papam

47 823 93 862 et
118 819 522 862 renunciacionem
547 819 814 861 huiusmodi
838 832 943 862 esse
970 819 1151 862 factam.
1190 820 1402 872 Dumque
1429 820 1527 861 voci
1553 817 1817 861 huiusmodi

49 891 259 944 angelice
292 891 507 945 lugerent
541 893 760 944 astantes,
794 890 1033 944 redarguit
1066 891 1302 943 alacrique
1337 889 1457 932 facie
1492 890 1624 932 iussit
1657 901 1818 931 omnes

47 965 173 1004 stare
199 963 331 1015 letos,
354 961 624 1016 glorificare
642 961 789 1003 Deum
804 961 982 1015 pariter
997 965 1042 1004 et
1057 960 1265 1014 laudare,
1280 964 1329 1003 ut
1343 961 1584 1003 residuum
1600 959 1820 1002 concede-

49 1035 120 1074 ret
145 1033 203 1075 ad
227 1033 597 1076 consolacionem
621 1036 669 1075 et
693 1045 855 1086 pacem
880 1033 1042 1086 populi
1069 1032 1323 1074 christiani.
1361 1032 1433 1074 Ab
1458 1032 1539 1074 illa
1565 1032 1680 1073 hora
1706 1031 1818 1073 citra

47 1104 228 1146 nullum
246 1107 395 1146 actum
416 1103 734 1157 pontificalem
749 1104 959 1145 exercuit
978 1107 1023 1146 et
1042 1103 1183 1146 scribi
1203 1102 1455 1145 mandavit:
1479 1103 1592 1145 sede
1612 1106 1817 1145 vacante.

47 1173 221 1216 Revmis
250 1175 449 1217 dominis
479 1175 595 1217 meis
625 1175 667 1217 d.
696 1174 1014 1217 cardinalibus
1044 1178 1090 1217 et
1117 1174 1284 1216 ceteris
1300 1174 1556 1216 cortesanis
1572 1172 1820 1215 communi-

48 1258 173 1299 cans,
198 1258 288 1300 que
314 1245 435 1288 facta
459 1249 606 1299 erant,
632 1258 734 1288 cum
758 1245 1078 1288 cardinalibus
1102 1245 1387 1288 conveniens
1412 1248 1548 1298 atque
1576 1244 1746 1286 sedens
1773 1244 1818 1285 in

48 1317 211 1360 habitu
236 1317 502 1370 cardinalis,
530 1329 778 1359 occurrens
805 1317 874 1358 eis
902 1329 1049 1370 usque
1067 1316 1123 1358 ad
1140 1316 1340 1358 hostium
1355 1319 1401 1357 et
1417 1315 1486 1358 bis
1503 1314 1731 1358 visitando
1747 1327 1820 1355 us-

47 1399 136 1441 que
152 1387 212 1430 ad
225 1387 412 1430 domum
426 1387 875 1430 reverendissimum
891 1387 1126 1429 dominum
1143 1399 1310 1439 meum,
1327 1386 1368 1429 d.
1385 1385 1821 1428 cardinalemVero-

49 1471 258 1512 nensem,
278 1460 454 1502 cunctis
475 1459 832 1513 obstupentibus
853 1462 899 1501 et
920 1458 1259 1501 admirantibus
1278 1461 1451 1500 tantam
1471 1456 1819 1508 humanitatem,

47 1530 382 1583 fortitudinem,
402 1529 686 1584 pacienciam
707 1533 753 1572 et
770 1529 1080 1572 humilitatem
1093 1532 1140 1571 et
1155 1528 1524 1583 approbantibus
1539 1527 1703 1570 celitus
1718 1539 1821 1581 pro-

50 1601 226 1644 venire.
268 1601 479 1654 Dumque
507 1600 692 1644 nobiles
719 1604 764 1643 et
792 1593 978 1643 domini
995 1600 1345 1642 circumstantes
1372 1600 1555 1642 mittunt
1583 1598 1643 1641 ad
1668 1599 1820 1651 ipsum

18 1705 20 1707 .
50 1671 345 1726 visitandum,
366 1671 725 1726 glorificandum
745 1676 792 1716 et
812 1671 1097 1714 laudandum
1112 1674 1159 1713 et
1174 1671 1367 1713 audiunt
1382 1670 1527 1712 verba
1540 1668 1679 1712 huius
1694 1681 1822 1711 sanc-

48 1742 215 1787 tissimi
237 1742 426 1796 domini‚
448 1743 796 1797 obstupescunt,
817 1742 1022 1796 gaudent
1041 1745 1088 1784 et
1109 1742 1369 1796 gloriantur
1391 1741 1439 1782 in
1460 1753 1517 1783 eo
1539 1743 1588 1782 ut
1611 1739 1696 1782 Dei
1719 1740 1820 1781 viro

46 1813 334 1868 temporibus
349 1815 522 1856 nostris
538 1813 658 1857 dato.
692 1813 811 1866 Quid
824 1813 992 1856 fecerit
1005 1812 1282 1866 magnificus
1298 1811 1338 1856 d.
1356 1824 1502 1865 meus,
1518 1810 1558 1853 d.
1578 1810 1821 1854 Malatesta

50 1883 107 1928 de
139 1884 394 1939 Pensauro,
428 1884 618 1928 obmitto
650 1884 835 1938 prolixe
868 1884 1090 1938 scribere,
1124 1883 1208 1926 sed
1241 1884 1289 1925 in
1323 1895 1501 1926 summa
1531 1894 1617 1935 pre
1652 1881 1820 1931 ceteris

50 1967 100 1998 se
130 1955 360 2009 submisit,
394 1955 601 1998 laudavit
632 1960 678 1999 et
709 1955 990 2009 glorificavit
1022 1955 1171 1997 Deum
1205 1957 1251 1997 et
1283 1967 1332 1997 se
1366 1953 1532 1996 obtulit
1564 1951 1818 1995 excessive.

50 2025 269 2069 Venisset
299 2026 390 2069 iam
421 2027 750 2080 personaliter,
781 2026 873 2068 nisi
904 2038 1010 2068 eum
1043 2038 1213 2079 guerra
1247 2024 1466 2078 Marchie,
1498 2023 1546 2065 in
1578 2035 1669 2076 qua
1698 2034 1820 2064 nunc

49 2099 133 2151 est,
151 2097 392 2140 tenuisset.
426 2098 682 2151 Expectant
701 2109 863 2140 omnes
883 2096 1211 2139 desideranter
1230 2095 1418 2138 totalem
1439 2093 1819 2147 extirpacionem,

0 2184 3 2186 ·
49 2179 219 2221 papam
242 2167 418 2211 clarum
443 2171 489 2211 et
513 2169 683 2210 bonum
710 2180 812 2210 cum
838 2169 1019 2221 integra
1042 2166 1215 2209 unione
1241 2169 1286 2209 et
1311 2164 1633 2208 consolacione
1659 2163 1819 2217 populi

51 2237 290 2282 christiani
316 2242 361 2281 et
388 2238 516 2281 felici
544 2238 697 2281 reditu
725 2238 897 2292 prefati
926 2238 968 2280 d.
998 2238 1090 2280 mei
1119 2237 1274 2280 Caroli
1302 2239 1554 2289 nostraque
1584 2233 1818 2277 revisione

52 2309 252 2353 amabili.
304 2310 464 2364 Itaque
502 2309 561 2352 ad
593 2310 680 2352 hec
716 2310 870 2352 omnia
906 2308 1183 2362 complenda
1219 2308 1354 2350 solita
1390 2305 1638 2360 diligencia
1672 2305 1819 2347 inten-

11 2394 13 2396 ’
52 2379 171 2424 datis
206 2383 254 2424 et
294 2380 577 2423 rescribatis.
633 2380 731 2422 Dat.
773 2380 820 2421 in
863 2379 1207 2431 Monteflorum,
1249 2378 1323 2420 die
1365 2376 1568 2421 secunda
1609 2376 1818 2430 Augusti,

51 2448 166 2493 VIII
190 2449 452 2494 indicionis.

167 2521 216 2566 R.
245 2534 290 2575 p.
318 2534 358 2564 v.
388 2521 586 2564 servitor
620 2521 673 2563 M.
703 2521 760 2563 de
791 2520 954 2563 Strata.
999 2520 1084 2563 Die
1112 2519 1260 2561 XXII.
1291 2519 1466 2561 mensis
1495 2518 1689 2571 Augusti
1720 2529 1819 2559 ora-

52 2593 175 2634 tores
215 2592 469 2646 supradicti
509 2592 566 2634 de
609 2591 885 2634 Constancia
924 2594 1235 2642 recesserunt,
1277 2602 1384 2632 suos
1423 2601 1614 2643 gressus
1654 2600 1819 2629 versus

56 2660 234 2705 Italiam
265 2661 535 2716 dirigentes.

168 2733 254 2775 Die
285 2733 458 2776 XXIII.
492 2733 666 2776 mensis
699 2732 911 2774 eiusdem
944 2745 1045 2774 cum
1078 2731 1204 2785 apud
1233 2730 1530 2784 presidentes
1565 2729 1682 2771 sacri
1715 2740 1818 2769 con-

53 2802 147 2846 cilii
183 2803 407 2847 hesitacio
445 2807 583 2857 esset,
622 2803 746 2857 quod
785 2803 1116 2846 serenissimus
1157 2801 1375 2855 princeps
1413 2800 1456 2842 d.
1495 2798 1817 2853 Sigismundus

52 2871 363 2916 Romanorum
382 2877 430 2917 et
447 2874 684 2927 Hungarie
707 2886 790 2915 rex
813 2885 1000 2927 semper
1022 2875 1243 2925 augustus
1263 2884 1356 2914 non
1379 2870 1632 2912 diverteret
1653 2880 1817 2910 versus

7 2982 13 2983 ff
55 2942 295 2987 Franciam
312 2944 376 2987 *ad
395 2944 738 2998 pacificandum
760 2943 964 2986 Gallicos
985 2946 1031 2986 et
1051 2943 1284 2996 Anglicos,
1307 2941 1385 2994 qui
1407 2952 1601 2993 regnum
1624 2937 1816 2980 Francie

0 3035 2 3038 >
53 3012 144 3056 iam
187 3017 403 3067 potenter
451 3014 733 3065 invaserant,
780 3017 827 3056 et
874 3014 939 3056 sic
985 3013 1225 3066 negocium
1273 3011 1461 3053 unionis
1509 3009 1816 3062 inperfectum

54 3082 318 3138 dimitteret,
350 3085 617 3128 conclusum
651 3088 735 3138 est,
770 3084 893 3138 quod
927 3096 1020 3126 rev.
1058 3084 1104 3125 in
1140 3082 1246 3125 Chr.
1283 3094 1325 3135 p.
1362 3081 1403 3123 d.
1439 3079 1816 3132 archiepiscopus

122 3174 264 3210 Ftnke,
284 3176 366 3203 Acta
386 3175 518 3203 concilii
541 3174 818 3215 constanciensis.
838 3174 875 3202 11.
1554 3159 1604 3200 17
