2227 3434
540 180 585 217 A.
624 180 824 217 Ffllastres
851 180 968 217 Gesta
993 180 1145 217 concilii
1170 180 1486 217 Constantiensis.
1813 184 1897 227 169

248 300 335 343 Die
373 299 561 343 veneris
598 299 746 341 XXII.
787 298 1039 353 supradicti
1079 299 1254 342 mensis
1293 299 1469 353 Aprilis
1510 334 1518 342 .
1555 335 1562 342 .
1599 300 1647 354 .¹)

248 370 515 425 Expliciunt
548 373 678 424 gesta
715 370 760 412 in
794 370 1004 424 generali
1041 369 1391 413 Constanciensi
1429 370 1634 413 concilio.

247 442 343 485 Hoc
370 441 733 485 Constanciense
760 440 1020 493 concilium,
1047 440 1176 483 cuius
1202 441 1275 482 hic
1302 440 1415 484 finis
1441 444 1525 494 est,
1553 442 1781 494 omnibus,
1810 455 1898 495 que

129 515 473 567 precesserunt,
507 511 809 566 generalibus
843 511 1050 554 conciliis
1082 511 1169 554 fuit
1203 512 1249 553 in
1283 511 1607 565 congregando
1640 511 1898 564 difficilius,

131 583 178 626 in
201 596 455 638 progressu
480 582 779 636 singularius,
806 582 1068 625 mirabilius
1094 585 1138 624 et
1163 582 1472 635 periculosius
1497 586 1542 625 et
1566 585 1776 636 tempore
1802 583 1900 625 diu-

130 655 331 697 turnius:
374 654 425 696 In
451 652 776 706 congregando
800 652 1002 706 quidem,
1027 653 1260 706 quoniam,
1287 652 1393 695 licet
1419 666 1444 695 a
1467 652 1682 706 pluribus
1708 656 1754 696 et
1777 666 1899 707 pene

131 725 346 768 omnibus
375 727 421 767 et
448 724 697 778 presertim
729 736 754 766 a
784 735 894 777 rege
923 722 1250 775 Romanorum,
1281 736 1306 766 a
1336 736 1445 777 rege
1476 726 1521 766 et
1550 724 1676 767 clero
1704 723 1899 766 Francie

130 798 383 850 peteretur,
408 795 450 838 d.
476 795 716 838 Johannes
739 794 912 837 XXIII.
939 793 1055 836 illud
1079 793 1344 847 refugiebat
1368 798 1413 837 et
1436 806 1634 847 omnem,
1659 808 1796 848 quam
1822 808 1900 849 po-

129 867 229 920 tuit,
255 866 477 910 astuciam
504 864 728 918 adhibuit,
752 867 803 908 ut
824 878 918 908 non
943 864 1096 917 fieret,
1122 868 1166 907 et
1192 866 1324 918 quasi
1351 868 1532 908 coactus
1558 865 1678 910 fecit.
1722 866 1772 908 In
1795 879 1900 920 pro-

131 950 267 981 cessu
289 936 565 990 mirabilius,
591 936 808 990 quoniam
835 937 882 979 in
907 949 964 979 eo
986 949 1110 990 papa
1133 936 1251 989 fugit
1277 949 1302 978 a
1329 937 1537 987 concilio,
1561 939 1610 979 ut
1634 936 1679 978 in
1706 936 1899 979 historia

129 1011 361 1062 narratur,
394 1021 517 1051 anno
548 1007 697 1062 primo
730 1007 911 1050 concilii
945 1007 992 1049 in
1028 1007 1204 1060 Martio,
1237 1010 1282 1049 et
1316 1006 1420 1059 duo,
1453 1007 1530 1060 qui
1562 1020 1646 1061 pro
1679 1007 1899 1050 Romanis

129 1079 431 1133 pontificibus
453 1092 505 1122 se
525 1078 766 1132 gerebant,
789 1077 988 1132 depositi
1012 1077 1216 1130 fuerunt,
1239 1077 1410 1120 tercius
1434 1079 1736 1121 renunciavit.
1774 1079 1901 1120 Peri-

130 1150 347 1204 culosius,
367 1150 587 1204 quoniam
606 1152 732 1192 tanta
752 1149 800 1191 in
821 1149 903 1191 illo
918 1149 1006 1191 fuit
1020 1149 1243 1191 turbacio.
1261 1151 1446 1191 auctore
1463 1161 1572 1202 rege
1587 1149 1899 1192 Romanorum

131 1225 177 1265 et
201 1221 478 1276 quibusdam
503 1221 699 1275 prelatis
727 1220 815 1263 sibi
841 1220 1123 1273 foventibus,
1152 1233 1348 1273 quorum
1375 1220 1516 1273 aliqui
1546 1220 1798 1273 sperabant
1822 1221 1901 1263 ha-

130 1293 245 1336 bere
284 1295 504 1346 papatum
544 1291 697 1335 eidem
738 1292 837 1345 regi
878 1290 1227 1342 adherentibus,
1266 1294 1316 1333 ut
1352 1291 1550 1333 haberet
1587 1304 1755 1344 papam
1796 1291 1901 1333 Ala—

133 1376 352 1406 mannum
374 1362 450 1405 vel
475 1363 617 1406 alium
643 1362 701 1405 ad
723 1362 943 1416 placitum
967 1375 1114 1404 suum.
1152 1362 1207 1404 Et
1230 1362 1338 1414 quia
1363 1362 1507 1414 multi,
1534 1361 1732 1404 maxime
1756 1361 1902 1404 cardi-

130 1434 278 1488 nales,
304 1434 417 1477 talia
443 1433 747 1488 previdentes
775 1433 1060 1476 resistebant
1084 1432 1282 1485 fortiter,
1310 1432 1432 1474 facte
1460 1432 1692 1486 fueruntfl)
1724 1432 1903 1486 conspi-

132 1505 337 1549 rationes
366 1505 528 1559 plures
560 1517 702 1558 super
731 1504 826 1547 illis
855 1503 1097 1557 capiendis
1127 1507 1172 1546 et
1202 1503 1502 1557 captivandis,
1535 1503 1592 1546 de
1622 1503 1792 1557 quibus
1823 1503 1902 1546 ali-

132 1589 222 1630 qua
252 1589 394 1630 supra
419 1578 685 1629 tanguntur.
726 1575 955 1628 Tempore
985 1574 1266 1617 diuturnius:
1299 1574 1482 1616 duravit
1510 1574 1632 1616 enim
1663 1574 1797 1617 annis
1825 1575 1903 1616 tri-

131 1648 233 1701 bus,
263 1647 504 1690 mensibus
535 1646 754 1700 quinque,
786 1645 952 1689 diebus
981 1645 1129 1688 XXII.
1174 1646 1271 1697 Quo
1303 1646 1453 1688 soluto
1484 1644 1677 1687 concilio
1707 1645 1749 1687 d.
1781 1657 1901 1699 papa

134 1719 361 1762 Martinus
384 1718 573 1772 quintus
596 1730 647 1760 se
670 1721 716 1760 et
739 1717 913 1760 curiam
936 1716 1172 1759 transtulit
1194 1709 1413 1759 Gebenas
1437 1719 1482 1758 et
1504 1716 1646 1770 paulo
1668 1715 1731 1758 ibi
1756 1728 1901 1758 mora-

132 1792 206 1833 tus
238 1788 475 1833 transtulit
513 1788 697 1831 Mantue
733 1791 777 1831 et
814 1787 1066 1841 aliquando
1102 1787 1164 1829 ibi
1202 1790 1406 1829 moratus
1441 1787 1679 1829 transtulit
1714 1787 1903 1829 Floren-

133 1861 264 1913 ciam,
286 1860 382 1914 ubi,
406 1873 508 1902 cum
534 1862 677 1903 staret
699 1862 745 1902 et
768 1858 809 1901 d.
833 1858 1124 1901 Baltasarem
1150 1858 1290 1910 Coxa,
1315 1857 1424 1900 olim
1447 1870 1617 1911 papam
1642 1857 1901 1900 Johannem

133 1929 306 1974 XXIII.
331 1931 607 1985 depositum,
633 1930 797 1974 adduci
823 1930 880 1972 de
904 1929 1110 1972 custodia
1135 1929 1265 1972 ducis
1288 1928 1486 1971 Bavarie
1510 1928 1689 1971 faceret
1711 1931 1756 1971 et
1778 1931 1904 1970 esset

135 2002 182 2045 in
208 2001 502 2055 Lombardia‚
530 2001 653 2045 idem
682 2001 920 2044 Johannes
947 2000 1162 2044 custodes
1188 2003 1233 2042 et
1262 1999 1476 2042 ductores
1504 2000 1652 2042 evasit
1680 2002 1726 2042 et
1749 1999 1905 2053 posuit

134 2086 184 2116 se
213 2073 262 2116 in
290 2075 441 2116 castro
470 2073 599 2116 ducis
629 2072 896 2125 Januensis,
927 2071 1005 2125 qui
1034 2071 1166 2114 illum
1195 2074 1324 2125 grate
1355 2070 1499 2124 recipi
1527 2070 1638 2113 fecit
1667 2073 1711 2113 et
1740 2070 1905 2113 obtulit

135 2145 288 2188 omnia
321 2146 471 2187 castra
505 2157 588 2186 sua
622 2147 668 2187 et
699 2144 812 2186 loca.
857 2143 1009 2196 Super
1043 2142 1212 2190 ouibus
1246 2155 1368 2195 papa
1401 2144 1446 2184 et
1478 2144 1572 2184 tota
1605 2142 1732 2184 curia
1765 2141 1903 2183 immo

135 2214 284 2258 omnis
304 2215 408 2258 fere
428 2215 563 2258 nacio
582 2214 767 2257 turbata
788 2214 889 2256 fuit.
924 2213 1193 2255 Timebatur
1215 2212 1353 2264 enim,
1377 2212 1500 2266 quod
1519 2212 1664 2255 vellet
1684 2214 1902 2265 papatum

136 2298 431 2330 reassumere
458 2289 503 2328 et
530 2285 651 2339 quod
679 2285 841 2339 plures
869 2285 1102 2338 reciperet
1127 2283 1348 2328 fautores.
1390 2282 1482 2326 Sed
1509 2282 1631 2325 idem
1659 2282 1904 2325 Balthasar

135 2357 312 2411 positus
333 2357 381 2400 in
401 2356 618 2400 libertate
639 2355 874 2399 mandavit
892 2368 1013 2409 pape
1035 2367 1122 2408 per
1142 2354 1345 2396 medium
1368 2353 1759 2405 Florentinorum,
1782 2352 1904 2405 quod

137 2427 321 2471 volebat
350 2428 513 2470 venire
546 2430 710 2480 sponte
742 2430 788 2469 et
818 2426 968 2469 libere
1001 2425 1058 2468 ad
1092 2423 1455 2478 obedienciamb)
1490 2437 1610 2477 pape
1647 2423 1826 2465 Martini
1861 2426 1905 2464 et

136 2496 260 2542 fecit.
296 2498 409 2542 Nam
436 2498 552 2553 die0)
583 2532 590 2540 .
627 2532 634 2540 .
671 2532 679 2540 .
705 2497 880 2541 mensis
907 2509 1029 2540 anno
1054 2495 1228 2539 domini
1257 2495 1566 2538 MCCCCXIX
1591 2495 1778 2549 intravit
1803 2506 1902 2536 cum

138 2581 302 2623 magna
325 2568 638 2612 admiracione
663 2568 946 2611 Florentiam
969 2567 1015 2610 in
1036 2567 1198 2610 habitu
1223 2567 1371 2610 solum
1396 2566 1631 2617 doctorali,
1654 2569 1702 2608 ut
1724 2568 1837 2616 erat,
1859 2566 1905 2606 et

140 2642 264 2683 recta
290 2640 366 2683 via
394 2640 522 2682 venit
551 2639 609 2682 ad
637 2640 931 2694 presenciam
959 2651 1082 2692 pape
1112 2651 1212 2680 cum
1243 2638 1444 2680 maxima
1472 2636 1731 2679 humilitate
1761 2638 1807 2677 et
1836 2648 1905 2677 os-

141 2709 318 2754 culatus
339 2713 410 2754 est
429 2710 612 2765 pedem,
634 2723 799 2753 manus
820 2712 867 2752 et
887 2723 952 2762 os,
975 2708 1304 2762 aliquibusque
1327 2707 1484 2750 verbis
1506 2707 1700 2761 prolatis
1722 2706 1778 2747 de
1801 2718 1905 2759 pro-

139 2781 302 2834 posito,
335 2781 458 2835 quod
489 2794 676 2835 semper
706 2780 936 2823 habuerat
968 2779 1025 2823 ad
1057 2779 1276 2822 unionem
1311 2777 1521 2829 ecclesie,
1555 2776 1829 2831 approbavit
1861 2778 1905 2817 et

142 2851 388 2895 ratificavit
406 2851 812 2894 renunciacionem
833 2853 1032 2905 papatus
1053 2849 1170 2893 alias
1187 2862 1274 2903 per
1294 2861 1399 2891 eum
1419 2848 1602 2900 factam,
1623 2846 1904 2900 recognovit-

244 2978 274 3010 ει)
298 2979 325 3005 D
345 2979 489 3011 fuerant.
528 2979 560 3007 bl
588 2979 614 3005 Ῑ)
635 2978 863 3005 obediendum.
903 2978 930 3007 η’)
954 2976 1066 3005 Lilcke.

258 3038 290 3081 ¹)
315 3038 518 3074 Wo’rlliche
541 3038 792 3078 Wiederaabe
811 3039 881 3074 der
901 3036 1112 3082 offiziellen
1132 3035 1351 3071 Protokolle
1371 3035 1490 3069 Harae
1511 3033 1576 3074 IV,
1600 3033 1691 3069 1548
1702 3031 1727 3076 Τ.
1751 3033 1840 3067 1555
1852 3030 1903 3074 Π,-

144 3093 268 3131 Mami
294 3096 385 3132 1195
397 3095 425 3141 1,
453 3096 544 3132 1198
556 3094 583 3140 r.
