2102 3444
352 219 436 262 660
794 215 857 248 lIl.
887 211 1096 247 Abschnitt.
1136 210 1288 244 Reform
1318 208 1394 243 und
1425 206 1673 253 Verfassung.

353 350 442 388 quo
485 336 555 376 vel
600 334 766 385 quibus
810 332 927 372 sacta
973 328 1111 370 fuerit
1154 327 1546 380 recompensacio,
1588 327 1837 379 presertim
1880 330 1926 370 et
1966 326 2102 381 prim(

354 406 618 448 vacantibus
662 401 975 452 decanatibus,
1018 398 1329 451 preposituris
1373 398 1759 440 conventualibus
1800 397 1891 439 XII
1933 397 2100 452 religio

353 489 505 517 sorum
532 479 573 516 et
604 475 645 514 iu
673 472 833 525 primis
860 469 1194 512 cathedralium
1219 469 1524 510 ecclesiarum
1548 471 1653 521 post
1679 468 1999 521 pontificalem
2022 468 2101 522 dig

353 546 570 587 nitatibus
600 548 643 585 et
674 544 719 583 in
752 541 1008 593 collegiatis
1038 539 1378 592 principalibus
1406 538 1586 580 eisdem
1619 538 1661 581 d.
1693 538 2012 582 cardinalibus
2042 551 2098 581 ve

353 619 552 668 ipsorum
585 614 717 656 alteri
751 611 1095 665 quomodolibet
1129 613 1396 662 competens
1426 612 1686 663 censeatur,
1718 609 1821 651 fore
1852 612 2102 652 revocatun

351 688 493 727 eciam
520 685 586 726 eis
613 683 765 725 invitis
790 683 893 735 ipso
916 682 1030 734 iure,
1054 681 1332 733 vacac10que
1358 680 1700 721 beneficiorum
1723 681 1930 733 ipsorum
1955 683 2001 722 et
2023 680 2100 734 dig

351 757 538 797 nitatum
568 755 624 795 de
654 754 752 794 iure
782 753 979 805 inducta,
1008 755 1055 793 ut
1082 752 1146 792 sic
1175 751 1310 792 alteri
1339 750 1544 792 conferri
1569 750 1765 804 possint,
1792 750 1855 794 ita
1883 751 2007 804 quod
2030 763 2102 804 pr(

349 827 542 878 singulis
580 824 843 865 huiusmodi
880 823 1129 865 beneficiis
1166 822 1251 864 fiet
1284 821 1466 863 eisdem
1500 821 1711 874 provisio
1746 821 1793 863 in
1828 821 2099 875 equivalent

349 898 494 938 l'ructu
502 909 589 948 um,
622 898 929 947 proventuum
945 897 1027 935 etc,
1044 894 1203 934 valore
1220 892 1503 934 beneficium
1520 892 1672 945 ipsum
1686 892 1963 945 e-quivalens
1978 892 2099 934 relin

348 979 491 1018 quere
523 970 749 1018 teneatur,
783 965 859 1017 qui
896 964 1011 1005 illud
1045 963 1295 1006 obtinebat.
1343 963 1398 1004 Et
1432 962 1470 1005 si
1501 975 1590 1016 pro
1620 963 1837 1005 omnibus
1869 962 2102 1005 benefici-ii

347 1037 460 1090 ipsis
495 1038 630 1078 simul
667 1037 739 1077 vel
777 1035 1037 1077 successive
1073 1034 1389 1087 provisionem
1424 1033 1690 1075 huiusmodi
1724 1033 1833 1075 fieri
1867 1034 2102 1087 contingat

346 1107 665 1159 equivalencia
708 1105 938 1147 beneficia
982 1104 1402 1157 proporcionaliter
1446 1116 1633 1156 semper
1676 1104 1946 1157 relinquere
1989 1106 2097 1146 tene

347 1182 461 1226 atur,
488 1179 570 1219 hoc
597 1177 804 1219 adhibito
828 1176 1162 1228 moderamine,
1187 1175 1325 1227 quod,
1352 1174 1391 1217 si
1416 1174 1699 1217 universalis
1725 1175 1857 1217 valor
1882 1174 2102 1217 fructuun

347 1262 427 1289 seu
468 1251 772 1301 proventuum
812 1250 894 1288 etc.
935 1247 1138 1287 omnium
1176 1245 1494 1298 predictorum
1532 1245 1874 1287 beneficiorum
1912 1245 2102 1288 cuiusvis

344 1319 594 1361 cardinalis
622 1318 742 1360 ultra
768 1330 993 1359 summam
1021 1329 1104 1359 sex
1130 1315 1307 1357 milium
1335 1316 1562 1358 librarum
1589 1315 1931 1358 Turonensium
1955 1328 2102 1358 ascen*

347 1391 490 1442 deret,
528 1388 855 1430 nichilominus
893 1388 1014 1429 facta
1049 1387 1205 1429 eidem
1242 1387 1513 1440 provisione
1549 1399 1636 1429 seu
1673 1386 2102 1440 recompensacione

346 1461 580 1502 dumtaxat
610 1471 756 1511 usque
786 1459 844 1500 ad
870 1459 1079 1500 valorem
1107 1457 1173 1500 VI
1202 1457 1379 1499 milium
1407 1457 1643 1500 bene-ficia
1672 1457 1828 1500 omnia
1855 1460 1902 1500 et
1927 1457 2102 1510 singule

346 1531 401 1572 de
425 1532 544 1572 facto
566 1530 833 1582 relinquere
856 1532 1117 1572 teneantur.
1151 1528 1309 1581 Neque
1332 1527 1512 1569 eisdem
1530 1527 1865 1581 cardinalibus,
1887 1540 1973 1571 seu
1993 1527 2102 1581 ipso·

344 1614 443 1641 rum
489 1600 638 1652 alicui,
683 1600 884 1642 Ostiensi
928 1604 976 1642 et
1020 1598 1322 1652 Saluciarum,
1369 1598 1447 1651 qui
1492 1602 1684 1652 propter
1729 1599 2102 1652 prosecucionerr.

344 1672 528 1713 unionis
563 1671 759 1712 ecclesie
795 1671 1098 1723 quamplures
1134 1682 1243 1712 suos
1279 1669 1491 1712 redditus
1523 1669 1849 1723 perdiderunt,
1886 1668 2102 1722 singulari

343 1741 587 1794 privilegio
607 1741 816 1794 gaudere
836 1741 1021 1794 debent,
1045 1740 1283 1782 dumtaxat
1305 1739 1528 1794 exceptis,
1550 1741 1673 1782 ultra
1696 1739 1863 1782 dictam
1885 1751 2102 1783 summam

344 1812 378 1854 V
391 1813 405 1852 Ι
437 1812 630 1853 millium
662 1811 746 1853 fiat
776 1812 1156 1864 recompensacio
1184 1824 1269 1853 seu
1293 1810 1517 1864 «provisio,
1547 1810 1737 1852 eci-amsi
1766 1811 1897 1853 valor
1926 1821 2102 1852 annuus

343 1882 562 1925 oneribus
599 1883 883 1934 supportatis
919 1895 1107 1923 suorum
1146 1882 1486 1924 beneficiorum
1524 1882 1631 1934 plus
1668 1881 1958 1923 ascendere-t.
2010 1880 2102 1922 Illis

342 1965 452 1993 vero
482 1953 661 1995 duobus
691 1952 773 1994 fiat
803 1965 949 2005 usque
982 1952 1039 1994 ad
1070 1953 1277 1994 valorem
1307 1952 1661 2005 beneficiorum,
1692 1964 1781 2005 que
1812 1951 1870 1994 de
1900 1949 2102 2005 pre-senti

341 2024 562 2076 obtinent,
588 2026 834 2075 antequam
861 2023 1015 2065 omnia
1040 2035 1206 2065 vacare
1229 2023 1444 2065 »dicantur
1467 2026 1515 2065 et
1539 2035 1629 2076 que
1657 2022 1812 2065 omnia
1837 2021 2102 2081 relinquere

341 2096 597 2135 teneantur.

457 2188 670 2228 Ceterum
721 2199 831 2229 vero
881 2187 922 2229 d.
973 2187 1292 2230 cardinalibus
1341 2186 1720 2240 recompensacio
1769 2199 1853 2228 seu
1901 2185 2102 2239 provisio

343 2270 484 2309 usque
509 2258 566 2299 ad
590 2259 715 2299 illam
739 2271 963 2300 summam
986 2258 1049 2300 VI
1073 2259 1286 2311 millium,
1309 2261 1359 2300 ut
1378 2257 1648 2312 predicitur,
1671 2260 1717 2300 et
1736 2269 1831 2299 non
1851 2257 1976 2299 ultra
1997 2255 2102 2299 fieri

339 2327 506 2379 valeat3
539 2328 682 2369 eciam
715 2329 752 2370 si
785 2330 915 2370 valor
947 2341 1136 2370 suorum
1168 2328 1507 2371 beneficiorum
1537 2331 1714 2371 tantum
1745 2339 1839 2369 non
1871 2326 2102 2379 ascendat,

340 2398 566 2439 beneficia
604 2401 758 2440 tamen
796 2399 896 2451 ipsa
933 2400 1204 2452 relinquere
1242 2402 1504 2452 teneantur,
1541 2398 1946 2452 quocienscunque
1983 2397 2102 2440 facta

342 2468 475 2510 luerit
516 2453 892 2521 recompensacio
929 2470 975 2510 in
1009 2470 1309 2523 equivalente
1348 2470 1556 2523 ipsorum
1594 2469 1767 2512 valore.
1819 2468 1886 2510 De
1925 2479 2102 2511 summa

339 2551 448 2579 vero
474 2539 530 2579 VI
560 2539 734 2580 milium
760 2541 1213 2592 recompensacionis
1236 2540 1451 2593 predicte
1473 2540 1547 2581 vel
1574 2539 1767 2582 alterius
1792 2537 2102 2592 equivalentis

337 2608 506 2648 valoris
531 2621 716 2661 semper
742 2609 1009 2663 deducatur,
1035 2623 1221 2663 semper
1247 2611 1293 2652 in
1319 2611 1400 2652 illa
1423 2613 1715 2663 computetur
1738 2612 1784 2652 et
1809 2610 1857 2651 in
1880 2608 1963 2652 illa
1985 2619 2102 2651 com-

338 2679 651 2729 prehendatur
688 2681 816 2721 valor
853 2681 1088 2733 dignitatis
1126 2694 1210 2723 seu
1245 2681 1467 2723 beneficii
1504 2693 1590 2734 per
1627 2680 1840 2733 quemvis
1876 2679 1918 2722 d.
1955 2677 2102 2721 cardi-

337 2748 486 2788 nalem
522 2762 605 2801 pro
639 2763 720 2791 sua
755 2750 1044 2804 reduccione,
1078 2755 1126 2793 ut
1159 2752 1455 2804 premittitur,
1490 2751 1673 2794 retenti.
1718 2750 1912 2792 Nomine
1947 2751 2100 2792 autem

338 2817 550 2859 beneficii
586 2820 729 2861 eciam
764 2821 938 2863 maiora
972 2834 1260 2874 quecunque,
1295 2821 1440 2864 eciam
1473 2822 1511 2864 si
1545 2820 1971 2874 archi-episcopatus
2004 2819 2100 2861 exi-

336 2892 489 2940 steret,
516 2890 775 2942 intelligere
800 2892 1012 2934 volumus
1036 2892 1080 2933 in
1107 2892 1363 2945 premissis.
1399 2892 1496 2934 Hac
1519 2904 1632 2934 vero
1655 2893 1758 2945 lege
1783 2889 2098 2933 revocacionis

337 2958 743 3010 iuris,privaci0nis
777 2965 821 3003 et
857 2961 1140 3005 dimissionis
1175 2963 1574 3016 comprehendere
1608 2974 1702 3004 non
1738 2960 2021 3003 intendimus
2054 2959 2097 3001 d.

330 3027 609 3069 cardinalem
648 3030 924 3073 Remensem
963 3035 1138 3074 tantum
1178 3033 1235 3075 ad
1274 3033 1723 3086 archiepiscopatum
1762 3032 2097 3082 Pictavensem,
