2102 3444
261 133 346 177 232
798 131 822 166 I.
850 131 1061 166 Abschnitt.
1099 130 1499 175 Konzilstagebticher.

380 250 548 293 Octavo
580 250 702 304 quod
736 249 970 303 pendente
1002 262 1141 292 causa
1175 248 1505 302 extirpacionis
1539 249 1645 292 dicti
1679 249 1908 292 scismatis
1937 261 2030 291 non

262 325 516 364 tractentur
544 321 699 374 alique
727 321 937 372 materie,
965 332 1050 374 per
1078 332 1192 372 quas
1220 320 1391 361 bonum
1418 320 1603 363 unionis
1632 323 1676 362 et
1703 319 1858 362 debite
1886 320 2032 362 refor-

264 393 485 434 macionis
511 392 708 434 ecclesie
734 392 819 433 Dei
844 394 1004 445 posset
1029 390 1245 444 impediri
1269 391 1341 432 vel
1368 390 1569 443 differri,
1595 403 1737 444 super
1761 403 1865 444 qua,
1889 390 1927 433 si
1952 390 2032 433 ali-

262 463 384 515 quod
416 462 607 504 dubium
640 465 916 515 emergeret,
951 461 1332 503 determinacioni
1367 461 1472 503 dicti
1507 461 1625 503 sacri
1658 461 1838 503 concilii
1873 464 2031 504 stetur.

378 545 507 587 Nono
545 544 667 597 quod
705 543 1006 598 provideatur
1044 544 1101 585 de
1141 543 1387 586 securitate
1426 556 1628 597 persone
1667 543 1708 585 d.
1745 543 1893 585 nostri
1929 546 2033 596 post

262 616 430 658 factam
466 627 595 658 suam
631 614 890 657 cessionem
926 618 971 657 et
1006 617 1112 657 ante
1147 617 1193 656 et
1228 614 1285 656 de
1320 615 1442 656 bona
1476 614 1744 667 provisione
1781 627 1866 667 pro
1901 627 1952 656 se
1987 617 2033 656 et

262 686 573 728 familiaribus
613 686 710 728 suis
749 689 852 739 post
892 685 1059 727 dictam
1099 686 1359 727 cessionem
1398 685 1580 737 factam,
1621 698 1722 727 cum
1762 684 2031 727 condicione

259 759 429 809 tamen,
461 756 625 810 quodsi
656 757 697 798 d.
730 760 889 799 noster
917 756 1075 799 habita
1107 756 1225 798 dicta
1256 756 1503 798 securitate
1536 756 1623 798 iret
1659 755 1837 798 Italiam
1868 756 1942 798 vel
1974 755 2032 798 ad

261 828 377 870 alias
402 830 565 881 partes
595 827 694 870 sine
725 827 1071 870 deliberacione
1102 830 1146 869 et
1175 839 1407 869 consensu
1435 826 1542 868 dicti
1573 826 1755 869 concilii
1783 826 1858 869 vel
1885 827 2032 869 nollet

260 898 587 951 obtemperare
618 898 811 940 concilio
841 902 886 940 et
916 897 1298 940 determinacioni
1330 897 1436 939 dicti
1468 897 1649 940 concilii
1682 897 1728 939 in
1759 897 2033 950 pertinenti-

260 969 345 1010 bus
375 969 433 1011 ad
462 968 607 1011 fidem
636 972 681 1011 et
710 969 1076 1022 extirpacionem
1107 969 1214 1011 dicti
1246 969 1474 1011 scismatis
1505 981 1555 1010 ac
1585 968 1806 1010 unionem
1834 967 2030 1010 ecclesie

259 1052 342 1081 seu
371 1039 762 1082 reformacionem
791 1040 1016 1092 eiusdem,
1046 1040 1272 1083 securitas
1301 1043 1347 1082 et
1374 1039 1579 1092 provisio
1606 1040 1837 1092 premisse
1867 1039 1910 1081 ei
1938 1051 2031 1081 non

259 1110 440 1162 prosint
467 1123 621 1163 ymmo
651 1123 737 1164 pro
768 1123 861 1152 non
892 1110 1027 1153 factis
1057 1111 1333 1153 habeantur.

378 1193 463 1234 Die
506 1193 737 1235 dominica
779 1194 826 1234 in
865 1192 988 1235 festo
1029 1193 1199 1246 pasche
1241 1192 1599 1235 resurrectionis
1641 1192 1828 1246 domini,
1870 1192 2030 1235 ultima

259 1263 475 1306 videlicet
507 1263 681 1306 mensis
717 1263 887 1316 Marcii,
920 1263 979 1306 ad
1009 1276 1175 1317 preces
1206 1263 1530 1317 gloriosissimi
1561 1263 1786 1317 principis
1818 1262 1860 1305 d.
1892 1263 2032 1318 Sigis-

260 1333 419 1376 mundi
441 1334 754 1376 Romanorum
776 1337 821 1376 et
843 1334 1080 1387 Hungarie
1102 1334 1226 1387 regis
1250 1347 1437 1387 semper
1459 1334 1639 1388 augusti
1663 1343 1833 1376 revmus
1853 1334 1901 1376 in
1924 1333 2030 1376 Chr.

258 1418 301 1458 p.
338 1405 379 1447 d.
416 1405 651 1448 Jordanus
686 1405 992 1448 miseracione
1028 1405 1184 1447 divina
1219 1405 1466 1458 episcopus
1500 1405 1799 1458 Albanensis,
1834 1418 1869 1447 s.
1904 1405 1952 1449 R.
1990 1418 2030 1447 e.

258 1476 510 1519 cardinalis
531 1476 588 1518 de
610 1476 809 1529 Ursinis,
832 1477 1023 1518 missam
1043 1476 1092 1518 in
1107 1477 1306 1518 ecclesia
1322 1476 1578 1518 cathedrali
1593 1475 1946 1519 Constanciensi
1963 1488 2032 1518 so-

260 1546 476 1589 lemniter
502 1547 769 1589 celebravit.
809 1546 952 1590 Cuius
977 1547 1118 1590 misse
1145 1546 1455 1589 celebracioni
1481 1548 1583 1600 ipse
1611 1547 1653 1589 d.
1679 1559 1765 1588 rex
1790 1559 1842 1589 ac
1866 1546 1910 1589 d.
1937 1559 2032 1589 car-

260 1617 457 1671 dinales,
482 1618 559 1671 qui
587 1618 861 1661 Constancie
887 1621 1230 1671 remanserunt,
1256 1618 1333 1671 qui
1358 1630 1450 1659 non
1475 1621 1609 1660 erant
1633 1617 1907 1660 infirmitate
1932 1630 2032 1672 gra-

259 1689 365 1742 vati,
394 1689 649 1742 pluresque
679 1689 917 1742 principes
947 1692 993 1731 et
1021 1689 1191 1742 prelati
1221 1688 1550 1731 interfuerunt.
1593 1689 1702 1731 Post
1731 1688 1860 1730 cuius
1890 1688 2030 1731 misse

260 1759 630 1801 celebracionem
652 1760 824 1813 prefati
847 1761 889 1802 d.
910 1760 1190 1813 cardinales,
1212 1763 1422 1802 oratores
1444 1760 1569 1813 regis
1592 1759 1800 1812 Francie‚
1822 1763 2032 1802 oratores

259 1830 575 1873 universitatis
605 1830 886 1874 Parisiensis
915 1834 960 1873 et
988 1831 1150 1884 plures
1181 1831 1258 1873 alii
1289 1831 1412 1884 apud
1441 1830 1675 1884 prefatum
1705 1831 1747 1872 d.
1778 1843 1936 1884 regem
1966 1831 2032 1873 in-

259 1901 487 1954 stiterunt,
520 1901 739 1953 quatinus
770 1914 795 1944 a
827 1902 1056 1944 movendo
1087 1914 1305 1955 guerram
1337 1902 1441 1943 duci
1474 1902 1663 1944 Austrie
1696 1901 1883 1944 omnino
1914 1900 2033 1944 desi-

259 1976 415 2024 steret,
454 1973 727 2026 allegantes,
766 1973 931 2025 quodsi
969 1986 1140 2026 guerra
1178 1973 1331 2025 fieret,
1370 1973 1655 2027 conciliuma)
1696 1972 2033 2015 dissolveretur

260 2043 446 2085 omnino
468 2046 514 2085 et
535 2043 598 2085 sic
619 2043 729 2085 unio
752 2047 906 2096 optata
927 2057 1020 2085 non
1041 2044 1296 2086 haberetur
1318 2044 1364 2085 in
1387 2043 1584 2086 ecclesie
1607 2046 1764 2086 sancta
1785 2043 1887 2096 Dei,
1909 2042 2031 2096 quod

261 2117 361 2156 erat
400 2117 558 2156 contra
600 2115 748 2167 ipsius
788 2115 830 2156 d.
872 2114 996 2168 regis
1037 2114 1362 2157 intencionem.
1416 2115 1592 2166 Quibus
1633 2114 1735 2168 ipse
1775 2114 1817 2156 d.
1860 2127 1945 2156 rex
1985 2114 2032 2156 in

260 2184 435 2227 effectu
459 2185 669 2238 graciose
695 2185 951 2238 respondit,
976 2185 1099 2238 quod
1123 2198 1285 2227 verum
1310 2189 1424 2237 erat,
1450 2185 1574 2238 quod
1600 2185 1657 2227 de
1684 2198 1915 2228 consensu
1939 2198 2032 2228 om-

260 2255 387 2297 nium
419 2255 681 2308 principum
715 2256 760 2297 in
794 2256 879 2298 hoc
913 2269 1044 2298 sacro
1078 2256 1270 2298 concilio
1304 2256 1623 2309 existencium‚
1656 2256 1735 2309 qui
1769 2269 1819 2299 se
1853 2269 1879 2298 a
1913 2256 2032 2299 dicto

259 2326 374 2368 duce
397 2327 586 2369 Austrie
611 2326 855 2369 iniuriatos
880 2339 985 2369 esse
1010 2328 1289 2380 reputabant
1314 2328 1372 2369 ob
1396 2327 1557 2370 modos
1580 2340 1666 2380 per
1689 2327 1841 2380 ipsum
1864 2330 2031 2380 tentos,

257 2409 474 2449 guerram
506 2396 659 2439 eidem
691 2397 795 2440 duci
827 2397 984 2440 facere
1014 2399 1319 2440 concluserat.
1365 2399 1418 2440 Et
1448 2401 1699 2451 propterea
1728 2411 1821 2441 non
1850 2400 2032 2452 poterat

260 2481 361 2510 cum
382 2469 625 2510 honestate
649 2481 675 2510 a
697 2468 816 2511 dicto
837 2470 1077 2521 proposito
1099 2469 1286 2511 resilire
1309 2470 1410 2511 sine
1433 2469 1748 2522 predictorum
1767 2468 2031 2522 principum

261 2551 504 2581 consensu.
539 2539 739 2582 Volebat
759 2543 914 2582 tamen
939 2552 1080 2592 super
1102 2541 1187 2582 hoc
1209 2553 1309 2581 cum
1332 2540 1402 2582 eis
1426 2541 1472 2582 in
1494 2540 1745 2582 crastinum
1768 2543 1872 2594 post
1892 2552 2030 2594 pran—

261 2609 385 2652 dium
409 2609 554 2652 lacius
576 2610 836 2653 consulere.

380 2690 506 2746 Dieb)
539 2693 700 2735 martis
731 2692 935 2735 secunda
965 2692 1139 2734 mensis
1169 2692 1345 2746 Aprilis
1376 2693 1417 2734 d.
1449 2693 1656 2746 deputati
1685 2696 1882 2747 quatuor
1910 2692 2032 2735 naci-

260 2775 398 2804 onum
431 2762 813 2805 deliberaverunt
843 2763 889 2805 in
920 2763 1005 2805 hac
1035 2763 1330 2805 conclusione
1364 2776 1609 2806 remanere
1641 2776 1784 2818 super
1815 2776 2031 2817 procura-

260 2834 440 2876 toribus
480 2834 817 2877 constituendis
857 2847 943 2888 per
985 2835 1025 2878 d.
1069 2837 1276 2876 nostrum
1318 2838 1363 2876 et
1404 2834 1489 2876 ista
1531 2834 1618 2876 fuit
1660 2835 1945 2877 communior
1985 2837 2030 2877 et

261 2903 407 2946 maior
431 2904 601 2957 opinio,
626 2905 843 2947 videlicet
868 2905 992 2958 quod
1017 2905 1073 2947 de
1102 2904 1303 2947 sedecim
1329 2905 1545 2958 personis
1571 2905 1611 2948 d.
1637 2908 1796 2948 noster
1821 2905 1961 2960 eligat
1985 2908 2030 2947 et

365 3049 395 3069 a)
419 3044 455 3076 B,
479 3045 500 3070 ζ’
518 3045 596 3071 state
618 3044 806 3077 concilium,
862 3045 893 3073 1))
916 3045 985 3072 Das
1005 3044 1156 3080 folgscmle
1176 3044 1256 3077 fehlt
1279 3048 1306 3069 (ι
