2227 3434
506 203 544 238 Β.
592 203 669 238 Der
701 203 800 238 liber
832 206 1026 247 gestorum
1061 204 1130 238 des
1163 201 1404 237 Cerretanus.
1737 205 1822 246 303

55 321 270 365 strissimi
294 322 419 374 regis
441 321 489 362 in
512 325 667 363 vestra
689 321 1042 363 transmissione
1066 333 1160 363 non
1181 325 1373 374 possent
1396 334 1481 374 per
1502 321 1619 363 hanc
1643 334 1821 363 sacram

55 392 280 445 synodum
307 391 560 434 secundum
588 395 768 434 mentes
795 393 999 434 omnium
1027 395 1070 434 et
1097 392 1385 445 singulorum
1412 392 1703 434 dominorum
1731 405 1822 433 me-

55 475 186 505 orum
211 476 245 505 s.
270 463 320 504 R.
345 475 383 506 e.
410 462 716 504 cardinalium
740 463 1108 515 patriarcharum
1136 496 1144 504 .
1180 497 1188 504 .
1224 496 1232 504 .
1258 463 1330 504 hic
1356 463 1516 516 viginti
1539 463 1629 505 iam
1655 464 1822 505 mensi-

55 533 141 576 bus
177 546 263 587 pro
300 533 497 575 ecclesie
538 533 707 575 unione
749 567 756 574 .
793 567 800 574 .
837 567 844 574 .
885 533 1243 586 persistencium
1281 534 1419 586 digne
1458 533 1629 574 referri
1667 535 1821 588 gracie

143 638 151 646 .
182 603 265 647 sed
294 605 395 657 ipse
424 605 502 657 qui
532 603 742 646 eiusdem
773 604 936 656 synodi
967 608 1124 646 auctor
1152 607 1222 646 est
1251 638 1258 645 .
1296 638 1302 645 .
1339 638 1346 645 .
1378 604 1515 657 digna
1543 604 1723 657 premia
1754 617 1823 646 re-

54 673 227 727 pendat
259 708 267 717 .
302 708 311 716 .
347 708 356 716 .
386 687 472 728 per
502 673 687 717 infinita
720 675 877 716 secula
908 675 1071 717 Amen.

170 745 256 787 Die
287 745 468 788 sabbati
499 745 688 787 XXVII.
720 745 895 788 mensis
925 746 1052 787 Junii
1084 746 1173 788 fuit
1203 746 1323 788 facta
1354 747 1655 799 congregacio
1684 758 1822 799 gene-

55 815 167 858 ralis
198 849 206 857 .
242 849 250 857 .
286 853 293 860 .
325 816 459 858 solito
488 815 725 859 sessionis.
772 816 928 869 Itaque
957 829 1042 870 per
1071 829 1165 858 rev.
1196 817 1242 857 in
1273 816 1378 858 Chr.
1409 830 1451 870 p.
1482 817 1523 858 d.
1553 817 1822 870 episcopum

54 887 414 940 Traguriensem
457 890 503 929 et
544 887 848 940 spectabilem
891 887 1084 929 militem
1128 887 1169 929 d.
1213 888 1465 929 Henricum
1507 888 1821 939 Lassenbuch‚

52 961 262 1000 oratores
294 958 619 1011 gloriosissimi
654 958 878 1011 principis
913 958 954 999 d.
991 959 1114 1011 regis
1150 958 1475 1011 Romanorum,
1511 958 1598 1000 fuit
1632 971 1823 1012 presen-

52 1031 175 1072 tatus
196 1029 510 1082 personaliter
534 1041 628 1071 rev.
654 1041 696 1082 p.
723 1029 764 1071 d.
791 1029 966 1071 electus
991 1029 1347 1082 Argentinensis
1371 1029 1674 1083 promisitque
1701 1029 1822 1070 idem

52 1099 227 1142 electus
255 1112 403 1153 usque
433 1099 490 1141 ad
518 1099 663 1141 finem
694 1113 775 1142 sue
805 1112 942 1142 cause
974 1100 1200 1141 inclusive
1231 1101 1277 1141 in
1308 1113 1439 1142 sacro
1469 1100 1820 1142 Constanciensi

53 1170 248 1213 concilio
278 1171 534 1224 persistere
567 1174 612 1212 et
644 1170 843 1213 iudicato
877 1171 1187 1223 acquiescere.
1235 1170 1319 1213 Cui
1352 1174 1397 1212 et
1431 1171 1606 1213 decano
1638 1174 1684 1213 et
1718 1171 1822 1213 aliis

52 1241 474 1295 Argentinensibus
503 1241 604 1284 eius
632 1241 916 1283 adversariis
944 1241 1135 1283 fuerunt
1163 1242 1370 1294 deputati
1399 1255 1483 1295 pro
1511 1243 1718 1294 qualibet
1744 1254 1822 1283 na-

53 1311 183 1354 cione
214 1312 305 1355 duo
335 1312 510 1354 iudices
540 1316 585 1354 et
613 1313 677 1355 sic
707 1325 765 1354 ex
794 1316 926 1365 parte
956 1313 1073 1355 sacri
1105 1313 1288 1366 collegii
1320 1313 1410 1354 duo
1440 1312 1576 1354 revffli
1606 1313 1648 1354 d.
1679 1312 1823 1354 cardi-

53 1383 200 1425 nales.
270 1383 463 1426 Nomina
522 1386 674 1425 autem
732 1383 933 1425 iudicum
992 1386 1037 1425 et
1095 1384 1517 1425 commissariorum
1577 1386 1681 1425 sunt
1738 1384 1822 1425 hec

53 1453 323 1508 videlicet.⁸)

174 1524 286 1567 Item
315 1525 356 1567 d.
386 1524 653 1567 Dominicus
681 1525 738 1566 de
769 1525 913 1567 Ponto
941 1524 1190 1568 advocatus
1217 1524 1554 1567 consistorialis
1580 1526 1821 1578 proposuit

53 1599 211 1638 contra
250 1596 448 1638 electum
488 1595 867 1638 Lemovicensem
910 1596 1052 1638 multa
1094 1597 1317 1649 enormia,
1358 1599 1550 1649 propter
1591 1608 1680 1648 que
1720 1595 1821 1637 eius

52 1666 225 1710 eleccio
251 1666 521 1709 confirmari
550 1679 642 1709 non
670 1667 884 1709 debebat.
925 1667 998 1708 Ad
1025 1679 1114 1720 que
1141 1680 1244 1708 cum
1272 1667 1313 1708 d.
1343 1667 1512 1719 Symon
1540 1666 1599 1708 de
1627 1667 1823 1708 Teramo

53 1737 301 1781 advocatus
330 1737 665 1780 consistorialis
696 1737 985 1791 respondere
1017 1738 1160 1779 vellet
1189 1741 1235 1780 et
1264 1738 1462 1780 electum
1493 1749 1733 1789 excusare,
1764 1749 1822 1778 ex

53 1808 250 1851 tumultu
283 1808 404 1851 facto
437 1821 523 1862 per
557 1808 597 1852 d.
634 1808 922 1862 patriarchas
959 1808 1520 1861 Constantinopolitanum
1556 1811 1602 1850 et
1634 1808 1823 1850 Anthio-

54 1890 217 1921 cenum
241 1891 301 1921 ex
324 1891 417 1921 una
441 1882 489 1922 et
512 1879 553 1921 d.
578 1880 848 1932 episcopum
872 1878 1171 1921 Aniciensem
1195 1892 1254 1921 ex
1279 1879 1371 1921 alia
1394 1878 1606 1932 partibus
1631 1882 1822 1932 propter
1855 1922 1858 1924 ,

0 1997 2 1999 ,
54 1961 239 1992 causam
270 1948 534 1992 huiusmodi
568 1962 661 1992 non
693 1950 780 1992 fuit
812 1950 997 1993 auditus
1030 1954 1099 1992 set
1131 1950 1217 1992 fuit
1249 1950 1551 2003 congregacio
1583 1949 1821 1992 dissoluta.

169 2020 331 2062 Rev1110
357 2020 404 2063 in
430 2020 536 2063 Chr.
562 2033 606 2074 p.
632 2024 677 2063 et
702 2021 744 2063 d.
770 2021 812 2062 d.
840 2021 1086 2063 Francisco
1112 2020 1418 2063 miseracione
1446 2020 1603 2062 divina
1629 2020 1822 2062 diacono

53 2090 277 2133 cardinali
310 2091 368 2134 de
400 2091 642 2134 Florencia
673 2092 928 2144 vulgariter
959 2095 1223 2145 nuncupato
1255 2091 1441 2134 domino
1471 2104 1568 2134 suo.

170 2161 332 2204 Revme
356 2162 402 2204 in
426 2161 531 2205 Chr.
556 2175 599 2216 p.
623 2166 669 2205 et
691 2162 733 2204 d.
757 2162 920 2204 humili
944 2162 1405 2204 recommendacione
1429 2162 1676 2215 premissa!
1716 2162 1822 2204 Post

56 2243 290 2275 recessum
328 2245 480 2274 meum
518 2233 575 2274 de
614 2233 890 2276 Constancia
925 2236 1078 2275 vestre
1116 2246 1208 2275 non
1246 2233 1410 2286 scripsi
1447 2232 1714 2286 paternitati
1752 2245 1821 2283 e0,

55 2303 161 2355 quia
202 2303 337 2346 litere
376 2315 478 2346 mee
517 2307 824 2357 generassent
864 2304 984 2346 forte
1024 2304 1164 2346 cicius
1204 2305 1542 2346 melanconiam
1583 2304 1629 2345 in
1670 2303 1822 2345 animo

55 2376 208 2416 vestro
237 2386 374 2427 quam
405 2375 620 2428 leticiam,
651 2376 687 2417 si
720 2374 850 2417 vobis
882 2375 1174 2428 scripsissem
1204 2387 1273 2427 ea,
1303 2387 1392 2427 que
1422 2377 1525 2427 post
1556 2377 1748 2416 mortem
1780 2374 1820 2415 d.

56 2444 178 2497 regis
209 2444 475 2498 Aragonum
508 2444 853 2498 temptabantur
885 2445 1112 2497 innovari,
1146 2445 1363 2498 quoniam
1397 2444 1526 2486 multi
1558 2444 1822 2486 turbatores

56 2513 239 2558 unionis
268 2518 424 2558 sancte
455 2516 615 2558 matris
645 2516 841 2558 ecclesie
873 2528 1044 2558 cornua
1075 2528 1158 2558 sua
1188 2516 1377 2558 elevare
1408 2515 1708 2568 temptabant,
1739 2514 1820 2557 sed

56 2583 180 2628 Deus
211 2619 219 2627 .
255 2619 263 2627 .
299 2620 307 2628 .
338 2598 415 2628 cor
445 2585 576 2629 istius
606 2586 712 2628 novi
743 2586 866 2640 regis
898 2586 1176 2628 illuminavit
1205 2586 1375 2638 taliter,
1407 2586 1529 2639 quod
1558 2586 1821 2627 turbatores

55 2653 203 2698 locum
227 2656 402 2699 habere
428 2669 520 2698 non
547 2657 743 2711 valent¹)
773 2694 779 2701 .
817 2691 825 2698 .
861 2691 869 2699 .
896 2657 994 2699 Rex
1020 2658 1286 2710 Aragonum
1312 2657 1436 2698 misit
1461 2656 1820 2698 ambassiatores

57 2735 164 2769 suos
198 2727 245 2768 in
280 2726 530 2769 Castellam
566 2727 624 2770 ad
658 2727 1014 2780 sollicitandum,
1050 2727 1173 2780 quod
1207 2727 1471 2779 subtractio,
1506 2739 1595 2779 que
1630 2729 1821 2779 propter

57 2798 248 2838 mortem
276 2798 401 2850 regis
431 2798 597 2839 mortui
626 2797 815 2840 dilatata
869 2798 969 2850 fuit,
998 2798 1278 2851 publicetur;
1310 2797 1417 2839 item
1447 2797 1570 2849 quod
1600 2796 1821 2838 ambassi-

57 2867 209 2910 atores
234 2867 549 2910 Constantiam
575 2868 766 2921 mittant,
792 2869 914 2921 quia,
938 2872 986 2910 ut
1010 2869 1052 2910 d.
1079 2880 1162 2909 rex
1189 2868 1323 2909 michi
1348 2868 1478 2919 dixit,
1505 2867 1679 2919 recepit
1706 2867 1821 2908 litte—

161 2987 190 3009 a>
211 2981 315 3014 st’hIen
339 2983 376 3015 B,
398 2986 420 3006 (¹
440 2984 517 3010 ahur
542 2984 652 3010 Liiclre.

174 3042 206 3083 ¹)
237 3041 438 3077 Schreiber
467 3043 562 3087 hoff!
591 3044 657 3078 mie
685 3044 772 3077 dem
802 3043 1021 3077 Gesamlten
1049 3044 1118 3077 cles
1146 3041 1290 3084 Κϋηὶῃε
1321 3042 1428 3075 Mitte
1455 3042 1534 3075 ,Iuli
1565 3042 1601 3074 ιή
1630 3039 1820 3072 Konstan:

57 3106 102 3131 zu
129 3107 222 3133 sem.
