2227 3434
534 193 571 228 B.
608 194 685 229 Der
707 194 806 229 liber
828 197 1021 239 gestorum
1045 196 1114 230 des
1135 195 1378 231 Cerretanus.
1754 200 1838 242 245

195 310 279 354 Die
307 311 416 353 lune
442 311 536 355 XX.
566 313 742 355 mensis
773 312 877 355 Maii
907 313 1158 366 supradicti
1186 313 1401 357 custodes
1428 314 1624 368 profecti
1653 319 1759 358 sunt
1786 316 1844 359 ad

75 384 276 424 castrum
309 381 440 424 Celle
472 382 798 436 constitutique
831 383 877 425 in
909 384 1150 437 presentia
1182 385 1223 426 d.
1257 385 1484 428 Johannis
1517 398 1638 439 pape
1670 386 1841 429 XXIII.

72 464 158 494 nec
180 454 223 494 ei
248 453 455 496 exhibita
478 454 745 496 reverentia
769 454 909 496 velud
934 467 1073 508 pape3
1100 455 1141 496 d.
1167 455 1414 509 episcopus
1438 457 1748 501 Tholonensis
1773 470 1841 500 ac-

74 534 234 566 cessus
259 524 329 566 sui
354 535 540 566 causam
562 525 749 566 nomine
775 538 858 567 suo
882 528 926 567 et
950 538 1139 567 suorum
1163 526 1446 579 collegarum
1471 531 1634 570 ornato
1657 531 1702 569 et
1725 527 1842 582 rigo-

73 605 181 636 roso
211 595 467 648 sermonea)
500 594 653 637 eidem
684 596 912 649 exposuit,
942 596 1103 639 dicens
1132 609 1218 650 per
1248 609 1429 639 sacrum
1461 598 1703 640 concilium
1734 611 1843 652 qua-

73 667 178 707 tuor
209 665 490 718 exponenda
525 666 613 708 sibi
647 666 844 709 comissa
880 666 1045 727 fuisse:
1096 667 1300 710 Primum
1336 669 1536 721 qualiter
1571 669 1645 711 die
1682 670 1842 712 martis

74 735 228 778 XIIII.
251 736 424 778 mensis
450 736 554 779 Maii
578 737 677 790 ipse
700 737 741 778 d.
763 737 1002 780 Johannes
1023 751 1146 791 papa
1166 739 1338 786 XXIII.
1361 739 1418 781 ab
1440 739 1841 783 administratione

73 806 386 860 spiritualium
412 810 458 850 et
483 808 809 861 temporalium
835 812 1028 862 propter
1056 810 1327 862 symoniam,
1355 810 1589 863 publicam
1617 811 1842 865 dilapida-

73 876 245 919 tionem
268 877 496 920 bonorum
519 878 725 921 Romane
750 882 796 921 et
818 879 1014 921 aliarum
1039 880 1356 932 ecclesiarum,
1380 880 1627 923 fautoriam
1650 894 1843 935 presen-

74 947 131 990 tis
155 948 398 1002 scismatis,
421 949 870 1003 incorrigibilitatem
893 950 984 992 vite
1009 954 1054 992 et
1077 950 1169 993 alia
1192 952 1386 993 crimina
1408 964 1494 1005 per
1516 964 1621 994 eum
1645 952 1692 994 in
1716 965 1843 995 scan-

73 1019 229 1062 dalum
250 1021 449 1062 ecclesie
469 1024 739 1074 perpetrata
755 1034 1013 1074 suspensus
1028 1034 1114 1074 per
1129 1026 1469 1065 sacrosanctam
1487 1023 1712 1075 synodum
1729 1023 1844 1066 Con-

74 1089 378 1132 stantiensem
413 1090 580 1134 fuerat.
630 1090 893 1134 Secundum
931 1092 1053 1145 quod
1090 1093 1280 1146 bullam,
1318 1094 1548 1147 signetum
1584 1094 1842 1147 plscatoris,

0 1145 4 1157 ³
74 1164 284 1215 regestra
304 1161 692 1215 supplicationum
713 1166 759 1205 et
776 1163 1011 1205 bullarum
1032 1163 1101 1205 eis
1120 1164 1361 1217 assignare
1383 1165 1590 1206 deberet.
1623 1165 1842 1217 Tertium,

75 1232 276 1286 qualiter
315 1233 514 1276 relatum
556 1233 724 1286 fuerat,
767 1234 890 1287 quod
931 1234 1006 1276 die
1049 1234 1277 1277 dominica
1318 1235 1590 1288 precedenti
1632 1236 1843 1279 voluerat

74 1302 231 1357 fugam
267 1304 480 1357 arripere
516 1304 573 1346 de
611 1304 730 1347 dicto
767 1307 917 1347 castro
954 1305 1098 1357 Celle,
1135 1308 1180 1347 et
1214 1309 1466 1359 propterea
1502 1307 1591 1360 ipsi
1629 1306 1844 1349 custodes

74 1373 121 1416 in
157 1373 388 1418 mandatis
422 1374 660 1418 habebant
697 1388 723 1417 a
761 1388 892 1419 sacro
929 1376 1275 1419 Constantiensi
1313 1377 1506 1419 concilio
1543 1390 1704 1420 omnes
1742 1378 1843 1420 eius

73 1446 326 1489 servitores
365 1446 626 1489 familiares
665 1450 711 1489 et
750 1447 1025 1490 domesticos
1063 1449 1402 1490 commensales
1442 1452 1578 1501 atque
1619 1461 1843 1502 sequaces

73 1516 327 1560 licentiare.
374 1516 545 1568 Quarto
580 1521 626 1560 et
658 1518 820 1560 ultimo
855 1519 1056 1572 qualiter
1091 1519 1180 1572 ipsi
1216 1522 1349 1561 erant
1385 1519 1591 1572 deputati
1628 1519 1842 1562 custodes

73 1599 158 1641 per
199 1587 351 1642 ipsum
395 1601 576 1631 sacrum
619 1590 863 1631 concilium
908 1589 965 1632 ad
1010 1590 1156 1642 ipsius
1200 1602 1449 1643 personam
1492 1590 1840 1633 custodiendam

71 1661 116 1701 et
141 1658 265 1712 quod
291 1659 460 1701 bonam
488 1660 755 1702 societatem
784 1660 872 1702 sibi
900 1660 1057 1702 facere
1086 1659 1404 1703 intendebant.

186 1729 259 1772 Ad
290 1743 379 1784 que
412 1729 625 1783 prefatus
656 1731 697 1772 d.
732 1731 985 1783 Johannes,
1016 1744 1139 1784 papa
1171 1731 1464 1785 respondens
1497 1745 1522 1774 a
1555 1732 1764 1785 symonia
1795 1735 1841 1773 et

74 1800 408 1855 dilapidatione
452 1802 650 1844 ecclesie
693 1805 738 1844 et
782 1802 886 1844 aliis
930 1802 1202 1845 criminibus
1244 1815 1300 1844 eo
1344 1802 1492 1855 modo,
1538 1816 1628 1856 quo
1673 1802 1840 1844 melius

72 1872 231 1925 potuit,
257 1885 306 1915 se
332 1872 587 1915 excusavit:
629 1872 794 1926 fugere
821 1876 973 1915 autem
1000 1874 1205 1916 voluisse
1232 1874 1419 1916 omnino
1446 1873 1644 1927 negavit,
1673 1874 1755 1916 sed
1782 1873 1838 1915 de

71 1941 181 1997 fuga
213 1956 296 1986 sua
329 1943 438 1985 inde
472 1947 681 1986 exortam
716 1944 862 1986 fuisse
898 1945 1211 1997 suspicionem
1246 1944 1460 1997 asseruit,
1494 1957 1579 1997 pro
1613 1957 1668 1986 eo
1702 1944 1837 1998 quod,

69 2026 169 2057 cum
198 2027 319 2058 unus
349 2014 406 2056 de
435 2015 748 2058 bullatoribus
778 2016 1052 2058 recessisset
1080 2018 1125 2057 et
1155 2016 1274 2058 alius
1304 2016 1548 2068 premissis
1579 2016 1675 2058 suis
1705 2016 1839 2058 bonis

71 2083 129 2126 ad
156 2071 393 2127 recessum
423 2097 473 2128 se
503 2089 706 2139 pararet,
738 2087 838 2139 ipse
869 2086 1022 2128 eidem
1054 2086 1230 2128 bullam
1261 2086 1463 2138 abstulit,
1493 2089 1686 2139 propter
1716 2086 1838 2139 quod

71 2154 270 2200 bullator
298 2157 415 2210 i-pse,
447 2157 524 2210 qui
554 2161 858 2209 remanserat,
890 2158 948 2199 ad
977 2157 1270 2210 capitaneum
1300 2159 1437 2200 castri
1470 2157 1599 2199 Celle
1631 2157 1839 2211 perrexit

71 2225 253 2280 sibique
276 2227 405 2280 dixit,
429 2227 630 2280 qualiter
652 2240 774 2281 papa
798 2228 962 2281 fugere
986 2228 1290 2281 proponebat.
1327 2228 1394 2271 Ob
1420 2228 1542 2281 quod
1567 2229 1837 2281 capitaneus

72 2295 173 2350 ipse
194 2298 278 2340 hoc
299 2299 469 2341 timens
492 2301 538 2340 et
559 2299 616 2340 de
641 2299 834 2341 veritate
859 2299 996 2341 huius
1020 2298 1270 2341 certificari
1294 2300 1470 2352 volens,
1494 2312 1642 2352 usque
1668 2299 1726 2341 ad
1749 2299 1837 2340 lec-

72 2369 165 2410 tum
202 2369 350 2422 ipsius
385 2382 506 2422 pape
544 2370 750 2421 accessit,
789 2373 833 2412 et
869 2382 975 2411 eum
1014 2370 1187 2411 ibidem
1225 2370 1533 2412 dormientem
1569 2369 1836 2422 nudumque

72 2439 294 2492 repperit:
334 2441 464 2482 cuius
502 2440 569 2481 rei
608 2443 750 2483 testes
788 2444 879 2482 tam
919 2439 1166 2483 Bindacius
1205 2440 1261 2482 de
1300 2440 1525 2483 Ricasolis
1563 2441 1620 2482 de
1657 2439 1835 2482 familia

71 2507 217 2562 ipsius
243 2509 285 2552 d.
314 2523 450 2564 pape,
480 2511 557 2564 qui
589 2511 634 2552 in
665 2511 830 2553 eadem
858 2524 1042 2553 camera
1072 2511 1331 2553 dormiebat
1360 2515 1404 2553 et
1433 2512 1704 2565 capitaneus
1731 2523 1835 2564 pre-

70 2577 216 2624 dictus
245 2593 351 2623 esse
381 2585 608 2635 poterant.
655 2582 722 2624 De
752 2581 1065 2625 familiaribus
1097 2585 1250 2624 autem
1283 2583 1460 2635 rogavit
1491 2581 1705 2624 custodes
1736 2594 1835 2623 eos-

71 2648 188 2703 dem,
213 2652 335 2704 quod
359 2651 540 2705 aliquos
564 2653 622 2695 ad
647 2653 1030 2695 sustentationem
1056 2653 1264 2706 corporis
1288 2656 1332 2694 et
1357 2653 1498 2695 animi
1526 2652 1596 2694 sui
1622 2664 1834 2694 necessa-

71 2719 163 2762 rios
205 2722 294 2764 sibi
335 2722 392 2764 de
433 2724 588 2776 gracia
630 2723 820 2777 speciali
865 2723 1166 2766 dimitterent:
1213 2724 1328 2766 duos
1372 2724 1545 2766 scilicet
1587 2723 1832 2776 religiosos

74 2788 397 2835 Montisoliveti
418 2797 464 2836 et
485 2795 778 2847 capellanum
801 2807 886 2848 pro
906 2795 1229 2837 consolacione
1253 2795 1405 2837 anime
1429 2806 1525 2846 sue,
1549 2793 1833 2844 scutiferum,

67 2865 445 2916 comparatorem,
478 2877 673 2918 coquum
706 2868 752 2907 et
783 2865 1009 2907 medicum
1044 2877 1129 2918 pro
1162 2864 1535 2907 substentacione
1570 2865 1639 2905 sui
1675 2875 1832 2915 corpo-

70 2930 149 2983 ris,
179 2936 399 2986 quantum
431 2935 518 2977 sibi
554 2935 678 2978 Deus
711 2935 892 2978 dederit
923 2936 1013 2978 vita
1046 2936 1154 2977 frui.
1199 2934 1463 2978 Custodiam
1497 2947 1607 2976 vero
1640 2934 1696 2975 de
1728 2945 1831 2986 per-

69 3012 183 3044 sona
216 3003 363 3056 ipsius
398 3005 618 3058 predictis
652 3005 919 3049 custodibus
954 3007 1245 3048 commissam
1282 3009 1514 3059 acceptam
1551 3005 1751 3047 habebat
1786 3006 1831 3045 et

169 3108 200 3139 a)
222 3108 259 3132 6':
280 3113 375 3134 serm.
395 3115 441 3135 or.
461 3111 492 3134 et
514 3108 571 3136 riu.
