2227 3434
517 192 560 227 A.
601 193 800 229 Fillastres
830 194 945 229 Gesta
972 195 1121 229 concilii
1149 195 1462 231 Constantiensis.
1819 201 1874 242 75

227 311 405 354 Deinde
434 312 810 366 archiepiscopus
830 313 1192 356 Mediolanensis
1222 315 1429 357 ascendit
1445 316 1689 357 ambonem
1705 320 1749 358 et
1766 318 1875 370 legit

107 381 293 424 nomine
331 383 512 424 concilii
549 384 938 435 protestacionem
975 387 1020 426 et
1057 384 1293 426 decretum
1330 386 1511 427 concilii
1550 399 1752 439 sequens
1789 400 1874 440 pro

109 453 273 506 legatis
295 453 450 496 Sicilie
471 456 516 495 et
537 453 796 495 mutacione
818 454 945 497 sedis
968 455 1025 497 de
1049 455 1213 498 dextra
1236 456 1294 497 ad
1318 456 1568 509 sinistram,
1590 457 1719 500 cuius
1741 461 1874 499 tenor

109 523 215 566 talis
237 526 325 566 est:

226 593 527 637 Sacrosancta
555 595 759 647 synodus
790 629 798 637 .
835 633 841 639 .
879 630 886 637 .
918 596 1147 650 synodo.¹)

228 665 283 707 Et
307 664 395 707 fuit
421 678 715 718 responsum:
746 666 902 708 Placet
928 679 986 708 ex
1012 669 1145 720 parte
1172 666 1308 709 trium
1335 669 1596 722 nacionum,
1622 681 1707 722 per
1734 669 1878 711 cardi-

110 735 265 777 nalem
304 735 599 779 Hostiensem
638 749 724 789 pro
762 737 1094 779 cardinalibus.
1134 737 1212 780 Set
1250 750 1310 779 ex
1348 742 1480 791 parte
1520 739 1727 782 nacionis
1767 739 1879 782 Ger-

108 807 287 848 manice
325 806 412 848 fuit
448 819 743 860 responsum:
794 808 892 850 Non
929 809 1094 861 placet,
1133 808 1256 862 quod
1294 809 1335 851 d.
1375 809 1575 852 Jacobus
1611 811 1876 852 nominetur

108 889 205 920 rex.
245 877 312 920 De
336 878 522 920 ceteris:
551 878 720 920 Placet.
758 878 836 921 Set
860 881 1023 932 postea
1047 879 1299 933 plurimum
1323 880 1548 933 requisiti,
1574 880 1660 923 fuit
1685 893 1875 934 respon-

111 960 212 990 sum
248 949 551 1002 generaliter:
605 949 762 992 Placet
799 950 857 991 ad
894 962 1052 992 vocem
1090 951 1353 1004 aliquorum
1392 951 1492 993 sine
1531 951 1877 994 deliberacione

110 1019 332 1062 nacionis.

227 1091 408 1133 Deinde
433 1092 632 1144 ingressi
656 1095 762 1134 sunt
784 1092 922 1145 legati
944 1092 1274 1145 Aragonenses
1297 1093 1385 1146 ina)
1412 1093 1523 1135 sede
1546 1097 1709 1146 parata
1730 1106 1876 1147 prope

110 1161 369 1215 ambonem,
396 1165 446 1204 ut
470 1162 625 1204 fuerat
651 1163 698 1204 in
724 1175 885 1205 eorum
911 1162 1061 1216 prima
1088 1163 1376 1216 recepcione,
1403 1167 1449 1205 et
1474 1167 1581 1206 tunc
1607 1167 1878 1217 procurator

111 1233 234 1286 regis
262 1233 455 1275 Francie
482 1233 633 1288 legita)
663 1234 1051 1287 protestacionem
1078 1247 1164 1287 pro
1191 1234 1303 1277 sede
1332 1235 1453 1276 inter
1481 1235 1657 1288 legatos
1685 1235 1878 1277 Francie

111 1316 196 1358 per
235 1317 316 1347 eos
355 1317 576 1347 concessa
617 1305 782 1358 legatis
823 1305 1103 1358 Aragonum,
1145 1305 1267 1358 quod
1307 1318 1400 1347 non
1440 1306 1756 1358 preiudicaret
1795 1309 1878 1348 etc.

111 1374 252 1419 Cuius
277 1378 412 1418 tenor
435 1376 543 1418 talis
569 1379 656 1419 est:

229 1446 342 1489 Cum
369 1447 509 1500 legati
537 1481 545 1489 .
581 1481 589 1489 .
625 1481 633 1489 .
662 1447 895 1501 admitti.²)

229 1518 283 1561 Et
316 1518 445 1561 illam
477 1518 866 1572 protestacionem
901 1519 1189 1561 admiserunt
1224 1519 1363 1572 legati
1396 1519 1662 1572 Aragonum
1696 1518 1753 1560 de
1787 1531 1879 1560 non

111 1603 193 1632 suo
220 1589 478 1643 preiudicio
506 1589 720 1632 similiter
746 1593 1073 1642 protestantes.

228 1660 571 1716 Eandemquea)
614 1662 1003 1714 protestacionem
1044 1664 1315 1714 procurator
1356 1661 1481 1714 regis
1522 1661 1661 1714 peciit
1701 1660 1877 1703 admitti

111 1743 196 1785 per
222 1732 480 1774 concilium.
520 1732 605 1775 Cui
631 1732 851 1775 universa
878 1732 981 1773 fere
1010 1732 1214 1784 synodus
1242 1731 1483 1784 respondit
1512 1732 1666 1774 simul:
1709 1731 1879 1773 Placet.

111 1803 165 1846 Et
191 1803 362 1846 deinde
391 1803 597 1857 deputati
624 1804 869 1845 nacionum
897 1806 942 1845 et
971 1803 1276 1845 cardinalium
1304 1802 1666 1855 responderunt:
1709 1803 1877 1844 Placet.

227 1874 580 1928 Consequenter
615 1874 851 1927 generalis
886 1874 1021 1916 beate
1060 1874 1205 1915 Marie
1242 1874 1298 1915 de
1340 1873 1566 1925 Mercede,
1603 1874 1721 1915 alter
1757 1874 1879 1925 lega-

111 1949 261 1988 torum
284 1946 408 1999 regis
430 1946 712 1999 Aragonum,
737 1946 783 1986 in
807 1945 1004 1987 ambone
1029 1948 1073 1986 et
1097 1945 1202 1987 aliis
1227 1945 1391 1997 legatis
1415 1957 1560 1998 prope
1587 1945 1633 1985 in
1658 1944 1770 1986 sede
1794 1956 1879 1996 pro

111 2017 281 2060 unione
309 2017 470 2059 fienda
497 2017 607 2070 legit
634 2016 846 2058 cedulam
873 2015 1160 2069 infrascripti
1187 2015 1381 2057 tenoris:

226 2088 316 2131 Nos
344 2088 584 2130 Johannes
612 2087 871 2140 Raymundi
901 2087 1062 2141 Foch³)
1095 2124 1102 2131 .
1140 2120 1148 2128 .
1184 2121 1192 2128 .
1220 2086 1327 2129 talis
1355 2089 1442 2128 est:
1490 2085 1786 2128 Miseratione
1815 2084 1878 2126 di-

112 2160 218 2202 vina
239 2163 323 2202 etc.
359 2159 538 2212 Scripta
561 2162 631 2201 est
655 2159 701 2200 in
725 2158 996 2212 capitulis.⁴)

228 2230 311 2273 Cui
337 2230 522 2284 quidem
551 2230 753 2283 capitulo
780 2228 1122 2272 satisfacientes
1149 2240 1453 2270 convocamus
1480 2241 1561 2270 vos
1588 2239 1749 2270 omnes
1775 2239 1878 2280 pre-

115 2301 231 2345 latos
259 2305 305 2344 et
332 2304 512 2344 ceteros
542 2300 753 2342 dominos
784 2301 841 2342 de
870 2301 955 2343 hac
984 2299 1348 2353 congregacione
1378 2299 1504 2341 iuxta
1533 2301 1743 2340 tenorem
1774 2297 1879 2340 dicti

115 2373 316 2426 capituli.

232 2444 338 2487 Post
361 2445 446 2486 hec
472 2443 849 2496 archiepiscopus
880 2442 1242 2484 Mediolanensis
1269 2441 1315 2482 in
1341 2441 1538 2483 ambone
1564 2441 1751 2482 nomine
1778 2451 1880 2481 con-

114 2514 206 2557 cilii
234 2515 345 2568 legit
374 2514 586 2556 cedulam
616 2516 906 2566 sequentem:
1536 2569 1538 2572 y

228 2586 318 2628 Nos
347 2584 659 2638 permissione
691 2584 846 2627 divina
877 2583 1122 2637 episcopi⁷·)
1159 2617 1166 2625 .
1203 2617 1211 2624 .
1248 2617 1255 2624 .
1286 2586 1496 2624 tenorem
1527 2581 1657 2623 tercii
1688 2581 1876 2633 capituli

113 2657 438 2699 convencionis
475 2655 698 2710 predicte,
736 2655 859 2708 quod
897 2655 1003 2697 talis
1041 2657 1128 2696 est:
1182 2653 1344 2695 Tercio
1382 2653 1505 2706 quod
1544 2652 1755 2705 prefatus
1794 2654 1876 2693 ete.

219 2797 249 2827 a)
269 2796 349 2830 fehlt
370 2797 405 2824 B.

231 2858 264 2901 1)
289 2856 410 2892 Hardl
435 2857 500 2899 IV,
523 2856 639 2900 920st
667 2857 791 2890 Mans&
818 2854 976 2896 XXVII,
1000 2855 1080 2890 949.

232 2917 264 2959 2)
290 2917 411 2951 Ηανάι
435 2916 500 2958 IV,
521 2916 609 2958 924,-
636 2915 760 2949 Mcmsz'
785 2913 854 2948 XX
868 2912 1055 2958 Vll,9587.

232 2975 264 3017 ³)
292 2973 412 3010 Hardt
440 2974 505 3016 IV,
529 2973 663 3017 928ῙῘ;
691 2973 817 3008 Mansi
844 2971 1004 3013 XXVII,
1029 2972 1099 3007 953
1112 2970 1138 3015 Τ.

232 3033 263 3075 ⁴)
292 3034 337 3067 I).
367 3033 399 3067 h.
429 3034 467 3067 in
494 3034 569 3067 den
597 3032 853 3075 Eaeemplaren
882 3032 950 3065 des
978 3030 1205 3064 Narbonner
1243 3029 1448 3071 Vertrwcs.

231 3091 263 3135 ⁵)
290 3092 409 3127 Hardt
434 3091 500 3134 IV,
522 3089 639 3135 932f;
665 3090 790 3125 Mansi
816 3088 973 3131 XXVII,
997 3089 1065 3124 951
1079 3087 1105 3132 f.
