2227 3434
566 198 602 232 B.
639 199 716 233 Der
738 199 837 234 liber
856 203 1048 244 gestorum
1072 201 1140 234 (les
1162 199 1404 234 Cerretanus.
1782 202 1866 244 285

103 319 365 358 sentaturos
400 316 634 369 prefatum
670 317 866 359 electum
903 318 990 370 ipsi
1027 330 1157 360 sacro
1192 318 1399 370 concilio,
1436 318 1685 360 dummodo
1719 322 1867 361 castra

102 399 187 440 per
214 387 366 440 ipsum
393 386 611 429 distracta
639 388 697 429 ad
726 388 872 441 ipsam
900 392 1250 430 reverterentur
1277 389 1520 430 ecclesiam
1550 390 1621 430 vel
1652 389 1698 430 in
1728 390 1868 431 mani-

103 457 189 500 bus
224 457 371 510 ipsius
407 459 525 500 sacri
561 459 742 500 concilii
780 462 1081 511 ponerentur.

220 528 329 570 Post
359 541 447 581 que
481 538 648 570 revHlUlS
681 530 725 570 in
758 529 862 571 Chr.
895 543 937 583 p.
971 530 1011 572 d.
1044 531 1095 572 A.
1127 530 1379 573 cardinalis
1411 531 1608 572 Pisanus
1641 530 1685 571 in
1719 530 1870 571 medio

103 612 300 652 surgens
332 612 390 641 ex
424 603 555 653 parte
590 600 707 642 sacri
741 601 923 653 collegii
958 610 1188 642 revfflorum
1225 614 1267 654 p.
1303 601 1343 642 d.
1378 604 1533 643 sancte
1569 601 1617 643 R.
1651 614 1690 642 e.
1725 601 1870 642 cardi-

103 669 276 712 nalium
312 671 566 724 proposuit,
603 671 725 723 quod
761 675 948 723 attento,
985 672 1106 725 quod
1144 672 1230 714 ista
1265 685 1404 714 causa
1440 676 1539 714 erat
1576 672 1734 724 ardua,
1771 676 1869 713 erat

103 742 447 784 accuratissime
473 741 828 793 advertendum:
856 745 899 783 et
924 755 1007 795 pro
1031 746 1157 784 tanto
1182 746 1368 797 attento,
1394 743 1517 796 quod
1542 743 1870 785 invictissimus

103 813 412 854 Romanorum
443 825 526 854 rex
559 826 667 855 suos
699 816 908 855 oratores
940 813 1155 855 videlicet
1186 826 1279 855 rev.
1313 827 1354 867 p.
1388 814 1428 855 d.
1461 814 1730 867 episcopum
1763 814 1870 855 Tra-

101 883 368 936 guriensem
398 896 447 926 ac
478 884 779 937 spectabilem
812 885 1004 925 militem
1035 884 1076 926 d.
1109 884 1357 926 Henricum
1389 885 1687 926 Lessenbuck
1718 885 1775 927 ad
1808 886 1870 937 ip-

80 967 203 996 sum
239 967 419 997 sacrum
456 955 698 996 concilium
735 955 1050 997 destinaverat
1085 955 1389 1007 exhortando,
1426 956 1547 1008 quod
1583 956 1629 996 in
1664 956 1869 1008 predicta

102 1037 240 1067 causa
267 1026 423 1067 taliter
450 1025 797 1078 procederetur,
826 1026 948 1078 quod
976 1030 1066 1068 tam
1096 1026 1362 1068 liberationi
1394 1027 1540 1079 ipsius
1570 1026 1705 1068 electi
1733 1039 1868 1079 quam

103 1096 424 1149 indempnitati
472 1097 620 1149 ipsius
667 1096 850 1149 prefate
898 1098 1094 1138 ecclesie
1142 1097 1499 1150 Argentinensis
1545 1096 1870 1150 provideretur

104 1171 424 1221 speraretque,
450 1180 602 1221 ymmo
628 1171 802 1210 certum
832 1181 880 1210 se
909 1168 1129 1209 redderet
1155 1168 1367 1220 prefatus
1395 1168 1436 1210 d.
1466 1168 1706 1220 Henricus,
1735 1168 1870 1221 quod,

102 1239 140 1280 si
170 1242 378 1281 oratores
410 1239 527 1281 sacri
557 1239 738 1280 concilii
769 1251 859 1281 una
891 1252 1046 1280 secum
1076 1239 1379 1292 Argentinam
1411 1240 1717 1291 mitterentur,
1749 1239 1870 1292 quod

104 1310 224 1351 inter
250 1310 401 1363 ipsum
426 1310 623 1351 electum
650 1314 694 1352 et
720 1310 944 1352 decanum
971 1313 1015 1352 et
1040 1310 1289 1362 capitulum
1315 1310 1657 1363 Argentinense
1684 1313 1730 1352 et
1754 1310 1871 1352 alios

105 1381 224 1423 bona
250 1380 496 1423 concordia
521 1381 661 1423 fieret
685 1384 728 1422 et
755 1384 845 1422 tam
873 1381 1137 1423 liberationi
1165 1381 1312 1434 ipsius
1338 1381 1473 1422 electi
1501 1394 1637 1433 quam
1664 1380 1871 1433 indemp—

103 1452 234 1494 nitati
267 1451 476 1494 eiusdem
509 1452 706 1494 ecclesie
738 1452 1083 1504 provideretur3
1120 1455 1292 1494 attento
1326 1452 1478 1503 etiam,
1511 1451 1634 1504 quod
1666 1451 1755 1494 nisi
1788 1451 1871 1493 hec

104 1535 242 1565 causa
264 1535 348 1576 per
369 1524 490 1565 viam
512 1523 756 1564 concordie
779 1526 1069 1575 tractaretur,
1091 1535 1259 1576 guerre
1284 1524 1329 1564 in
1351 1524 1502 1575 patria
1522 1526 1566 1564 et
1587 1523 1724 1576 plura
1745 1534 1872 1564 scan-

104 1593 209 1636 dala
239 1597 566 1646 sequerentur;
598 1597 770 1636 attento
797 1593 949 1646 etiarn,
979 1594 1101 1646 quod
1129 1606 1223 1635 rev.
1252 1606 1295 1647 p.
1325 1594 1366 1636 d.
1395 1593 1725 1646 Aprutinensis
1753 1592 1872 1646 epis-

104 1677 245 1718 copus
269 1667 314 1707 et
338 1665 598 1707 Pennensis
623 1666 814 1718 electus,
839 1666 916 1717 qui
942 1665 1149 1718 deputati
1174 1665 1362 1707 fuerant
1386 1664 1444 1706 ad
1469 1664 1719 1706 videndum
1744 1676 1872 1717 rege-

105 1740 248 1778 strum
274 1735 445 1778 factum
470 1739 516 1778 et
539 1735 876 1778 examinandos
901 1738 1044 1778 testes
1070 1736 1116 1777 in
1141 1735 1242 1788 ipsa
1268 1748 1406 1778 causa
1432 1736 1690 1777 retulerant
1716 1747 1766 1776 se
1792 1734 1872 1776 illa

104 1819 195 1848 non
227 1806 414 1849 fecisse:
459 1809 711 1859 propterea
746 1819 877 1849 sacro
909 1807 1105 1859 collegio
1139 1807 1431 1848 dominorum
1471 1804 1868 1859 [cardinalium]³)

104 1877 362 1931 videbatur,
392 1877 515 1931 quod
543 1880 670 1920 esset
697 1877 743 1919 in
775 1878 874 1930 ipsa
905 1890 1043 1920 causa
1072 1890 1219 1930 usque
1251 1877 1308 1919 ad
1339 1876 1498 1930 viginti
1527 1877 1627 1918 dies
1658 1888 1873 1930 superse-

104 1948 307 1990 dendum
333 1952 379 1991 et
405 1949 599 1991 materia
627 1949 871 1990 concordie
898 1948 1150 1990 tractanda.
1194 1948 1245 1989 In
1273 1960 1363 2001 qua
1391 1947 1577 2001 quidem
1605 1936 1871 2000 oppinione,

105 2019 208 2062 licet
236 2020 449 2062 nationes
480 2019 747 2072 aliqualiter
777 2018 1160 2071 discrepaverint,
1189 2022 1326 2072 prout
1354 2031 1440 2072 per
1470 2030 1697 2071 responsa
1725 2018 1872 2071 presi-

105 2089 318 2132 dencium
342 2090 571 2144 apparuit,
595 2103 701 2132 nam
727 2090 883 2143 alique
906 2093 1245 2132 consenserunt
1270 2089 1360 2132 alie
1387 2102 1436 2132 se
1461 2102 1554 2131 non
1579 2089 1870 2130 deliberasse

105 2161 336 2213 dixerunt,
361 2161 502 2203 nichil
527 2161 656 2204 aliud
680 2164 829 2203 actum
854 2164 923 2203 est
948 2164 991 2202 et
1017 2161 1311 2213 congregatio
1337 2160 1563 2202 dissoluta
1587 2159 1687 2201 fuit.

220 2232 520 2275 Sacrosancte
561 2232 736 2285 synodo
774 2231 984 2284 generali
1028 2231 1378 2273 Constanciensi
1421 2231 1467 2272 in
1508 2230 1674 2284 spiritu
1715 2233 1871 2272 sancto

103 2306 377 2356 congregate
415 2303 731 2345 universalem
771 2302 1014 2344 ecclesiam
1053 2302 1411 2354 representanti.

218 2372 520 2416 Sacrosancta
550 2373 754 2426 synodus
783 2373 829 2414 in
858 2373 1025 2426 spiritu
1054 2375 1211 2415 sancto
1240 2372 1533 2425 congregata!
1580 2372 1716 2413 Pater
1744 2372 1870 2424 equi-

104 2443 208 2486 ‹lem
238 2443 462 2487 immense
493 2443 748 2486 maiestatis
780 2478 787 2485 .
824 2477 831 2485 .
868 2477 876 2485 .

221 2515 320 2557 Dat.
347 2514 569 2568 Parisius,
596 2515 756 2567 quinto
783 2515 857 2556 die
886 2514 1062 2567 Aprilis
1090 2526 1217 2567 regn.
1245 2526 1287 2555 n.
1315 2526 1354 2556 a.
1382 2513 1617 2566 Hungarie
1645 2516 1727 2554 etc.
1756 2513 1870 2553 vice-

37 2579 39 2582 ’
104 2586 220 2627 simo
243 2598 380 2638 nono,
406 2586 716 2628 Romanorum
742 2597 853 2627 vero
878 2587 1022 2627 sexto.

220 2656 423 2699 Devotus
450 2656 646 2698 ecclesie
675 2659 830 2698 sancte
859 2656 990 2698 filius
1018 2659 1061 2697 et
1090 2655 1338 2697 advocatus
1366 2654 1456 2707 Sig.
1486 2654 1611 2696 Rom.
1642 2667 1724 2695 rex
1753 2666 1868 2695 sem-

103 2737 188 2778 per
217 2727 423 2780 augustis
452 2725 548 2781 ΗΝ)

220 2797 433 2850 Capitula
461 2797 673 2850 exposita
703 2810 833 2839 sacro
861 2797 1053 2839 concilio
1082 2809 1166 2850 per
1195 2797 1464 2849 episcopum
1494 2795 1867 2847 Traguriensem,

103 2869 332 2909 oratorem
363 2867 649 2910 invictissimi
680 2868 905 2921 principis
936 2867 1245 2909 Rornanorum
1277 2869 1320 2908 et
1351 2866 1586 2918 Hungarie
1617 2868 1697 2906 etc.
1730 2865 1867 2917 regis,

104 2949 192 2989 que
220 2938 485 2990 provisione
515 2938 735 2991 indigent,
766 2938 887 2980 infra
916 2941 1190 2990 sequuntur:

210 3068 239 3093 a)
259 3064 339 3096 fehlt
363 3065 399 3092 R.
423 3067 452 3090 Γ.

208 3110 240 3143 b)
262 3112 299 3138 C:
323 3111 366 3137 Ad
388 3111 576 3138 mandatum
598 3111 680 3137 «lom.
704 3110 791 3143 regis
811 3109 977 3137 johannes
998 3109 1188 3143 prepositus
1209 3109 1247 3135 «lv
1270 3108 1420 3140 srigunio
1442 3106 1746 3133 vicecancellarius.
