2227 3434
552 221 590 254 B.
636 219 883 255 Avisamente
917 222 986 254 der
1018 219 1334 254 Reformatorien.
1743 219 1825 261 651

177 337 309 382 Circa
330 324 690 381 constituciones
717 337 944 380 Johannis
971 339 1135 392 papea)
1167 337 1329 389 XXII.‚
1359 336 1510 389 quoad
1538 335 1828 378 audienciam

9 407 12 410 ’
58 411 158 452 rote
185 406 507 463 videbanturb)
537 408 754 452 adden-da
785 408 1083 461 infrascripta
1113 408 1265 461 quoad
1295 420 1487 460 cappam
1516 410 1563 449 et
1592 407 1828 448 rochetum

5 527 12 533 v
57 479 394 534 portandum⁰):
429 479 677 531 semperin
694 479 881 532 publico
892 491 980 535 per
995 479 1231 521 auditores
1247 479 1396 520 locum
1412 478 1629 529 habeant,
1644 476 1830 529 quando

59 550 234 594 vadunt
259 549 318 592 ad
345 552 491 592 rotam
523 550 597 591 vel
628 549 919 592 audienciam
950 550 1024 591 vel
1057 549 1250 591 consilia
1283 562 1366 591 seu
1397 549 1563 591 missas
1594 551 1639 590 et
1668 547 1828 589 officia

59 620 152 664 alia
168 621 358 674 papalia
377 621 452 662 vel
473 620 698 673 exequias
716 623 765 662 et
782 632 1031 662 'sermones
1048 623 1093 662 et
1114 620 1233 662 alios
1253 622 1380 662 actus
1399 620 1446 661 in
1460 618 1588 661 curia
1605 618 1828 671 publicos,

2 715 5 737 ;
60 691 168 734 item
191 690 379 744 quando
399 689 614 745 vaduntd)
641 690 687 732 in
710 690 1028 743 exequitando
1050 690 1097 731 in
1121 689 1247 732 curia
1270 693 1374 743 post
1397 702 1565 742 papam
1589 689 1662 730 vel
1689 688 1829 730 domi-

5 755 7 758 ⁴
58 761 180 815 nosss)
210 761 489 804 cardinales.
530 758 660 815 Hecf)
690 764 847 803 tamen
877 760 1182 813 intelligenda
1213 764 1332 813 sunt,
1359 760 1468 802 dum
1498 773 1591 802 non
1621 763 1691 802 est
1718 763 1829 801 tem-

4 855 6 857 >
59 845 146 886 pus
172 831 434 885 pluviosum
460 834 539 874 aut
564 832 779 884 lutosum,
807 831 931 884 quod
957 831 1026 873 eis
1053 831 1117 874 uti
1145 844 1238 873 non
1263 831 1459 884 possint.

178 903 308 955 Item,
344 902 468 956 quod
498 902 739 945 *auditores
775 914 867 944 non
898 901 995 944 sint
1030 901 1289 944 familiares
1325 901 1366 943 d.
1403 901 1709 943 cardinalium
1744 914 1830 942 nec

7 1027 9 1029 Ι
58 972 261 1015 debeant
288 973 347 1016 ad
373 986 534 1015 eorum
562 985 799 1026 expensas
827 973 998 1014 morari
1028 975 1160 1014 extra
1189 971 1495 1014 cardinalium
1526 971 1767 1025 domumss)

175 1043 307 1096 Quod
330 1056 468 1086 cause
493 1043 756 1086 auditorum
779 1043 853 1085 vel
878 1043 1164 1085 notariorum
1189 1056 1377 1085 suorum
1403 1043 1477 1084 vel
1503 1043 1828 1085 advocatorum

58 1117 136 1157 aut
161 1117 518 1168 procuratorum
551 1127 644 1157 non
676 1114 1019 1156 committantur
1052 1113 1342 1156 auditoribus
1374 1113 1464 1155 nisi
1498 1113 1554 1155 de
1587 1113 1829 1166 utriusque

58 1184 206 1238 partis
230 1185 484 1239 assensuss)

173 1255 304 1307 Quod
330 1268 518 1298 causam
549 1268 642 1298 non
673 1255 877 1308 audiant,
908 1256 955 1297 in
986 1268 1077 1308 qua
1107 1254 1308 1298 scienter
1339 1254 1583 1297 consilium
1613 1254 1830 1297 dederint

57 1325 147 1369 nisi
175 1326 235 1369 de
256 1339 492 1369 consensu
517 1326 760 1380 utriusque
786 1326 933 1380 partis
959 1327 1043 1368 hoc
1071 1325 1273 1368 scientis.

174 1397 305 1450 Quod
333 1398 573 1440 esculenta
602 1400 649 1440 et
673 1397 918 1450 -potulenta
947 1398 1023 1438 vel
1050 1397 1276 1450 propinas
1305 1399 1411 1450 post
1442 1397 1705 1439 sentencias
1733 1398 1830 1438 tan-

57 1471 151 1510 tum
191 1480 320 1510 mera
360 1467 642 1511 liberalitate
683 1468 853 1521 oblata,
890 1480 985 1510 non
1024 1467 1352 1510 fraudulenter
1391 1466 1603 1520 recipere
1643 1466 1829 1509 valeant

57 1541 195 1592 prout
221 1541 493 1581 consuetum
522 1543 594 1582 est
621 1541 826 1591 actenus,
858 1539 966 1581 licet
994 1551 1087 1580 non
1119 1538 1298 1580 dicatur
1328 1537 1374 1579 in
1405 1537 1829 1580 constitucionibus.

59 1607 156 1663 Eth)
183 1622 277 1652 non
303 1609 530 1663 recipiant
553 1610 690 1663 ultra,
716 1622 854 1663 quam
880 1609 1099 1662 superius
1122 1609 1172 1650 in
1197 1622 1289 1651 una
1315 1609 1648 1651 constitucione
1676 1608 1830 1650 fuerat

58 1691 350 1733 expressum.

175 1750 335 1802 Quoad
358 1750 564 1796 notarios
590 1754 805 1804 quattuor
831 1750 1055 1793 auditoris
1081 1754 1164 1793 etc.
1193 1749 1458 1792 addendum
1484 1750 1682 1802 videtur,
1708 1749 1830 1802 quod

59 1820 176 1866 duos
206 1821 349 1875 eligat
379 1821 574 1874 auditor,
604 1822 724 1864 alios
756 1834 868 1864 vero
900 1820 1242 1876 cancellariusi)
1277 1825 1322 1864 et
1352 1821 1400 1862 in
1432 1834 1596 1864 manus
1630 1833 1831 1862 camera-

61 1889 160 1946 ffik)
188 1892 343 1935 iurent
363 1892 414 1934 in
436 1905 622 1935 camera
648 1892 829 1935 auditor
852 1895 900 1935 et
921 1892 1104 1934 notarii.

177 1963 309 2016 Quod
343 1963 400 2005 de
436 1963 571 2006 dictis
612 1963 672 2005 IV
709 1964 905 2007 notariis
942 1963 1125 2006 auditor
1162 1976 1254 2005 non
1291 1966 1448 2005 teneat
1485 1962 1531 2004 in
1570 1962 1706 2004 domo
1742 1961 1831 2003 nisi

60 2046 201 2076 unum
227 2046 314 2087 pro
339 2033 725 2077 commissionbus
752 2034 1035 2087 recipiendis
1061 2038 1107 2076 et
1133 2034 1273 2076 faciat
1300 2033 1421 2075 inter
1446 2032 1653 2076 notarios
1680 2033 1832 2075 distri-

60 2104 280 2146 buciones
312 2116 556 2146 causarum
588 2116 716 2147 more
749 2101 933 2158 solito.¹)

174 2175 305 2228 Quod
332 2175 499 2218 notarii
526 2188 620 2217 non
649 2176 854 2217 scribant
881 2188 967 2228 per
995 2175 1111 2218 alios
1140 2175 1229 2217 nisi
1260 2176 1305 2216 in
1335 2188 1443 2218 casu
1472 2174 1758 2216 infirmitatis
1786 2176 1830 2215 et

59 2248 166 2288 tunc
195 2258 282 2299 per
311 2246 453 2288 alium
485 2245 745 2288 consocium
777 2249 823 2288 et
853 2259 945 2288 non
974 2259 1062 2299 per
1095 2242 1440 2299 substitutum.¹)

176 2316 306 2369 Quod
326 2316 536 2360 officium
555 2316 725 2359 notarii
745 2317 988 2359 audiencie
1011 2320 1109 2358 rote
1130 2320 1175 2359 et
1194 2316 1362 2358 notarii
1384 2315 1625 2359 audiencie
1647 2328 1830 2358 camere

61 2385 158 2429 sive
192 2387 454 2429 auditorum
486 2400 579 2430 non
610 2391 806 2441 possunt
837 2401 923 2441 per
956 2386 1157 2429 eundem
1191 2387 1354 2429 haberi
1391 2387 1542 2428 simul.
1588 2387 1678 2428 Nec
1711 2399 1831 2427 unus

60 2457 268 2501 notarius
294 2471 449 2500 coram
478 2458 661 2501 duobus
691 2458 983 2501 auditoribus
1013 2458 1218 2500 scribere
1248 2457 1295 2499 in
1326 2457 1491 2500 causis.
1533 2457 1623 2498 Nec
1652 2456 1831 2510 possint

61 2528 227 2571 notarii
259 2528 549 2571 dominorum
578 2528 886 2571 cardinalium
917 2541 1023 2571 esse
1052 2528 1098 2570 in
1130 2531 1229 2570 rota
1256 2528 1317 2570 ad
1348 2527 1645 2570 scribendum
1676 2540 1830 2569 coram

62 2595 320 2653 auditorest)

173 2670 302 2722 Quod
359 2670 527 2712 notarii
586 2669 914 2713 examinentur
970 2682 1056 2722 per
1113 2670 1547 2711 vicecancellarium
1604 2671 1824 2722 presente

63 2739 239 2783 decano
273 2743 318 2783 et
352 2740 533 2784 duobus
568 2741 678 2795 dem)
718 2740 1059 2793 antiquioribus
1095 2743 1207 2782 rote.
1258 2740 1311 2782 Et
1347 2740 1589 2793 approbati
1628 2752 1713 2792 per
1749 2751 1829 2780 eos

62 2809 359 2853 admittantur
386 2808 611 2864 tantum.¹)

162 2884 198 2930 ai
214 2883 411 2935 ffirmsdfikt
485 2903 517 2935 b)
541 2903 564 2929 C
581 2902 748 2934 viduatum
772 2903 796 2928 E
816 2902 966 2930 videndo.
1023 2909 1052 2930 c»
1077 2904 1101 2928 Ε
1121 2901 1291 2936 portanda.
1349 2901 1380 2929 ‹¹›
1405 2901 1488 2927 Felrlt
1512 2902 1542 2929 τ’,
1568 2902 1599 2926 1«,“,
1639 2906 1667 2930 (ι)
1696 2900 1780 2925 Fehlt
1799 2901 1830 2925 E.

58 2947 82 2976 si
102 2947 163 2976 lire
182 2971 188 2977 .
210 2969 216 2975 .
236 2969 242 2975 .
262 2949 393 2983 possint
411 2950 491 2982 fehlt
514 2950 544 2982 0,
567 2951 610 2976 13:
633 2951 659 2976 Ε
678 2951 784 2982 dasii]-
808 2958 860 2975 nm
883 2951 1013 2975 Ranae:
1040 2949 1149 2976 Placet
1170 2949 1346 2975 dnmmodo
1371 2956 1432 2974 nnn
1455 2947 1499 2974 ‚sit
1521 2949 1650 2981 tenipus
1672 2967 1678 2973 .
1700 2968 1703 2971 .
1727 2969 1732 2973 ‚
1758 2947 1830 2972 (will

60 2995 161 3029 oben).
228 3002 260 3029 g»
282 2998 306 3024 C
321 2997 440 3032 placet.
513 2997 546 3030 h)
567 2998 600 3024 et
621 3017 626 3023 .
646 3016 652 3022 .
677 3017 681 3022 .
702 3004 895 3031 expressum
923 2997 1004 3029 fehlt
1026 2998 1057 3029 (¹,
1082 2998 1106 3022 la'
1122 3005 1130 3024 :
1151 2997 1257 3028 dasiir
1279 3004 1331 3021 nm
1353 2996 1480 3021 Raude:
1515 2994 1634 3024 l'lacct,
1654 2994 1829 3020 dummodo

59 3048 121 3069 non
143 3043 303 3078 recipiant
326 3044 415 3070 ultra
447 3051 542 3078 qnam
566 3044 782 3071 constitutum
807 3045 858 3071 est
882 3051 983 3078 supra
1009 3052 1034 3069 ν.
1057 3043 1122 3070 1111.
1151 3045 1181 3076 {'‚
1207 3044 1231 3069 la*
1249 3043 1331 3075 sulm
1357 3042 1404 3068 vel
1431 3049 1524 3068 unum
1550 3040 1777 3067 cancellarius
1797 3042 1830 3066 ct

59 3088 158 3117 alium
173 3091 391 3125 camerarium
412 3092 497 3118 daza
512 3099 565 3117 am
578 3092 711 3118 Raude:
732 3091 851 3122 Placet,
872 3091 958 3124 quod
975 3090 1115 3118 tollatur
1130 3091 1169 3116 «1ο.-
1185 3089 1379 3118 camerario.
1393 3089 1471 3122 quia
1486 3096 1547 3115 non
1570 3090 1619 3113 ost
1640 3088 1679 3114 «le
1693 3087 1830 3120 antiqua

59 3138 309 3170 consuetudine,
356 3138 391 3173 k)
411 3145 528 3166 manus
550 3138 725 3167 camerarii
746 3138 827 3173 fehlt
842 3139 872 3172 (J,
890 3139 933 3173 E;
948 3138 1053 3171 rlrzfin
1067 3137 1162 3165 cuius
1177 3136 1338 3163 manibus.
1388 3136 1410 3167 l)
1436 3136 1460 3162 C
1477 3135 1594 3169 placet.
1642 3138 1684 3167 m)
1701 3134 1783 3160 Fehlt
1801 3134 1828 3161 (Ι.
