<?xml version="1.0" encoding="UTF-8"?>
<!DOCTYPE html PUBLIC "-//W3C//DTD XHTML 1.0 Transitional//EN"
    "http://www.w3.org/TR/xhtml1/DTD/xhtml1-transitional.dtd">
<html xmlns="http://www.w3.org/1999/xhtml" xml:lang="en" lang="en">
 <head>
  <title>
</title>
<meta http-equiv="Content-Type" content="text/html;charset=utf-8" />
  <meta name='ocr-system' content='tesseract 3.04.00' />
  <meta name='ocr-capabilities' content='ocr_page ocr_carea ocr_par ocr_line ocrx_word'/>
</head>
<body>
  <div class='ocr_page' id='page_1' title='image "./actaconciliicons02counuoft_0313.png"; bbox 0 0 2227 3434; ppageno 0'>
   <div class='ocr_carea' id='block_1_1' title="bbox 591 199 1907 245">
    <p class='ocr_par' dir='ltr' id='par_1_1' title="bbox 591 199 1907 245">
     <span class='ocr_line' id='line_1_1' title="bbox 591 199 1907 245; baseline -0.002 -9"><span class='ocrx_word' id='word_1_1' title='bbox 591 201 629 236; x_wconf 94' lang='lat' dir='ltr'>B.</span> <span class='ocrx_word' id='word_1_2' title='bbox 677 201 755 236; x_wconf 85' lang='lat' dir='ltr'>Der</span> <span class='ocrx_word' id='word_1_3' title='bbox 786 201 886 235; x_wconf 89' lang='lat' dir='ltr'>liber</span> <span class='ocrx_word' id='word_1_4' title='bbox 918 203 1112 245; x_wconf 85' lang='lat' dir='ltr'>gestorum</span> <span class='ocrx_word' id='word_1_5' title='bbox 1147 201 1215 235; x_wconf 88' lang='lat' dir='ltr'>des</span> <span class='ocrx_word' id='word_1_6' title='bbox 1248 199 1490 235; x_wconf 78' lang='lat' dir='ltr'>Cerretanus.</span> <span class='ocrx_word' id='word_1_7' title='bbox 1823 202 1907 244; x_wconf 84' lang='lat'>299</span> 
     </span>
    </p>
   </div>
   <div class='ocr_carea' id='block_1_2' title="bbox 135 318 1913 3069">
    <p class='ocr_par' dir='ltr' id='par_1_2' title="bbox 135 318 1913 3069">
     <span class='ocr_line' id='line_1_2' title="bbox 139 318 1908 371; baseline 0.001 -12"><span class='ocrx_word' id='word_1_8' title='bbox 139 320 256 362; x_wconf 82' lang='lat' dir='ltr'>vitas</span> <span class='ocrx_word' id='word_1_9' title='bbox 286 319 491 361; x_wconf 88' lang='lat' dir='ltr'>heretica</span> <span class='ocrx_word' id='word_1_10' title='bbox 523 319 579 360; x_wconf 92' lang='lat' dir='ltr'>de</span> <span class='ocrx_word' id='word_1_11' title='bbox 611 318 788 361; x_wconf 84' lang='lat' dir='ltr'>finibus</span> <span class='ocrx_word' id='word_1_12' title='bbox 818 318 1033 360; x_wconf 84' lang='lat' dir='ltr'>fidelium</span> <span class='ocrx_word' id='word_1_13' title='bbox 1065 318 1325 371; x_wconf 69' lang='lat' dir='ltr'>extirpetur</span> <span class='ocrx_word' id='word_1_14' title='bbox 1354 318 1657 360; x_wconf 85' lang='lat' dir='ltr'>considerans</span> <span class='ocrx_word' id='word_1_15' title='bbox 1690 322 1733 361; x_wconf 91' lang='lat' dir='ltr'>et</span> <span class='ocrx_word' id='word_1_16' title='bbox 1766 322 1908 361; x_wconf 88' lang='lat' dir='ltr'>atten—</span> 
     </span>
     <span class='ocr_line' id='line_1_3' title="bbox 139 389 1907 442; baseline 0 -11"><span class='ocrx_word' id='word_1_17' title='bbox 139 389 269 442; x_wconf 89' lang='lat' dir='ltr'>dens,</span> <span class='ocrx_word' id='word_1_18' title='bbox 303 389 426 442; x_wconf 92' lang='lat' dir='ltr'>quod</span> <span class='ocrx_word' id='word_1_19' title='bbox 457 389 684 442; x_wconf 84' lang='lat' dir='ltr'>frequens</span> <span class='ocrx_word' id='word_1_20' title='bbox 716 393 760 431; x_wconf 91' lang='lat' dir='ltr'>et</span> <span class='ocrx_word' id='word_1_21' title='bbox 793 389 981 432; x_wconf 89' lang='lat' dir='ltr'>assidua</span> <span class='ocrx_word' id='word_1_22' title='bbox 1013 389 1110 430; x_wconf 77' lang='lat' dir='ltr'>fide</span> <span class='ocrx_word' id='word_1_23' title='bbox 1143 389 1387 442; x_wconf 87' lang='lat' dir='ltr'>dignorum</span> <span class='ocrx_word' id='word_1_24' title='bbox 1420 389 1787 431; x_wconf 83' lang='lat' dir='ltr'>christicolarum</span> <span class='ocrx_word' id='word_1_25' title='bbox 1821 391 1907 431; x_wconf 90' lang='lat' dir='ltr'>cla-</span> 
     </span>
     <span class='ocr_line' id='line_1_4' title="bbox 139 459 1907 515; baseline 0 -13"><span class='ocrx_word' id='word_1_26' title='bbox 139 473 252 509; x_wconf 79' lang='lat' dir='ltr'>mor,</span> <span class='ocrx_word' id='word_1_27' title='bbox 274 461 415 513; x_wconf 89' lang='lat' dir='ltr'>proch</span> <span class='ocrx_word' id='word_1_28' title='bbox 441 460 587 513; x_wconf 91' lang='lat' dir='ltr'>dolor,</span> <span class='ocrx_word' id='word_1_29' title='bbox 612 463 656 502; x_wconf 88' lang='lat' dir='ltr'>et</span> <span class='ocrx_word' id='word_1_30' title='bbox 679 461 873 513; x_wconf 91' lang='lat' dir='ltr'>querela</span> <span class='ocrx_word' id='word_1_31' title='bbox 898 460 1045 513; x_wconf 86' lang='lat' dir='ltr'>ipsam</span> <span class='ocrx_word' id='word_1_32' title='bbox 1070 473 1212 513; x_wconf 90' lang='lat' dir='ltr'>super</span> <span class='ocrx_word' id='word_1_33' title='bbox 1237 459 1546 515; x_wconf 63' lang='lat' dir='ltr'>infrascriptis</span> <span class='ocrx_word' id='word_1_34' title='bbox 1570 460 1907 513; x_wconf 82' lang='lat' dir='ltr'>circumstrepit</span> 
     </span>
     <span class='ocr_line' id='line_1_5' title="bbox 137 531 1909 585; baseline -0.001 -12"><span class='ocrx_word' id='word_1_35' title='bbox 137 531 245 573; x_wconf 89' lang='lat' dir='ltr'>fidei</span> <span class='ocrx_word' id='word_1_36' title='bbox 267 531 480 585; x_wconf 86' lang='lat' dir='ltr'>negotiis,</span> <span class='ocrx_word' id='word_1_37' title='bbox 503 531 720 573; x_wconf 86' lang='lat' dir='ltr'>videlicet</span> <span class='ocrx_word' id='word_1_38' title='bbox 743 531 865 583; x_wconf 92' lang='lat' dir='ltr'>quod</span> <span class='ocrx_word' id='word_1_39' title='bbox 886 531 934 572; x_wconf 92' lang='lat' dir='ltr'>in</span> <span class='ocrx_word' id='word_1_40' title='bbox 956 531 1195 573; x_wconf 90' lang='lat' dir='ltr'>nonnullis</span> <span class='ocrx_word' id='word_1_41' title='bbox 1218 531 1371 583; x_wconf 82' lang='lat' dir='ltr'>terris,</span> <span class='ocrx_word' id='word_1_42' title='bbox 1394 531 1679 573; x_wconf 81' lang='lat' dir='ltr'>districtibus</span> <span class='ocrx_word' id='word_1_43' title='bbox 1699 534 1746 572; x_wconf 92' lang='lat' dir='ltr'>et</span> <span class='ocrx_word' id='word_1_44' title='bbox 1768 531 1909 572; x_wconf 89' lang='lat' dir='ltr'>domi-</span> 
     </span>
     <span class='ocr_line' id='line_1_6' title="bbox 136 600 1905 656; baseline 0 -14"><span class='ocrx_word' id='word_1_45' title='bbox 136 602 228 644; x_wconf 91' lang='lat' dir='ltr'>niis</span> <span class='ocrx_word' id='word_1_46' title='bbox 253 601 384 655; x_wconf 85' lang='lat' dir='ltr'>regni</span> <span class='ocrx_word' id='word_1_47' title='bbox 408 601 631 644; x_wconf 89' lang='lat' dir='ltr'>Bohemie</span> <span class='ocrx_word' id='word_1_48' title='bbox 656 605 700 643; x_wconf 91' lang='lat' dir='ltr'>et</span> <span class='ocrx_word' id='word_1_49' title='bbox 724 601 1067 644; x_wconf 82' lang='lat' dir='ltr'>marchionatus</span> <span class='ocrx_word' id='word_1_50' title='bbox 1097 601 1299 643; x_wconf 87' lang='lat' dir='ltr'>Moravie</span> <span class='ocrx_word' id='word_1_51' title='bbox 1326 614 1377 643; x_wconf 90' lang='lat' dir='ltr'>ac</span> <span class='ocrx_word' id='word_1_52' title='bbox 1400 601 1611 654; x_wconf 92' lang='lat' dir='ltr'>partibus</span> <span class='ocrx_word' id='word_1_53' title='bbox 1644 600 1905 656; x_wconf 89' lang='lat' dir='ltr'>[circum]¹)</span> 
     </span>
     <span class='ocr_line' id='line_1_7' title="bbox 137 672 1906 725; baseline -0.001 -11"><span class='ocrx_word' id='word_1_54' title='bbox 137 673 394 715; x_wconf 84' lang='lat' dir='ltr'>iacentibus</span> <span class='ocrx_word' id='word_1_55' title='bbox 424 672 519 715; x_wconf 92' lang='lat' dir='ltr'>illis</span> <span class='ocrx_word' id='word_1_56' title='bbox 549 676 594 714; x_wconf 91' lang='lat' dir='ltr'>et</span> <span class='ocrx_word' id='word_1_57' title='bbox 625 672 876 725; x_wconf 87' lang='lat' dir='ltr'>specialius</span> <span class='ocrx_word' id='word_1_58' title='bbox 905 672 952 713; x_wconf 91' lang='lat' dir='ltr'>in</span> <span class='ocrx_word' id='word_1_59' title='bbox 986 673 1209 724; x_wconf 87' lang='lat' dir='ltr'>Pragensi</span> <span class='ocrx_word' id='word_1_60' title='bbox 1242 676 1286 714; x_wconf 90' lang='lat' dir='ltr'>et</span> <span class='ocrx_word' id='word_1_61' title='bbox 1317 672 1611 714; x_wconf 88' lang='lat' dir='ltr'>Olomucensi</span> <span class='ocrx_word' id='word_1_62' title='bbox 1643 672 1906 714; x_wconf 89' lang='lat' dir='ltr'>diocesibus</span> 
     </span>
     <span class='ocr_line' id='line_1_8' title="bbox 138 743 1906 796; baseline -0.001 -11"><span class='ocrx_word' id='word_1_63' title='bbox 138 746 261 786; x_wconf 88' lang='lat' dir='ltr'>secte</span> <span class='ocrx_word' id='word_1_64' title='bbox 301 743 567 796; x_wconf 89' lang='lat' dir='ltr'>horribiles,</span> <span class='ocrx_word' id='word_1_65' title='bbox 609 744 706 785; x_wconf 92' lang='lat' dir='ltr'>Deo</span> <span class='ocrx_word' id='word_1_66' title='bbox 747 743 946 785; x_wconf 91' lang='lat' dir='ltr'>odibiles</span> <span class='ocrx_word' id='word_1_67' title='bbox 987 755 1038 785; x_wconf 91' lang='lat' dir='ltr'>ac</span> <span class='ocrx_word' id='word_1_68' title='bbox 1079 743 1451 785; x_wconf 87' lang='lat' dir='ltr'>abhominabiles</span> <span class='ocrx_word' id='word_1_69' title='bbox 1491 743 1576 784; x_wconf 93' lang='lat' dir='ltr'>Dei</span> <span class='ocrx_word' id='word_1_70' title='bbox 1617 743 1776 785; x_wconf 90' lang='lat' dir='ltr'>amicis</span> <span class='ocrx_word' id='word_1_71' title='bbox 1817 744 1906 785; x_wconf 90' lang='lat' dir='ltr'>iam</span> 
     </span>
     <span class='ocr_line' id='line_1_9' title="bbox 136 813 1908 867; baseline -0.001 -11"><span class='ocrx_word' id='word_1_72' title='bbox 136 813 385 867; x_wconf 82' lang='lat' dir='ltr'>dampnate</span> <span class='ocrx_word' id='word_1_73' title='bbox 420 813 726 867; x_wconf 84' lang='lat' dir='ltr'>malignorum</span> <span class='ocrx_word' id='word_1_74' title='bbox 762 814 938 856; x_wconf 89' lang='lat' dir='ltr'>scilicet</span> <span class='ocrx_word' id='word_1_75' title='bbox 970 813 1206 855; x_wconf 92' lang='lat' dir='ltr'>hominum</span> <span class='ocrx_word' id='word_1_76' title='bbox 1238 813 1638 866; x_wconf 83' lang='lat' dir='ltr'>Wycleffistarum</span> <span class='ocrx_word' id='word_1_77' title='bbox 1672 817 1717 856; x_wconf 89' lang='lat' dir='ltr'>et</span> <span class='ocrx_word' id='word_1_78' title='bbox 1750 813 1908 856; x_wconf 89' lang='lat' dir='ltr'>Hussi-</span> 
     </span>
     <span class='ocr_line' id='line_1_10' title="bbox 137 884 1910 938; baseline -0.001 -11"><span class='ocrx_word' id='word_1_79' title='bbox 137 889 287 928; x_wconf 89' lang='lat' dir='ltr'>tarum</span> <span class='ocrx_word' id='word_1_80' title='bbox 309 888 574 938; x_wconf 88' lang='lat' dir='ltr'>nuncupate</span> <span class='ocrx_word' id='word_1_81' title='bbox 599 885 770 927; x_wconf 90' lang='lat' dir='ltr'>nedum</span> <span class='ocrx_word' id='word_1_82' title='bbox 794 885 1030 937; x_wconf 89' lang='lat' dir='ltr'>pullulare</span> <span class='ocrx_word' id='word_1_83' title='bbox 1055 884 1166 937; x_wconf 89' lang='lat' dir='ltr'>quin</span> <span class='ocrx_word' id='word_1_84' title='bbox 1188 897 1343 937; x_wconf 88' lang='lat' dir='ltr'>ymmo</span> <span class='ocrx_word' id='word_1_85' title='bbox 1364 887 1409 926; x_wconf 93' lang='lat' dir='ltr'>et</span> <span class='ocrx_word' id='word_1_86' title='bbox 1433 888 1585 926; x_wconf 89' lang='lat' dir='ltr'>satore</span> <span class='ocrx_word' id='word_1_87' title='bbox 1609 884 1783 926; x_wconf 87' lang='lat' dir='ltr'>zizanie</span> <span class='ocrx_word' id='word_1_88' title='bbox 1806 897 1910 937; x_wconf 93' lang='lat' dir='ltr'>pro-</span> 
     </span>
     <span class='ocr_line' id='line_1_11' title="bbox 135 955 1905 1009; baseline 0 -13"><span class='ocrx_word' id='word_1_89' title='bbox 135 959 325 998; x_wconf 84' lang='lat' dir='ltr'>curante</span> <span class='ocrx_word' id='word_1_90' title='bbox 353 969 470 998; x_wconf 87' lang='lat' dir='ltr'>ausu</span> <span class='ocrx_word' id='word_1_91' title='bbox 495 956 723 1009; x_wconf 86' lang='lat' dir='ltr'>sacrilego</span> <span class='ocrx_word' id='word_1_92' title='bbox 748 959 793 997; x_wconf 94' lang='lat' dir='ltr'>et</span> <span class='ocrx_word' id='word_1_93' title='bbox 820 956 1156 997; x_wconf 91' lang='lat' dir='ltr'>incrementum</span> <span class='ocrx_word' id='word_1_94' title='bbox 1183 955 1460 997; x_wconf 91' lang='lat' dir='ltr'>detestabile</span> <span class='ocrx_word' id='word_1_95' title='bbox 1488 956 1533 996; x_wconf 92' lang='lat' dir='ltr'>in</span> <span class='ocrx_word' id='word_1_96' title='bbox 1559 955 1644 996; x_wconf 91' lang='lat' dir='ltr'>Dei</span> <span class='ocrx_word' id='word_1_97' title='bbox 1672 955 1905 997; x_wconf 85' lang='lat' dir='ltr'>offensam</span> 
     </span>
     <span class='ocr_line' id='line_1_12' title="bbox 135 1026 1906 1080; baseline -0.001 -11"><span class='ocrx_word' id='word_1_98' title='bbox 135 1027 375 1080; x_wconf 87' lang='lat' dir='ltr'>suscipere</span> <span class='ocrx_word' id='word_1_99' title='bbox 395 1030 633 1080; x_wconf 76' lang='lat' dir='ltr'>ceperunt,</span> <span class='ocrx_word' id='word_1_100' title='bbox 665 1027 760 1078; x_wconf 86' lang='lat' dir='ltr'>Que</span> <span class='ocrx_word' id='word_1_101' title='bbox 783 1026 937 1069; x_wconf 91' lang='lat' dir='ltr'>omnia</span> <span class='ocrx_word' id='word_1_102' title='bbox 959 1026 1219 1079; x_wconf 91' lang='lat' dir='ltr'>aliquorum</span> <span class='ocrx_word' id='word_1_103' title='bbox 1241 1026 1529 1079; x_wconf 87' lang='lat' dir='ltr'>prelatorum</span> <span class='ocrx_word' id='word_1_104' title='bbox 1553 1027 1598 1067; x_wconf 93' lang='lat' dir='ltr'>in</span> <span class='ocrx_word' id='word_1_105' title='bbox 1620 1026 1735 1079; x_wconf 89' lang='lat' dir='ltr'>ipsis</span> <span class='ocrx_word' id='word_1_106' title='bbox 1755 1026 1906 1079; x_wconf 86' lang='lat' dir='ltr'>plagis</span> 
     </span>
     <span class='ocr_line' id='line_1_13' title="bbox 135 1097 1909 1151; baseline -0.001 -12"><span class='ocrx_word' id='word_1_107' title='bbox 135 1101 180 1140; x_wconf 88' lang='lat' dir='ltr'>et</span> <span class='ocrx_word' id='word_1_108' title='bbox 205 1098 476 1151; x_wconf 87' lang='lat' dir='ltr'>regionibus</span> <span class='ocrx_word' id='word_1_109' title='bbox 501 1097 852 1140; x_wconf 87' lang='lat' dir='ltr'>constitutorum</span> <span class='ocrx_word' id='word_1_110' title='bbox 878 1097 963 1139; x_wconf 90' lang='lat' dir='ltr'>Dei</span> <span class='ocrx_word' id='word_1_111' title='bbox 990 1097 1192 1139; x_wconf 84' lang='lat' dir='ltr'>officium</span> <span class='ocrx_word' id='word_1_112' title='bbox 1219 1097 1537 1150; x_wconf 79' lang='lat' dir='ltr'>perfunctorie</span> <span class='ocrx_word' id='word_1_113' title='bbox 1565 1097 1805 1150; x_wconf 89' lang='lat' dir='ltr'>agencium</span> <span class='ocrx_word' id='word_1_114' title='bbox 1831 1109 1909 1138; x_wconf 94' lang='lat' dir='ltr'>ne-</span> 
     </span>
     <span class='ocr_line' id='line_1_14' title="bbox 135 1167 1908 1222; baseline -0.001 -12"><span class='ocrx_word' id='word_1_115' title='bbox 135 1168 363 1222; x_wconf 83' lang='lat' dir='ltr'>gligencie</span> <span class='ocrx_word' id='word_1_116' title='bbox 387 1172 434 1211; x_wconf 92' lang='lat' dir='ltr'>et</span> <span class='ocrx_word' id='word_1_117' title='bbox 455 1169 590 1222; x_wconf 90' lang='lat' dir='ltr'>culpe</span> <span class='ocrx_word' id='word_1_118' title='bbox 612 1169 752 1211; x_wconf 89' lang='lat' dir='ltr'>etiam</span> <span class='ocrx_word' id='word_1_119' title='bbox 777 1170 884 1221; x_wconf 90' lang='lat' dir='ltr'>late,</span> <span class='ocrx_word' id='word_1_120' title='bbox 900 1181 989 1222; x_wconf 93' lang='lat' dir='ltr'>que</span> <span class='ocrx_word' id='word_1_121' title='bbox 1007 1167 1114 1210; x_wconf 93' lang='lat' dir='ltr'>dolo</span> <span class='ocrx_word' id='word_1_122' title='bbox 1127 1171 1436 1221; x_wconf 87' lang='lat' dir='ltr'>comparatur,</span> <span class='ocrx_word' id='word_1_123' title='bbox 1451 1180 1633 1210; x_wconf 87' lang='lat' dir='ltr'>necnon</span> <span class='ocrx_word' id='word_1_124' title='bbox 1649 1171 1693 1209; x_wconf 90' lang='lat' dir='ltr'>et</span> <span class='ocrx_word' id='word_1_125' title='bbox 1708 1167 1908 1210; x_wconf 84' lang='lat' dir='ltr'>fautorie</span> 
     </span>
     <span class='ocr_line' id='line_1_15' title="bbox 138 1239 1910 1293; baseline -0.001 -11"><span class='ocrx_word' id='word_1_126' title='bbox 138 1240 433 1282; x_wconf 88' lang='lat' dir='ltr'>ascribuntur</span> <span class='ocrx_word' id='word_1_127' title='bbox 467 1239 594 1288; x_wconf 83' lang='lat' dir='ltr'>fama</span> <span class='ocrx_word' id='word_1_128' title='bbox 627 1240 816 1293; x_wconf 90' lang='lat' dir='ltr'>publica</span> <span class='ocrx_word' id='word_1_129' title='bbox 852 1239 1105 1282; x_wconf 84' lang='lat' dir='ltr'>referente.</span> <span class='ocrx_word' id='word_1_130' title='bbox 1155 1239 1240 1291; x_wconf 84' lang='lat' dir='ltr'>Qui</span> <span class='ocrx_word' id='word_1_131' title='bbox 1277 1239 1465 1292; x_wconf 90' lang='lat' dir='ltr'>quidem</span> <span class='ocrx_word' id='word_1_132' title='bbox 1501 1242 1735 1292; x_wconf 89' lang='lat' dir='ltr'>tamquam</span> <span class='ocrx_word' id='word_1_133' title='bbox 1769 1251 1910 1281; x_wconf 87' lang='lat' dir='ltr'>canes</span> 
     </span>
     <span class='ocr_line' id='line_1_16' title="bbox 138 1309 1911 1363; baseline -0.001 -11"><span class='ocrx_word' id='word_1_134' title='bbox 138 1311 251 1353; x_wconf 89' lang='lat' dir='ltr'>muti</span> <span class='ocrx_word' id='word_1_135' title='bbox 271 1323 365 1353; x_wconf 91' lang='lat' dir='ltr'>non</span> <span class='ocrx_word' id='word_1_136' title='bbox 387 1311 598 1353; x_wconf 91' lang='lat' dir='ltr'>valentes</span> <span class='ocrx_word' id='word_1_137' title='bbox 620 1311 808 1363; x_wconf 89' lang='lat' dir='ltr'>latrare,</span> <span class='ocrx_word' id='word_1_138' title='bbox 831 1314 880 1352; x_wconf 93' lang='lat' dir='ltr'>ut</span> <span class='ocrx_word' id='word_1_139' title='bbox 902 1310 1011 1352; x_wconf 87' lang='lat' dir='ltr'>dicit</span> <span class='ocrx_word' id='word_1_140' title='bbox 1033 1310 1213 1362; x_wconf 87' lang='lat' dir='ltr'>Ysaias,</span> <span class='ocrx_word' id='word_1_141' title='bbox 1236 1323 1329 1352; x_wconf 93' lang='lat' dir='ltr'>non</span> <span class='ocrx_word' id='word_1_142' title='bbox 1352 1309 1609 1353; x_wconf 88' lang='lat' dir='ltr'>ascendunt</span> <span class='ocrx_word' id='word_1_143' title='bbox 1630 1322 1688 1351; x_wconf 83' lang='lat' dir='ltr'>ex</span> <span class='ocrx_word' id='word_1_144' title='bbox 1712 1310 1911 1352; x_wconf 90' lang='lat' dir='ltr'>adverso</span> 
     </span>
     <span class='ocr_line' id='line_1_17' title="bbox 135 1380 1908 1435; baseline 0 -13"><span class='ocrx_word' id='word_1_145' title='bbox 135 1393 288 1434; x_wconf 91' lang='lat' dir='ltr'>neque</span> <span class='ocrx_word' id='word_1_146' title='bbox 314 1394 366 1424; x_wconf 90' lang='lat' dir='ltr'>se</span> <span class='ocrx_word' id='word_1_147' title='bbox 390 1385 570 1435; x_wconf 90' lang='lat' dir='ltr'>ponunt</span> <span class='ocrx_word' id='word_1_148' title='bbox 593 1395 775 1423; x_wconf 89' lang='lat' dir='ltr'>murum</span> <span class='ocrx_word' id='word_1_149' title='bbox 797 1395 886 1435; x_wconf 88' lang='lat' dir='ltr'>pro</span> <span class='ocrx_word' id='word_1_150' title='bbox 910 1381 1046 1424; x_wconf 93' lang='lat' dir='ltr'>domo</span> <span class='ocrx_word' id='word_1_151' title='bbox 1071 1381 1237 1423; x_wconf 86' lang='lat' dir='ltr'>Ysrael</span> <span class='ocrx_word' id='word_1_152' title='bbox 1264 1385 1311 1423; x_wconf 94' lang='lat' dir='ltr'>et</span> <span class='ocrx_word' id='word_1_153' title='bbox 1335 1380 1424 1422; x_wconf 91' lang='lat' dir='ltr'>fide</span> <span class='ocrx_word' id='word_1_154' title='bbox 1449 1381 1687 1433; x_wconf 89' lang='lat' dir='ltr'>catholica,</span> <span class='ocrx_word' id='word_1_155' title='bbox 1714 1384 1763 1423; x_wconf 88' lang='lat' dir='ltr'>ut</span> <span class='ocrx_word' id='word_1_156' title='bbox 1787 1383 1908 1435; x_wconf 87' lang='lat' dir='ltr'>stent</span> 
     </span>
     <span class='ocr_line' id='line_1_18' title="bbox 140 1451 1910 1506; baseline 0 -13"><span class='ocrx_word' id='word_1_157' title='bbox 140 1452 187 1494; x_wconf 92' lang='lat' dir='ltr'>in</span> <span class='ocrx_word' id='word_1_158' title='bbox 208 1452 360 1506; x_wconf 90' lang='lat' dir='ltr'>prelio</span> <span class='ocrx_word' id='word_1_159' title='bbox 382 1452 429 1494; x_wconf 91' lang='lat' dir='ltr'>in</span> <span class='ocrx_word' id='word_1_160' title='bbox 452 1453 527 1495; x_wconf 89' lang='lat' dir='ltr'>die</span> <span class='ocrx_word' id='word_1_161' title='bbox 551 1452 726 1495; x_wconf 91' lang='lat' dir='ltr'>domini</span> <span class='ocrx_word' id='word_1_162' title='bbox 749 1465 858 1495; x_wconf 87' lang='lat' dir='ltr'>voce</span> <span class='ocrx_word' id='word_1_163' title='bbox 884 1452 1033 1495; x_wconf 85' lang='lat' dir='ltr'>libera</span> <span class='ocrx_word' id='word_1_164' title='bbox 1056 1453 1194 1494; x_wconf 90' lang='lat' dir='ltr'>huius</span> <span class='ocrx_word' id='word_1_165' title='bbox 1217 1452 1376 1493; x_wconf 90' lang='lat' dir='ltr'>mundi</span> <span class='ocrx_word' id='word_1_166' title='bbox 1398 1452 1707 1505; x_wconf 87' lang='lat' dir='ltr'>potestatibus</span> <span class='ocrx_word' id='word_1_167' title='bbox 1730 1455 1775 1493; x_wconf 91' lang='lat' dir='ltr'>et</span> <span class='ocrx_word' id='word_1_168' title='bbox 1795 1451 1910 1493; x_wconf 87' lang='lat' dir='ltr'>fidei</span> 
     </span>
     <span class='ocr_line' id='line_1_19' title="bbox 139 1522 1912 1576; baseline 0 -12"><span class='ocrx_word' id='word_1_169' title='bbox 139 1523 379 1566; x_wconf 90' lang='lat' dir='ltr'>erroribus</span> <span class='ocrx_word' id='word_1_170' title='bbox 407 1527 566 1566; x_wconf 90' lang='lat' dir='ltr'>contra</span> <span class='ocrx_word' id='word_1_171' title='bbox 592 1523 746 1566; x_wconf 90' lang='lat' dir='ltr'>eundo</span> <span class='ocrx_word' id='word_1_172' title='bbox 773 1527 819 1566; x_wconf 91' lang='lat' dir='ltr'>et</span> <span class='ocrx_word' id='word_1_173' title='bbox 846 1537 905 1565; x_wconf 84' lang='lat' dir='ltr'>ex</span> <span class='ocrx_word' id='word_1_174' title='bbox 935 1536 1091 1566; x_wconf 90' lang='lat' dir='ltr'>amore</span> <span class='ocrx_word' id='word_1_175' title='bbox 1121 1523 1300 1565; x_wconf 91' lang='lat' dir='ltr'>iusticie</span> <span class='ocrx_word' id='word_1_176' title='bbox 1329 1523 1486 1576; x_wconf 89' lang='lat' dir='ltr'>pravis</span> <span class='ocrx_word' id='word_1_177' title='bbox 1515 1527 1560 1565; x_wconf 94' lang='lat' dir='ltr'>et</span> <span class='ocrx_word' id='word_1_178' title='bbox 1586 1523 1806 1565; x_wconf 90' lang='lat' dir='ltr'>hereticis</span> <span class='ocrx_word' id='word_1_179' title='bbox 1833 1522 1912 1564; x_wconf 82' lang='lat' dir='ltr'>de-</span> 
     </span>
     <span class='ocr_line' id='line_1_20' title="bbox 138 1593 1911 1649; baseline -0.001 -13"><span class='ocrx_word' id='word_1_180' title='bbox 138 1594 373 1648; x_wconf 90' lang='lat' dir='ltr'>certando,</span> <span class='ocrx_word' id='word_1_181' title='bbox 403 1598 541 1649; x_wconf 91' lang='lat' dir='ltr'>prout</span> <span class='ocrx_word' id='word_1_182' title='bbox 570 1594 784 1636; x_wconf 86' lang='lat' dir='ltr'>Ezechiel</span> <span class='ocrx_word' id='word_1_183' title='bbox 816 1595 1085 1637; x_wconf 85' lang='lat' dir='ltr'>exclamans</span> <span class='ocrx_word' id='word_1_184' title='bbox 1116 1594 1429 1646; x_wconf 88' lang='lat' dir='ltr'>desiderabat,</span> <span class='ocrx_word' id='word_1_185' title='bbox 1460 1594 1583 1636; x_wconf 92' lang='lat' dir='ltr'>unde</span> <span class='ocrx_word' id='word_1_186' title='bbox 1615 1594 1661 1635; x_wconf 93' lang='lat' dir='ltr'>in</span> <span class='ocrx_word' id='word_1_187' title='bbox 1692 1593 1787 1635; x_wconf 92' lang='lat' dir='ltr'>illis</span> <span class='ocrx_word' id='word_1_188' title='bbox 1818 1593 1911 1636; x_wconf 92' lang='lat' dir='ltr'>oris</span> 
     </span>
     <span class='ocr_line' id='line_1_21' title="bbox 140 1664 1911 1719; baseline -0.001 -11"><span class='ocrx_word' id='word_1_189' title='bbox 140 1666 265 1708; x_wconf 85' lang='lat' dir='ltr'>fama</span> <span class='ocrx_word' id='word_1_190' title='bbox 304 1665 406 1719; x_wconf 91' lang='lat' dir='ltr'>ipsa</span> <span class='ocrx_word' id='word_1_191' title='bbox 444 1665 685 1708; x_wconf 81' lang='lat' dir='ltr'>referente</span> <span class='ocrx_word' id='word_1_192' title='bbox 726 1667 773 1707; x_wconf 93' lang='lat' dir='ltr'>in</span> <span class='ocrx_word' id='word_1_193' title='bbox 813 1669 989 1708; x_wconf 88' lang='lat' dir='ltr'>tantum</span> <span class='ocrx_word' id='word_1_194' title='bbox 1029 1665 1200 1707; x_wconf 81' lang='lat' dir='ltr'>factum</span> <span class='ocrx_word' id='word_1_195' title='bbox 1240 1678 1346 1707; x_wconf 91' lang='lat' dir='ltr'>esse</span> <span class='ocrx_word' id='word_1_196' title='bbox 1386 1665 1584 1717; x_wconf 81' lang='lat' dir='ltr'>videtur,</span> <span class='ocrx_word' id='word_1_197' title='bbox 1625 1668 1675 1707; x_wconf 92' lang='lat' dir='ltr'>ut</span> <span class='ocrx_word' id='word_1_198' title='bbox 1713 1664 1911 1716; x_wconf 88' lang='lat' dir='ltr'>vineam,</span> 
     </span>
     <span class='ocr_line' id='line_1_22' title="bbox 140 1735 1912 1790; baseline -0.001 -12"><span class='ocrx_word' id='word_1_199' title='bbox 140 1748 276 1789; x_wconf 86' lang='lat' dir='ltr'>quam</span> <span class='ocrx_word' id='word_1_200' title='bbox 305 1735 500 1779; x_wconf 86' lang='lat' dir='ltr'>dextera</span> <span class='ocrx_word' id='word_1_201' title='bbox 527 1736 700 1778; x_wconf 91' lang='lat' dir='ltr'>domini</span> <span class='ocrx_word' id='word_1_202' title='bbox 728 1737 1022 1790; x_wconf 84' lang='lat' dir='ltr'>plantaverat</span> <span class='ocrx_word' id='word_1_203' title='bbox 1050 1740 1094 1779; x_wconf 93' lang='lat' dir='ltr'>et</span> <span class='ocrx_word' id='word_1_204' title='bbox 1122 1736 1251 1779; x_wconf 92' lang='lat' dir='ltr'>cuius</span> <span class='ocrx_word' id='word_1_205' title='bbox 1280 1736 1462 1778; x_wconf 89' lang='lat' dir='ltr'>radices</span> <span class='ocrx_word' id='word_1_206' title='bbox 1489 1739 1662 1778; x_wconf 90' lang='lat' dir='ltr'>terram</span> <span class='ocrx_word' id='word_1_207' title='bbox 1692 1736 1912 1788; x_wconf 91' lang='lat' dir='ltr'>impleve-</span> 
     </span>
     <span class='ocr_line' id='line_1_23' title="bbox 141 1806 1913 1861; baseline -0.001 -12"><span class='ocrx_word' id='word_1_208' title='bbox 141 1811 244 1850; x_wconf 90' lang='lat' dir='ltr'>rant</span> <span class='ocrx_word' id='word_1_209' title='bbox 265 1811 311 1851; x_wconf 89' lang='lat' dir='ltr'>et</span> <span class='ocrx_word' id='word_1_210' title='bbox 330 1807 496 1850; x_wconf 91' lang='lat' dir='ltr'>umbra</span> <span class='ocrx_word' id='word_1_211' title='bbox 519 1808 620 1850; x_wconf 90' lang='lat' dir='ltr'>eius</span> <span class='ocrx_word' id='word_1_212' title='bbox 643 1808 809 1850; x_wconf 90' lang='lat' dir='ltr'>cedros</span> <span class='ocrx_word' id='word_1_213' title='bbox 833 1808 1096 1861; x_wconf 90' lang='lat' dir='ltr'>aberuerat,</span> <span class='ocrx_word' id='word_1_214' title='bbox 1121 1820 1237 1860; x_wconf 90' lang='lat' dir='ltr'>aper</span> <span class='ocrx_word' id='word_1_215' title='bbox 1259 1807 1315 1849; x_wconf 92' lang='lat' dir='ltr'>de</span> <span class='ocrx_word' id='word_1_216' title='bbox 1341 1808 1459 1850; x_wconf 91' lang='lat' dir='ltr'>silva</span> <span class='ocrx_word' id='word_1_217' title='bbox 1481 1806 1698 1849; x_wconf 90' lang='lat' dir='ltr'>videlicet</span> <span class='ocrx_word' id='word_1_218' title='bbox 1721 1806 1913 1848; x_wconf 82' lang='lat' dir='ltr'>Wicleff</span> 
     </span>
     <span class='ocr_line' id='line_1_24' title="bbox 139 1877 1910 1932; baseline -0.001 -11"><span class='ocrx_word' id='word_1_219' title='bbox 139 1882 184 1921; x_wconf 89' lang='lat' dir='ltr'>et</span> <span class='ocrx_word' id='word_1_220' title='bbox 207 1879 460 1932; x_wconf 86' lang='lat' dir='ltr'>singularis</span> <span class='ocrx_word' id='word_1_221' title='bbox 484 1879 616 1921; x_wconf 80' lang='lat' dir='ltr'>ferus</span> <span class='ocrx_word' id='word_1_222' title='bbox 641 1891 881 1921; x_wconf 90' lang='lat' dir='ltr'>successor</span> <span class='ocrx_word' id='word_1_223' title='bbox 906 1879 1007 1920; x_wconf 89' lang='lat' dir='ltr'>eius</span> <span class='ocrx_word' id='word_1_224' title='bbox 1033 1879 1272 1921; x_wconf 81' lang='lat' dir='ltr'>Johannes</span> <span class='ocrx_word' id='word_1_225' title='bbox 1296 1879 1421 1920; x_wconf 89' lang='lat' dir='ltr'>Huss</span> <span class='ocrx_word' id='word_1_226' title='bbox 1446 1877 1662 1920; x_wconf 90' lang='lat' dir='ltr'>damnate</span> <span class='ocrx_word' id='word_1_227' title='bbox 1688 1878 1910 1923; x_wconf 85' lang='lat' dir='ltr'>memorie</span> 
     </span>
     <span class='ocr_line' id='line_1_25' title="bbox 141 1948 1909 2002; baseline -0.001 -12"><span class='ocrx_word' id='word_1_228' title='bbox 141 1949 328 2002; x_wconf 85' lang='lat' dir='ltr'>depasci</span> <span class='ocrx_word' id='word_1_229' title='bbox 352 1950 501 1992; x_wconf 91' lang='lat' dir='ltr'>conati</span> <span class='ocrx_word' id='word_1_230' title='bbox 525 1949 718 1992; x_wconf 85' lang='lat' dir='ltr'>fuerunt</span> <span class='ocrx_word' id='word_1_231' title='bbox 740 1953 784 1991; x_wconf 92' lang='lat' dir='ltr'>et</span> <span class='ocrx_word' id='word_1_232' title='bbox 808 1949 1138 1992; x_wconf 91' lang='lat' dir='ltr'>nichilominus</span> <span class='ocrx_word' id='word_1_233' title='bbox 1162 1949 1453 1991; x_wconf 83' lang='lat' dir='ltr'>vindemiare</span> <span class='ocrx_word' id='word_1_234' title='bbox 1480 1949 1607 1991; x_wconf 89' lang='lat' dir='ltr'>illam</span> <span class='ocrx_word' id='word_1_235' title='bbox 1632 1961 1808 2001; x_wconf 89' lang='lat' dir='ltr'>omnes,</span> <span class='ocrx_word' id='word_1_236' title='bbox 1833 1948 1909 2001; x_wconf 93' lang='lat' dir='ltr'>qui</span> 
     </span>
     <span class='ocr_line' id='line_1_26' title="bbox 140 2019 1912 2074; baseline -0.001 -12"><span class='ocrx_word' id='word_1_237' title='bbox 140 2020 576 2074; x_wconf 85' lang='lat' dir='ltr'>pretergrediuntur</span> <span class='ocrx_word' id='word_1_238' title='bbox 607 2021 726 2063; x_wconf 91' lang='lat' dir='ltr'>viam</span> <span class='ocrx_word' id='word_1_239' title='bbox 756 2020 973 2062; x_wconf 85' lang='lat' dir='ltr'>videlicet</span> <span class='ocrx_word' id='word_1_240' title='bbox 1000 2020 1282 2062; x_wconf 81' lang='lat' dir='ltr'>Wicleffiste</span> <span class='ocrx_word' id='word_1_241' title='bbox 1313 2024 1357 2062; x_wconf 91' lang='lat' dir='ltr'>et</span> <span class='ocrx_word' id='word_1_242' title='bbox 1388 2020 1600 2062; x_wconf 90' lang='lat' dir='ltr'>Hussiste</span> <span class='ocrx_word' id='word_1_243' title='bbox 1629 2019 1815 2073; x_wconf 82' lang='lat' dir='ltr'>perfide</span> <span class='ocrx_word' id='word_1_244' title='bbox 1848 2020 1912 2073; x_wconf 94' lang='lat' dir='ltr'>ip-</span> 
     </span>
     <span class='ocr_line' id='line_1_27' title="bbox 140 2090 1909 2145; baseline -0.001 -12"><span class='ocrx_word' id='word_1_245' title='bbox 140 2104 294 2133; x_wconf 88' lang='lat' dir='ltr'>sorum</span> <span class='ocrx_word' id='word_1_246' title='bbox 328 2091 682 2145; x_wconf 87' lang='lat' dir='ltr'>dampnatorum</span> <span class='ocrx_word' id='word_1_247' title='bbox 715 2095 981 2144; x_wconf 85' lang='lat' dir='ltr'>sectatores,</span> <span class='ocrx_word' id='word_1_248' title='bbox 1015 2092 1137 2145; x_wconf 94' lang='lat' dir='ltr'>quod</span> <span class='ocrx_word' id='word_1_249' title='bbox 1167 2091 1511 2133; x_wconf 88' lang='lat' dir='ltr'>lamentabatur</span> <span class='ocrx_word' id='word_1_250' title='bbox 1541 2090 1792 2144; x_wconf 90' lang='lat' dir='ltr'>psalmista.</span> <span class='ocrx_word' id='word_1_251' title='bbox 1842 2091 1909 2132; x_wconf 82' lang='lat' dir='ltr'>Ex</span> 
     </span>
     <span class='ocr_line' id='line_1_28' title="bbox 140 2161 1910 2216; baseline -0.001 -12"><span class='ocrx_word' id='word_1_252' title='bbox 140 2162 308 2216; x_wconf 81' lang='lat' dir='ltr'>quibus</span> <span class='ocrx_word' id='word_1_253' title='bbox 335 2162 550 2205; x_wconf 90' lang='lat' dir='ltr'>omnibus</span> <span class='ocrx_word' id='word_1_254' title='bbox 575 2175 668 2205; x_wconf 89' lang='lat' dir='ltr'>non</span> <span class='ocrx_word' id='word_1_255' title='bbox 694 2162 873 2205; x_wconf 90' lang='lat' dir='ltr'>modica</span> <span class='ocrx_word' id='word_1_256' title='bbox 900 2162 1119 2205; x_wconf 88' lang='lat' dir='ltr'>scandala</span> <span class='ocrx_word' id='word_1_257' title='bbox 1146 2163 1193 2204; x_wconf 92' lang='lat' dir='ltr'>in</span> <span class='ocrx_word' id='word_1_258' title='bbox 1221 2162 1306 2204; x_wconf 91' lang='lat' dir='ltr'>Dei</span> <span class='ocrx_word' id='word_1_259' title='bbox 1333 2162 1530 2204; x_wconf 90' lang='lat' dir='ltr'>ecclesia</span> <span class='ocrx_word' id='word_1_260' title='bbox 1554 2165 1713 2204; x_wconf 91' lang='lat' dir='ltr'>contra</span> <span class='ocrx_word' id='word_1_261' title='bbox 1738 2161 1910 2203; x_wconf 81' lang='lat' dir='ltr'>fideles</span> 
     </span>
     <span class='ocr_line' id='line_1_29' title="bbox 137 2233 1910 2286; baseline -0.001 -11"><span class='ocrx_word' id='word_1_262' title='bbox 137 2233 425 2276; x_wconf 87' lang='lat' dir='ltr'>christicolas</span> <span class='ocrx_word' id='word_1_263' title='bbox 454 2237 501 2276; x_wconf 90' lang='lat' dir='ltr'>et</span> <span class='ocrx_word' id='word_1_264' title='bbox 530 2234 588 2277; x_wconf 90' lang='lat' dir='ltr'>ad</span> <span class='ocrx_word' id='word_1_265' title='bbox 619 2233 926 2276; x_wconf 87' lang='lat' dir='ltr'>ministerium</span> <span class='ocrx_word' id='word_1_266' title='bbox 957 2237 1003 2276; x_wconf 91' lang='lat' dir='ltr'>et</span> <span class='ocrx_word' id='word_1_267' title='bbox 1032 2234 1204 2275; x_wconf 83' lang='lat' dir='ltr'>cultum</span> <span class='ocrx_word' id='word_1_268' title='bbox 1237 2233 1444 2275; x_wconf 90' lang='lat' dir='ltr'>divinum</span> <span class='ocrx_word' id='word_1_269' title='bbox 1474 2233 1719 2286; x_wconf 89' lang='lat' dir='ltr'>deputatos</span> <span class='ocrx_word' id='word_1_270' title='bbox 1748 2234 1910 2274; x_wconf 87' lang='lat' dir='ltr'>exorta</span> 
     </span>
     <span class='ocr_line' id='line_1_30' title="bbox 139 2303 1911 2347; baseline -0.001 -1"><span class='ocrx_word' id='word_1_271' title='bbox 139 2303 274 2346; x_wconf 85' lang='lat' dir='ltr'>fuere</span> <span class='ocrx_word' id='word_1_272' title='bbox 298 2309 346 2347; x_wconf 92' lang='lat' dir='ltr'>et</span> <span class='ocrx_word' id='word_1_273' title='bbox 370 2305 582 2347; x_wconf 91' lang='lat' dir='ltr'>oriuntur</span> <span class='ocrx_word' id='word_1_274' title='bbox 606 2304 793 2347; x_wconf 90' lang='lat' dir='ltr'>assidue</span> <span class='ocrx_word' id='word_1_275' title='bbox 819 2305 1056 2347; x_wconf 91' lang='lat' dir='ltr'>horrenda</span> <span class='ocrx_word' id='word_1_276' title='bbox 1079 2308 1126 2347; x_wconf 88' lang='lat' dir='ltr'>et</span> <span class='ocrx_word' id='word_1_277' title='bbox 1152 2304 1359 2346; x_wconf 90' lang='lat' dir='ltr'>inaudita</span> <span class='ocrx_word' id='word_1_278' title='bbox 1385 2304 1651 2346; x_wconf 89' lang='lat' dir='ltr'>serentibus</span> <span class='ocrx_word' id='word_1_279' title='bbox 1678 2316 1761 2346; x_wconf 90' lang='lat' dir='ltr'>seu</span> <span class='ocrx_word' id='word_1_280' title='bbox 1786 2303 1911 2345; x_wconf 81' lang='lat' dir='ltr'>fama</span> 
     </span>
     <span class='ocr_line' id='line_1_31' title="bbox 140 2374 1910 2429; baseline -0.001 -13"><span class='ocrx_word' id='word_1_281' title='bbox 140 2375 241 2429; x_wconf 89' lang='lat' dir='ltr'>ipsa</span> <span class='ocrx_word' id='word_1_282' title='bbox 265 2375 504 2418; x_wconf 85' lang='lat' dir='ltr'>referente</span> <span class='ocrx_word' id='word_1_283' title='bbox 530 2376 649 2418; x_wconf 90' lang='lat' dir='ltr'>scire</span> <span class='ocrx_word' id='word_1_284' title='bbox 674 2376 952 2427; x_wconf 86' lang='lat' dir='ltr'>volentibus,</span> <span class='ocrx_word' id='word_1_285' title='bbox 978 2388 1067 2429; x_wconf 93' lang='lat' dir='ltr'>que</span> <span class='ocrx_word' id='word_1_286' title='bbox 1093 2379 1184 2417; x_wconf 90' lang='lat' dir='ltr'>tam</span> <span class='ocrx_word' id='word_1_287' title='bbox 1210 2375 1395 2428; x_wconf 89' lang='lat' dir='ltr'>publice</span> <span class='ocrx_word' id='word_1_288' title='bbox 1422 2374 1537 2417; x_wconf 88' lang='lat' dir='ltr'>inibi</span> <span class='ocrx_word' id='word_1_289' title='bbox 1563 2377 1801 2428; x_wconf 85' lang='lat' dir='ltr'>geruntur,</span> <span class='ocrx_word' id='word_1_290' title='bbox 1828 2375 1910 2416; x_wconf 92' lang='lat' dir='ltr'>sci-</span> 
     </span>
     <span class='ocr_line' id='line_1_32' title="bbox 140 2445 1906 2499; baseline -0.001 -12"><span class='ocrx_word' id='word_1_291' title='bbox 140 2445 245 2489; x_wconf 89' lang='lat' dir='ltr'>licet</span> <span class='ocrx_word' id='word_1_292' title='bbox 276 2446 470 2499; x_wconf 88' lang='lat' dir='ltr'>prelatis</span> <span class='ocrx_word' id='word_1_293' title='bbox 502 2446 765 2489; x_wconf 92' lang='lat' dir='ltr'>huiusmodi</span> <span class='ocrx_word' id='word_1_294' title='bbox 799 2450 843 2488; x_wconf 91' lang='lat' dir='ltr'>et</span> <span class='ocrx_word' id='word_1_295' title='bbox 876 2447 1008 2489; x_wconf 91' lang='lat' dir='ltr'>oculo</span> <span class='ocrx_word' id='word_1_296' title='bbox 1040 2446 1302 2488; x_wconf 88' lang='lat' dir='ltr'>conniventi</span> <span class='ocrx_word' id='word_1_297' title='bbox 1339 2446 1420 2488; x_wconf 89' lang='lat' dir='ltr'>illa</span> <span class='ocrx_word' id='word_1_298' title='bbox 1451 2445 1906 2499; x_wconf 84' lang='lat' dir='ltr'>pertranseuntibus:</span> 
     </span>
     <span class='ocr_line' id='line_1_33' title="bbox 139 2515 1909 2571; baseline -0.001 -13"><span class='ocrx_word' id='word_1_299' title='bbox 139 2529 196 2558; x_wconf 92' lang='lat' dir='ltr'>ea</span> <span class='ocrx_word' id='word_1_300' title='bbox 218 2520 410 2571; x_wconf 89' lang='lat' dir='ltr'>propter</span> <span class='ocrx_word' id='word_1_301' title='bbox 431 2517 597 2560; x_wconf 86' lang='lat' dir='ltr'>eadem</span> <span class='ocrx_word' id='word_1_302' title='bbox 621 2518 851 2570; x_wconf 89' lang='lat' dir='ltr'>siquidem</span> <span class='ocrx_word' id='word_1_303' title='bbox 875 2521 1032 2560; x_wconf 88' lang='lat' dir='ltr'>sancta</span> <span class='ocrx_word' id='word_1_304' title='bbox 1055 2517 1259 2570; x_wconf 88' lang='lat' dir='ltr'>synodus</span> <span class='ocrx_word' id='word_1_305' title='bbox 1282 2518 1449 2559; x_wconf 88' lang='lat' dir='ltr'>nolens</span> <span class='ocrx_word' id='word_1_306' title='bbox 1473 2516 1773 2569; x_wconf 84' lang='lat' dir='ltr'>splendorem</span> <span class='ocrx_word' id='word_1_307' title='bbox 1795 2515 1909 2557; x_wconf 80' lang='lat' dir='ltr'>fidei</span> 
     </span>
     <span class='ocr_line' id='line_1_34' title="bbox 141 2586 1910 2641; baseline -0.001 -12"><span class='ocrx_word' id='word_1_308' title='bbox 141 2600 226 2640; x_wconf 91' lang='lat' dir='ltr'>per</span> <span class='ocrx_word' id='word_1_309' title='bbox 256 2588 376 2631; x_wconf 84' lang='lat' dir='ltr'>tales</span> <span class='ocrx_word' id='word_1_310' title='bbox 409 2588 736 2631; x_wconf 82' lang='lat' dir='ltr'>connivencias</span> <span class='ocrx_word' id='word_1_311' title='bbox 769 2588 1007 2630; x_wconf 87' lang='lat' dir='ltr'>tenebrosi</span> <span class='ocrx_word' id='word_1_312' title='bbox 1042 2588 1155 2629; x_wconf 78' lang='lat' dir='ltr'>fumi</span> <span class='ocrx_word' id='word_1_313' title='bbox 1192 2588 1388 2641; x_wconf 84' lang='lat' dir='ltr'>caligine</span> <span class='ocrx_word' id='word_1_314' title='bbox 1424 2587 1660 2629; x_wconf 86' lang='lat' dir='ltr'>obfuscari</span> <span class='ocrx_word' id='word_1_315' title='bbox 1693 2590 1738 2628; x_wconf 91' lang='lat' dir='ltr'>et</span> <span class='ocrx_word' id='word_1_316' title='bbox 1772 2586 1910 2628; x_wconf 84' lang='lat' dir='ltr'>tantis</span> 
     </span>
     <span class='ocr_line' id='line_1_35' title="bbox 142 2658 1909 2712; baseline -0.002 -11"><span class='ocrx_word' id='word_1_317' title='bbox 142 2659 375 2701; x_wconf 88' lang='lat' dir='ltr'>scandalis</span> <span class='ocrx_word' id='word_1_318' title='bbox 396 2660 589 2712; x_wconf 88' lang='lat' dir='ltr'>cupiens</span> <span class='ocrx_word' id='word_1_319' title='bbox 612 2659 801 2701; x_wconf 85' lang='lat' dir='ltr'>obviare</span> <span class='ocrx_word' id='word_1_320' title='bbox 825 2662 870 2701; x_wconf 85' lang='lat' dir='ltr'>et</span> <span class='ocrx_word' id='word_1_321' title='bbox 892 2659 1114 2712; x_wconf 90' lang='lat' dir='ltr'>periculis</span> <span class='ocrx_word' id='word_1_322' title='bbox 1138 2658 1395 2700; x_wconf 89' lang='lat' dir='ltr'>animarum</span> <span class='ocrx_word' id='word_1_323' title='bbox 1420 2658 1692 2709; x_wconf 89' lang='lat' dir='ltr'>innumeris,</span> <span class='ocrx_word' id='word_1_324' title='bbox 1714 2660 1764 2699; x_wconf 92' lang='lat' dir='ltr'>ut</span> <span class='ocrx_word' id='word_1_325' title='bbox 1784 2660 1909 2698; x_wconf 89' lang='lat' dir='ltr'>tene-</span> 
     </span>
     <span class='ocr_line' id='line_1_36' title="bbox 141 2728 1908 2783; baseline -0.001 -13"><span class='ocrx_word' id='word_1_326' title='bbox 141 2731 227 2782; x_wconf 89' lang='lat' dir='ltr'>tur,</span> <span class='ocrx_word' id='word_1_327' title='bbox 258 2730 552 2783; x_wconf 87' lang='lat' dir='ltr'>presencium</span> <span class='ocrx_word' id='word_1_328' title='bbox 582 2733 743 2772; x_wconf 91' lang='lat' dir='ltr'>tenore</span> <span class='ocrx_word' id='word_1_329' title='bbox 776 2730 1060 2772; x_wconf 84' lang='lat' dir='ltr'>committere</span> <span class='ocrx_word' id='word_1_330' title='bbox 1091 2729 1295 2771; x_wconf 86' lang='lat' dir='ltr'>decrevit</span> <span class='ocrx_word' id='word_1_331' title='bbox 1325 2732 1371 2771; x_wconf 92' lang='lat' dir='ltr'>et</span> <span class='ocrx_word' id='word_1_332' title='bbox 1400 2728 1636 2771; x_wconf 90' lang='lat' dir='ltr'>committit</span> <span class='ocrx_word' id='word_1_333' title='bbox 1666 2741 1760 2769; x_wconf 91' lang='lat' dir='ltr'>rev.</span> <span class='ocrx_word' id='word_1_334' title='bbox 1792 2740 1833 2780; x_wconf 90' lang='lat' dir='ltr'>p.</span> <span class='ocrx_word' id='word_1_335' title='bbox 1865 2730 1908 2769; x_wconf 90' lang='lat' dir='ltr'>et</span> 
     </span>
     <span class='ocr_line' id='line_1_37' title="bbox 141 2798 1908 2854; baseline -0.001 -13"><span class='ocrx_word' id='word_1_336' title='bbox 141 2799 183 2841; x_wconf 91' lang='lat' dir='ltr'>d.</span> <span class='ocrx_word' id='word_1_337' title='bbox 223 2800 424 2843; x_wconf 47' lang='lat' dir='ltr'>‘iohanni</span> <span class='ocrx_word' id='word_1_338' title='bbox 461 2801 726 2854; x_wconf 89' lang='lat' dir='ltr'>patriarche</span> <span class='ocrx_word' id='word_1_339' title='bbox 765 2800 1279 2853; x_wconf 90' lang='lat' dir='ltr'>Constantinopolitano</span> <span class='ocrx_word' id='word_1_340' title='bbox 1318 2813 1402 2853; x_wconf 91' lang='lat' dir='ltr'>pro</span> <span class='ocrx_word' id='word_1_341' title='bbox 1442 2799 1697 2851; x_wconf 90' lang='lat' dir='ltr'>Gallicana,</span> <span class='ocrx_word' id='word_1_342' title='bbox 1737 2798 1908 2840; x_wconf 82' lang='lat' dir='ltr'>Jacobo</span> 
     </span>
     <span class='ocr_line' id='line_1_38' title="bbox 142 2868 1906 2924; baseline -0.001 -13"><span class='ocrx_word' id='word_1_343' title='bbox 142 2869 294 2923; x_wconf 86' lang='lat' dir='ltr'>Esyno</span> <span class='ocrx_word' id='word_1_344' title='bbox 319 2884 405 2924; x_wconf 91' lang='lat' dir='ltr'>pro</span> <span class='ocrx_word' id='word_1_345' title='bbox 435 2871 605 2924; x_wconf 86' lang='lat' dir='ltr'>Italica,</span> <span class='ocrx_word' id='word_1_346' title='bbox 632 2871 789 2914; x_wconf 88' lang='lat' dir='ltr'>Ulrico</span> <span class='ocrx_word' id='word_1_347' title='bbox 815 2871 1063 2913; x_wconf 89' lang='lat' dir='ltr'>Werdensi</span> <span class='ocrx_word' id='word_1_348' title='bbox 1091 2884 1175 2924; x_wconf 89' lang='lat' dir='ltr'>pro</span> <span class='ocrx_word' id='word_1_349' title='bbox 1203 2870 1478 2913; x_wconf 83' lang='lat' dir='ltr'>Germanica</span> <span class='ocrx_word' id='word_1_350' title='bbox 1505 2873 1550 2911; x_wconf 91' lang='lat' dir='ltr'>et</span> <span class='ocrx_word' id='word_1_351' title='bbox 1577 2869 1774 2911; x_wconf 88' lang='lat' dir='ltr'>Patricio</span> <span class='ocrx_word' id='word_1_352' title='bbox 1800 2868 1906 2910; x_wconf 89' lang='lat' dir='ltr'>Cor-</span> 
     </span>
     <span class='ocr_line' id='line_1_39' title="bbox 142 2940 1909 2995; baseline -0.001 -14"><span class='ocrx_word' id='word_1_353' title='bbox 142 2941 326 2993; x_wconf 84' lang='lat' dir='ltr'>cagensi</span> <span class='ocrx_word' id='word_1_354' title='bbox 351 2954 436 2995; x_wconf 92' lang='lat' dir='ltr'>pro</span> <span class='ocrx_word' id='word_1_355' title='bbox 461 2942 719 2995; x_wconf 85' lang='lat' dir='ltr'>Anglicana</span> <span class='ocrx_word' id='word_1_356' title='bbox 742 2941 1030 2995; x_wconf 89' lang='lat' dir='ltr'>nacionibus,</span> <span class='ocrx_word' id='word_1_357' title='bbox 1056 2941 1301 2994; x_wconf 86' lang='lat' dir='ltr'>episcopis,</span> <span class='ocrx_word' id='word_1_358' title='bbox 1328 2941 1544 2994; x_wconf 89' lang='lat' dir='ltr'>quatinus</span> <span class='ocrx_word' id='word_1_359' title='bbox 1572 2941 1658 2993; x_wconf 91' lang='lat' dir='ltr'>ipsi</span> <span class='ocrx_word' id='word_1_360' title='bbox 1687 2942 1764 2981; x_wconf 91' lang='lat' dir='ltr'>aut</span> <span class='ocrx_word' id='word_1_361' title='bbox 1790 2940 1909 2992; x_wconf 94' lang='lat' dir='ltr'>ipso-</span> 
     </span>
     <span class='ocr_line' id='line_1_40' title="bbox 143 3009 1907 3069; baseline -0.001 -17"><span class='ocrx_word' id='word_1_362' title='bbox 143 3023 242 3053; x_wconf 90' lang='lat' dir='ltr'>rum</span> <span class='ocrx_word' id='word_1_363' title='bbox 270 3011 360 3055; x_wconf 92' lang='lat' dir='ltr'>duo</span> <span class='ocrx_word' id='word_1_364' title='bbox 387 3012 444 3054; x_wconf 91' lang='lat' dir='ltr'>de</span> <span class='ocrx_word' id='word_1_365' title='bbox 471 3013 714 3066; x_wconf 90' lang='lat' dir='ltr'>premissis</span> <span class='ocrx_word' id='word_1_366' title='bbox 740 3012 1052 3066; x_wconf 81' lang='lat' dir='ltr'>negligentiis,</span> <span class='ocrx_word' id='word_1_367' title='bbox 1081 3012 1229 3065; x_wconf 90' lang='lat' dir='ltr'>culpis</span> <span class='ocrx_word' id='word_1_368' title='bbox 1256 3015 1299 3053; x_wconf 89' lang='lat' dir='ltr'>et</span> <span class='ocrx_word' id='word_1_369' title='bbox 1328 3011 1541 3069; x_wconf 59' lang='lat' dir='ltr'>{autoriis</span> <span class='ocrx_word' id='word_1_370' title='bbox 1568 3013 1725 3052; x_wconf 89' lang='lat' dir='ltr'>contra</span> <span class='ocrx_word' id='word_1_371' title='bbox 1752 3009 1907 3051; x_wconf 90' lang='lat' dir='ltr'>huius-</span> 
     </span>
    </p>
   </div>
   <div class='ocr_carea' id='block_1_3' title="bbox 261 3105 1090 3148">
    <p class='ocr_par' dir='ltr' id='par_1_3' title="bbox 261 3105 1090 3148">
     <span class='ocr_line' id='line_1_41' title="bbox 261 3105 1090 3148; baseline -0.001 -9"><span class='ocrx_word' id='word_1_372' title='bbox 261 3106 292 3148; x_wconf 93' lang='lat' dir='ltr'>l)</span> <span class='ocrx_word' id='word_1_373' title='bbox 318 3115 360 3139; x_wconf 83' lang='lat' dir='ltr'>so</span> <span class='ocrx_word' id='word_1_374' title='bbox 382 3105 484 3140; x_wconf 85' lang='lat' dir='ltr'>wohl</span> <span class='ocrx_word' id='word_1_375' title='bbox 506 3106 574 3141; x_wconf 83' lang='lat' dir='ltr'>der</span> <span class='ocrx_word' id='word_1_376' title='bbox 600 3105 854 3141; x_wconf 73' lang='lat' dir='ltr'>unleserliche</span> <span class='ocrx_word' id='word_1_377' title='bbox 878 3105 1090 3140; x_wconf 75' lang='lat' dir='ltr'>Ausdruck.</span> 
     </span>
    </p>
   </div>
  </div>
 </body>
</html>
