2227 3434
560 179 604 214 A.
644 179 842 213 Fillastres
871 179 987 214 Gesta
1013 178 1164 213 concilii
1191 177 1506 214 Constantiensis.
1861 180 1916 223 87

153 302 316 352 quarte
338 297 413 339 vel
435 297 594 350 quinte
617 296 764 349 partis
785 296 967 338 concilii
989 297 1226 349 generalis
1247 299 1293 338 et
1315 297 1611 338 universalis.
1648 297 1702 338 Et
1724 296 1917 339 materia

153 371 314 422 aperta
340 380 425 421 per
451 379 609 420 regem
637 366 777 420 legati
805 367 930 420 regis
958 366 1202 408 adiverunt
1229 379 1336 408 eum
1364 370 1408 408 et
1437 366 1751 409 exhibuerunt
1778 379 1917 408 unam

152 438 364 480 cedulam
395 438 707 480 continentem
738 437 784 478 in
816 437 1005 489 effectu,
1038 437 1161 490 quod
1190 437 1308 479 tales
1340 437 1571 479 discordie
1604 440 1843 480 cessarent
1874 440 1919 479 et

152 508 345 562 querele
374 509 597 550 darentur
625 508 671 549 in
701 507 897 560 scriptis,
926 511 971 549 et
998 507 1056 549 de
1086 508 1355 549 auctoritate
1386 507 1567 549 concilii
1595 511 1919 549 reservaretur

153 579 411 621 decidendo
432 591 518 632 per
539 591 767 620 summum
790 578 1075 631 pontificem,
1099 578 1161 620 ita
1183 578 1307 630 quod
1329 578 1483 620 medio
1505 581 1714 631 tempore
1738 579 1917 620 nullum

153 649 291 692 fieret
324 649 647 702 preiudicium,
682 661 835 701 neque
871 648 942 690 ius
977 649 1318 701 adquireretur.
1365 648 1460 699 Que
1496 648 1661 690 cedula
1695 648 1782 691 fuit
1816 661 1919 702 por-

153 723 277 762 recta
297 723 342 762 et
362 719 549 773 quidam
571 720 716 761 vocati
738 732 824 772 per
846 731 1004 772 regem
1027 731 1128 760 cum
1149 719 1357 772 Anglicis
1380 719 1593 760 fecerunt
1615 719 1767 771 aliam,
1789 720 1919 761 cuius

153 793 285 833 tenor
311 790 435 833 infra
460 789 753 842 describitur,
779 802 917 843 quam
943 802 1027 831 rex
1054 789 1100 830 in
1128 789 1262 831 domo
1289 789 1540 832 cardinalis
1567 789 1919 832 Cameracensis

152 860 342 904 tradidit
383 860 700 903 cardinalibus
744 860 1070 902 Cameracensi
1113 863 1159 902 et
1201 861 1345 902 sancti
1394 859 1531 902 Marci
1575 863 1712 913 atque
1754 861 1920 914 legatis

154 931 292 985 regis,
316 931 446 974 cuius
468 934 603 973 tenor
626 930 733 973 talis
757 933 844 973 est:

269 1001 570 1044 Sacrosancta
599 1002 836 1055 generalis
867 1001 1071 1054 synodus
1103 1000 1480 1044 Constanciensis
1513 1001 1732 1055 declarat,
1765 1002 1921 1044 statuit

153 1075 199 1114 et
223 1071 445 1125 decernit,
472 1072 595 1125 quod
619 1084 705 1125 per
730 1075 859 1125 gesta
887 1084 970 1114 seu
995 1072 1216 1125 gerenda,
1244 1071 1490 1114 observata
1518 1084 1601 1114 seu
1626 1071 1920 1115 observanda

155 1144 202 1185 in
222 1143 308 1185 hoc
331 1155 462 1185 sacro
485 1143 681 1185 concilio
701 1155 794 1184 non
817 1142 901 1185 fiat
922 1155 1075 1195 neque
1099 1142 1271 1184 factum
1293 1155 1398 1184 esse
1424 1143 1710 1196 intelligatur
1733 1142 1921 1196 aliquod

153 1213 460 1267 preiudicium
497 1226 581 1256 seu
616 1226 786 1255 novum
823 1213 895 1256 ius
933 1213 1208 1266 acquisitum
1245 1213 1597 1266 quibuscunque
1634 1213 1921 1265 nacionibus,

155 1285 311 1337 regnis
349 1297 433 1326 seu
469 1284 657 1338 regibus
694 1296 874 1326 necnon
913 1285 959 1325 in
996 1283 1247 1336 provinciis
1285 1287 1362 1326 aut
1397 1284 1503 1326 aliis
1539 1283 1922 1326 universitatibus

153 1354 443 1408 generalium
465 1354 737 1407 studiorum,
760 1354 806 1396 in
828 1355 926 1397 suis
947 1357 1025 1396 aut
1046 1354 1151 1397 aliis
1172 1354 1431 1407 privilegiis
1455 1367 1538 1396 seu
1559 1354 1922 1407 preeminenciis

154 1428 199 1467 et
223 1426 424 1468 maxim—e
450 1425 603 1478 quoad
627 1426 848 1468 naciones
875 1425 922 1466 in
949 1425 1049 1479 ipsa
1075 1425 1398 1478 principaliter
1425 1428 1788 1478 representatas,
1815 1438 1923 1478 quo-

155 1495 306 1539 minus
336 1496 483 1549 possit
513 1508 599 1549 per
632 1497 724 1538 alia
756 1496 802 1537 in
835 1496 1042 1538 futurum
1075 1496 1270 1538 concilia
1301 1496 1512 1549 generali
1546 1495 1684 1537 dante
1718 1508 1774 1538 eo
1805 1495 1923 1537 cele-

155 1566 334 1609 branda
354 1570 400 1609 et
421 1567 582 1620 augeri
604 1570 649 1608 et
672 1567 867 1608 diminui
889 1579 1114 1609 numerus
1135 1566 1392 1608 earundem
1415 1567 1490 1608 vel
1514 1567 1606 1608 alio
1628 1566 1763 1608 modo
1785 1579 1922 1620 quam

155 1650 240 1691 per
278 1637 499 1680 naciones
539 1638 744 1691 procedi,
785 1641 922 1690 prout
963 1637 1155 1690 spiritus
1197 1640 1382 1680 sanctus
1424 1637 1682 1691 inspiravit,
1724 1636 1923 1679 decretis

154 1711 308 1751 tamen
337 1711 382 1750 et
410 1708 829 1761 constitutionibus,
859 1708 1260 1750 declaracionibus
1288 1711 1334 1750 et
1362 1707 1735 1750 diffinicionibus
1764 1707 1811 1749 in
1838 1708 1924 1749 hoc

156 1791 286 1821 sacro
313 1779 507 1822 concilio
534 1779 759 1822 hactenus
787 1778 921 1821 factis
950 1782 994 1821 et
1022 1779 1069 1820 in
1097 1781 1335 1832 posterum
1364 1777 1538 1821 fiendis
1567 1779 1613 1820 in
1643 1791 1726 1820 suo
1755 1778 1922 1820 robore

155 1849 488 1902 permansuris.
535 1849 706 1891 Omnes
742 1849 935 1902 insuper
970 1853 1015 1891 et
1051 1849 1258 1902 singulas
1292 1849 1673 1902 protestaciones,
1707 1861 1924 1902 provoca-

157 1921 367 1974 ciones,³)
392 1921 742 1974 appellaciones
763 1923 807 1962 et
829 1920 1083 1973 scripturas
1105 1933 1131 1962 a
1150 1920 1504 1973 quibuscunque
1524 1919 1754 1973 personis,
1776 1920 1924 1961 cuius-

156 2003 336 2044 cunque
364 1994 523 2043 status,
550 1991 737 2044 gradus,
764 1991 1126 2044 preeminencie,
1153 1991 1300 2032 eciam
1328 1991 1365 2032 si
1396 1991 1582 2043 regalis,
1611 1990 1924 2032 cardinalatus

158 2061 253 2104 sive
281 2061 567 2115 pontificalis
596 2061 832 2115 dignitatis
860 2061 1064 2113 fuerunt,
1094 2062 1399 2103 communiter
1428 2061 1501 2102 vel
1531 2061 1715 2103 divisim
1747 2061 1793 2102 in
1821 2072 1924 2114 pre-

158 2131 374 2174 iudicium
402 2133 737 2186 premissorum
766 2132 1151 2185 qualitercunque
1179 2132 1338 2184 factas,
1366 2132 1483 2173 clam
1512 2132 1585 2173 vel
1615 2132 1784 2184 palam,
1812 2131 1925 2184 pub-

158 2202 244 2244 lice
267 2204 341 2245 vel
366 2204 556 2255 occulte,
580 2203 744 2245 eadem
769 2206 926 2245 sancta
951 2203 1156 2255 synodus
1181 2216 1238 2244 ex
1263 2205 1388 2244 certa
1412 2201 1612 2244 sciencia
1635 2205 1798 2253 cassat,
1825 2200 1925 2243 irri-

158 2276 220 2315 tat
243 2276 289 2316 et
312 2274 536 2326 annullat,
563 2277 607 2316 et
632 2287 716 2327 pro
742 2274 901 2326 cassis,
927 2273 1070 2316 irritis
1097 2277 1142 2315 et
1165 2273 1309 2316 nullis
1334 2273 1611 2326 pronunciat
1636 2275 1681 2315 et
1705 2272 1923 2314 declarat.

273 2344 370 2396 Qua
396 2344 561 2387 cedula
588 2345 706 2387 lecta
733 2344 984 2387 cardinalis
1013 2345 1157 2386 sancti
1187 2344 1327 2386 Marci
1356 2343 1611 2396 respondit,
1637 2343 1759 2396 quod
1787 2342 1925 2395 legati

158 2414 280 2468 regis
313 2415 506 2457 Francie
539 2415 859 2457 deliberarent
891 2427 1032 2468 super
1064 2415 1158 2467 illa,
1191 2427 1280 2467 que
1313 2418 1467 2456 tamen
1500 2414 1650 2467 prima
1681 2413 1800 2455 facie
1831 2425 1923 2454 non

159 2484 402 2528 videbatur
431 2485 670 2527 sufficere.
715 2486 768 2527 Et
800 2485 1005 2527 subdidit
1036 2486 1148 2538 regi,
1180 2485 1303 2538 quod
1332 2497 1424 2526 non
1455 2484 1699 2537 oportebat
1729 2496 1814 2537 pro
1846 2484 1925 2525 illa

160 2567 297 2598 causa
332 2568 490 2610 regem
524 2559 587 2598 tot
623 2556 779 2598 subire
817 2556 1020 2598 labores:
1069 2559 1212 2598 totum
1247 2556 1371 2597 enim
1406 2555 1647 2608 negocium
1683 2554 1922 2596 terminari

161 2628 339 2678 poterat
376 2627 421 2668 in
459 2630 590 2669 sexta
627 2630 759 2680 parte
795 2626 933 2668 unius
968 2627 1097 2678 hore,
1133 2630 1179 2668 et
1215 2626 1337 2678 quod
1374 2625 1565 2668 daretur
1601 2625 1765 2678 legatis
1802 2624 1924 2677 regis

161 2695 353 2738 Francie
376 2697 619 2740 audiencia
642 2697 687 2739 in
710 2697 904 2740 concilio
925 2697 1119 2738 sedente
1141 2709 1227 2750 per
1250 2700 1428 2739 sextam
1450 2699 1628 2749 partem
1652 2695 1789 2737 unius
1810 2696 1923 2736 hore

160 2768 205 2808 et
224 2766 491 2810 sufficiebat
512 2769 599 2820 eis;
623 2768 799 2810 faceret
820 2771 981 2821 postea
1001 2768 1261 2819 concilium,
1282 2767 1405 2820 quod
1426 2767 1514 2809 sibi
1535 2767 1753 2819 placeret.
1786 2765 1924 2807 Satis-

161 2847 250 2889 que
274 2837 534 2880 mirandum
560 2842 674 2890 erat,
699 2838 822 2891 quod
847 2838 892 2879 in
919 2837 1113 2879 concilio
1138 2850 1300 2880 omnes
1324 2840 1369 2879 et
1395 2837 1579 2890 singuli,
1605 2839 1825 2889 quotquot
1850 2848 1924 2877 vo-

163 2906 361 2961 luerunt,
402 2909 665 2951 habuerunt
706 2910 894 2962 plenam
938 2908 1243 2960 audienciam,
1286 2907 1431 2950 eciam
1474 2907 1532 2949 ad
1575 2905 1922 2960 protestandum

161 2980 318 3020 contra
339 2979 582 3021 concilium
605 2982 651 3021 et
674 2979 854 3033 agenda
878 2980 925 3020 in
948 2991 1018 3031 eo,
1040 2981 1088 3020 ut
1112 2979 1487 3031 Portugalenses,
1511 2977 1568 3019 de
1591 2977 1759 3030 quibus
1783 2988 1922 3029 supra

263 3081 294 3115 a)
315 3081 340 3109 C'
357 3082 624 3116 procui-aciones.
