2102 3444
242 130 327 173 316
776 128 803 162 1.
831 127 1040 162 Abschnitt.
1079 127 1479 171 Konzilstagebiicher.

244 260 407 289 norum
428 247 755 301 gubernatrice
779 259 828 288 ac
851 259 944 290 rev.
968 259 1010 299 p.
1032 245 1074 288 S.
1099 245 1448 299 archiepiscopo
1470 246 1726 289 Tholetano
1748 246 2012 300 nostrisque

244 319 349 361 aliis
386 318 600 371 pluribus
638 317 896 359 astantibus
934 316 1214 359 consiliariis
1252 317 1492 370 eleganter
1530 317 1587 359 ad
1626 318 1810 359 modum
1848 330 2014 371 propo-

244 391 408 431 nentes
443 389 563 430 inter
596 389 687 430 alia
722 387 998 440 requisiere,
1030 387 1180 440 primo
1214 387 1336 440 quod
1369 391 1519 430 certas
1552 401 1577 430 a
1611 388 1741 429 vobis
1775 390 2014 430 emanatas

244 460 589 501 convocatorias
631 459 790 501 literas
830 458 1092 500 executioni
1135 458 1291 500 debite
1331 462 1607 512 nostrosque
1649 459 1884 501 solemnes
1923 471 2015 501 am-

246 530 528 571 bassiatores
557 531 607 571 ac
636 529 843 582 prelatos
871 533 916 571 et
945 530 1062 572 alios
1089 529 1390 582 generalibus
1419 529 1624 571 conciliis
1655 530 1884 571 interesse
1913 542 2015 571 con-

245 604 400 642 suetos
425 600 482 642 ad
508 614 588 642 vos
612 604 656 641 et
681 600 910 642 civstatem
939 599 1340 642 Constantiensem
1366 613 1451 653 pro
1476 600 1779 653 adimplendo
1802 603 2015 642 contenta

245 672 290 712 in
327 672 542 724 capitulis
580 671 751 712 dudum
789 671 1004 713 Narbone
1043 683 1184 724 super
1219 684 1333 724 pace
1371 675 1415 713 et
1450 672 1622 713 unione
1661 671 1857 713 ecclesie
1894 671 2015 713 inter

243 745 447 784 nostram
474 745 518 783 et
542 745 743 784 vestram
771 741 1064 785 obedientias
1092 742 1216 784 initis
1241 745 1286 784 et
1309 742 1509 784 firmatis
1535 743 1718 784 mittere
1742 745 1788 784 et
1812 742 2015 784 subtrac-

243 814 414 854 tionem
441 812 613 854 dudum
638 825 724 866 per
747 825 833 855 nos
859 813 905 854 Β.
932 812 1099 855 factam
1125 813 1365 866 publicare
1391 816 1435 854 et
1460 812 1722 854 executioni
1748 812 1904 856 debite
1928 825 2014 866 pro

242 884 363 925 bono
392 883 518 936 pacis
547 886 593 925 et
619 883 806 926 unionis
835 883 1149 937 predictarum
1178 884 1416 935 mandare,
1447 883 1663 936 quodque
1693 883 1749 925 de
1780 884 1883 937 ipsa
1911 883 2015 926 sub-

242 955 465 996 tractione
498 955 739 1008 ipsiusque
773 955 1088 1007 publicatione
1119 968 1205 996 nec
1237 967 1330 997 non
1363 955 1669 1008 capitulorum
1702 953 2016 1007 predictorum

243 1038 327 1078 per
354 1039 438 1068 nos
467 1026 606 1068 etiam
634 1026 755 1068 facta
783 1026 1137 1067 confirmatione
1166 1026 1351 1079 publica
1380 1026 1654 1068 documenta
1682 1025 1796 1078 ipsis
1824 1026 2016 1068 oratori-

244 1097 328 1139 bus
357 1110 443 1150 pro
474 1096 594 1139 dicto
626 1097 930 1139 serenissimo
961 1096 1243 1150 imperatore
1274 1100 1320 1139 et
1350 1096 1481 1139 vobis
1512 1096 1770 1138 concedere
1800 1099 1846 1138 et
1876 1109 2016 1150 expe-

244 1168 331 1209 diri
356 1168 579 1210 mandare
605 1168 847 1210 vellemus.
884 1168 974 1210 Nos
999 1168 1153 1221 itaque
1177 1168 1542 1221 propositionem
1565 1167 1832 1210 huiusmodi
1855 1170 1901 1209 et
1924 1167 2016 1210 alia

241 1242 416 1291 cuncta,
449 1251 539 1292 que
571 1239 679 1280 dicti
710 1241 919 1281 oratores
953 1239 1107 1280 dicere
1141 1242 1374 1291 curarunt,
1406 1240 1523 1292 grati
1557 1238 1697 1281 animi
1730 1242 1776 1280 et
1804 1251 1918 1280 aure
1950 1238 2016 1280 in-

242 1313 367 1352 tenta
400 1309 697 1363 percepimus
732 1313 776 1352 et
810 1310 1072 1352 audivimus
1107 1312 1298 1361 attente;
1335 1313 1536 1352 attamen
1569 1313 1762 1363 propter
1795 1312 2016 1363 urg-entes

243 1381 637 1433 quamplurimum
668 1384 712 1423 et
742 1381 913 1424 arduas
943 1394 1036 1423 non
1066 1381 1362 1422 mediocriter
1391 1381 1731 1434 occupationes,
1761 1393 1850 1434 que
1881 1370 2016 1422 nobis

245 1456 335 1494 tam
372 1465 430 1494 ex
469 1452 638 1495 acerbo
674 1455 720 1494 et
755 1452 909 1494 flebili
948 1452 1108 1494 mortis
1145 1465 1253 1494 casu
1291 1451 1445 1493 inclite
1483 1451 1707 1494 memorie
1745 1451 1871 1505 regis
1905 1451 2018 1493 Ara-

243 1536 427 1575 gonum,
460 1523 613 1576 patrui
643 1523 791 1566 nostri
824 1523 1130 1566 amantissimi
1164 1536 1214 1565 ac
1246 1523 1425 1575 tutoris,
1459 1535 1597 1576 quam
1630 1522 1747 1565 alias
1778 1533 2018 1569 emersere

246 1594 303 1637 de
338 1607 459 1636 novo
493 1607 563 1647 ea,
600 1607 689 1648 que
726 1594 845 1637 circa
881 1594 1147 1636 huiusmodi
1182 1594 1498 1636 ecclesiastica
1531 1593 1716 1647 negotia
1751 1606 1879 1635 more
1914 1606 2018 1647 pro-

245 1666 505 1718 genitorum
528 1669 792 1708 nostrorum
814 1669 1050 1719 gestamus
1071 1666 1118 1707 in
1140 1668 1309 1719 mente,
1330 1668 1380 1707 ut
1401 1665 1447 1706 in
1469 1668 1618 1707 actum
1638 1664 2018 1718 produceremus‚

247 1737 470 1780 hactenus
492 1737 780 1790 oportunitas
801 1750 894 1779 non
916 1736 1084 1779 arrisit.
1117 1736 1370 1789 Speramus
1391 1740 1547 1778 tamen
1567 1735 1613 1777 in
1634 1736 1738 1778 eius
1757 1736 2018 1787 clementia,

248 1809 324 1860 qui
364 1808 503 1850 corda
543 1812 586 1850 et
628 1812 754 1850 actus
795 1808 950 1861 dirigit
991 1821 1166 1861 regum,
1207 1808 1330 1860 quod
1369 1820 1439 1860 ea,
1479 1820 1568 1860 que
1608 1806 1932 1849 vehementius
1972 1807 2018 1848 in

249 1879 420 1921 nostris
456 1883 622 1932 urgent
650 1878 816 1932 ‘regnis
854 1880 1082 1921 succincto
1119 1883 1164 1921 et
1201 1878 1382 1920 decenti
1416 1879 1788 1932 perstringemus
1824 1877 2020 1920 remedi·

249 1962 379 1991 orum
414 1950 701 2003 compendio.
747 1950 844 2001 Quo
876 1950 998 1992 facto
1030 1951 1243 2003 protinus
1276 1952 1430 1992 mente
1463 1952 1556 1992 tota
1589 1952 1634 1991 et
1666 1951 1832 1992 conatu
1863 1961 2021 1991 neces-

250 2022 374 2063 sario
409 2021 466 2063 ad
500 2021 846 2074 expeditionem
882 2021 1226 2074 propositorum
1261 2034 1346 2074 per
1382 2020 1526 2063 dictos
1561 2019 1806 2063 sinceriter
1838 2023 1884 2062 et
1919 2021 2045 2071 siner

250 2105 378 2134 mora
406 2091 715 2146 intendemus,
744 2092 807 2134 sic
834 2092 957 2145 quod
985 2092 1140 2134 divina
1167 2092 1355 2134 favente
1380 2092 1518 2134 nobis
1543 2091 1690 2145 gratia
1716 2091 1895 2134 eisdem
1923 2104 2022 2134 ora-

250 2162 427 2205 toribus
458 2175 599 2216 super
630 2163 804 2205 cunctis
836 2164 1074 2216 requisitis
1105 2164 1276 2205 bonum
1306 2166 1351 2205 et
1381 2163 1524 2204 breve
1555 2162 1724 2205 vestris
1753 2175 1839 2216 per
1868 2163 2021 2204 omnia

253 2234 566 2277 voluntatibus
606 2234 843 2276 conforme
885 2234 1097 2276 dabimus
1138 2247 1429 2287 responsum,
1469 2237 1514 2276 et
1552 2234 1659 2286 tale,
1698 2233 1820 2287 quod
1859 2233 2022 2275 merito

251 2305 507 2347 contentari
541 2304 787 2347 debebitis.
832 2305 885 2347 Et
918 2305 980 2348 sic
1012 2305 1245 2358 expeditis
1277 2305 1478 2347 feliciter
1510 2305 1629 2347 circa
1659 2304 1830 2347 festum
1861 2303 2023 2347 nativi-

252 2377 357 2419 tatis
383 2376 505 2418 beati
534 2376 761 2418 Johannis
790 2376 995 2429 Baptiste
1022 2376 1233 2429 proxime
1263 2376 1476 2418 instantis
1504 2375 1791 2418 remittemus
1818 2375 2021 2418 eosdem.

255 2447 426 2488 Verum
464 2446 584 2499 quia,
620 2450 672 2497 ut
706 2447 1038 2499 intelleximus,
1074 2447 1314 2499 terminus,
1354 2448 1399 2488 in
1436 2459 1526 2499 quo
1561 2449 1721 2489 nostra
1756 2446 2022 2488 obedientia

254 2518 520 2560 Constantie
559 2518 684 2560 iuxta
718 2518 919 2570 capitula
955 2517 1162 2571 predicta
1200 2531 1248 2560 se
1285 2520 1615 2570 representare
1652 2520 1850 2570 tenetur,
1891 2517 2022 2559 mlta

253 2588 468 2630 instantis
491 2589 664 2631 mensis
686 2589 796 2630 Julii
822 2589 896 2630 die
920 2589 1131 2642 precisus
1152 2592 1197 2630 et
1220 2589 1564 2642 peremptorius
1586 2589 1814 2631 terminus
1837 2587 2022 2641 pendet,

254 2660 311 2700 ob
343 2659 389 2700 id
421 2672 543 2711 casu,
576 2672 666 2712 quo
698 2659 1055 2712 ambassatores,
1088 2661 1254 2712 prelati
1289 2663 1333 2701 et
1365 2659 1441 2702 alii
1474 2660 1619 2701 nostri
1654 2659 1824 2702 subditi
1858 2660 1904 2701 in
1938 2659 2024 2702 isto

255 2730 465 2783 termino,
492 2734 539 2772 ut
563 2731 884 2773 verisimiliter
910 2730 1205 2782 arbitramur,
1231 2743 1322 2772 non
1350 2731 1583 2783 adessent,
1608 2731 1847 2772 hortamur
1872 2743 1953 2772 vos
1978 2729 2023 2770 in

257 2801 398 2844 verbo
426 2801 634 2844 veritatis
663 2805 707 2843 et
733 2801 779 2842 in
811 2802 1000 2843 caritate
1030 2814 1122 2844 non
1153 2801 1275 2853 ficta,
1306 2806 1352 2844 ut
1381 2801 1506 2854 ipsos
1537 2801 1894 2854 ambassatores,
1921 2812 2024 2854 pre-

258 2872 374 2914 latos
398 2876 443 2914 et
468 2872 584 2915 alios
608 2885 756 2925 usque
783 2873 840 2914 ad
868 2906 875 2913 .
912 2907 919 2913 .
956 2906 964 2914 .
990 2873 1063 2913 vel
1091 2907 1098 2914 .
1135 2907 1142 2914 .
1179 2906 1186 2914 .
1215 2872 1356 2925 dies¹)
1384 2872 1647 2914 huiusmodi
1673 2872 1921 2914 terminum
1947 2883 2025 2913 ex-

258 2946 441 2994 pectare
475 2943 645 2995 velitis,
680 2944 898 2996 quoniam
932 2944 976 2984 in
1010 2944 1153 2985 verbo
1185 2944 1461 2996 pollicemur
1494 2944 1632 2996 regis,
1665 2942 1787 2995 quod
1821 2943 1929 2985 illuc
1960 2942 2025 2983 in-

376 3038 405 3077 ¹)
432 3036 631 3071 Zu-ischen
658 3038 732 3071 (len
757 3037 840 3071 drei
871 3037 1018 3071 Worten
1047 3037 1084 3070 in
1112 3037 1150 3077 B,
1177 3037 1204 3070 C
1230 3036 1383 3070 Liicken
1408 3046 1491 3070 zum
1520 3037 1721 3071 Einsetzen
1745 3037 1814 3071 des
1841 3034 2023 3070 Termins.
