2102 3444
300 133 384 177 168
833 132 859 166 Ι.
884 131 1095 167 Abschnitt.
1133 130 1535 176 Konzilstagebiicher.

299 250 608 293 iuramentum
636 251 683 292 in
710 250 861 293 forma
887 250 1114 304 ordinata,
1141 262 1230 304 que
1257 253 1327 293 est
1353 250 1400 292 in
1427 251 1769 303 infeudacione,
1796 254 1842 293 et
1866 250 1976 294 fecit
2001 250 2067 294 di-

298 321 433 364 visim
464 334 551 375 pro
585 321 794 375 quolibet
828 333 972 374 regno
1007 325 1051 363 et
1085 321 1172 364 fuit
1207 321 1389 363 divisim
1426 322 1721 364 Investitutus
1756 324 1801 363 et
1836 321 2066 365 admissus

299 395 570 446 procurator
593 392 652 435 ad
674 393 939 445 homagium
962 405 1047 445 pro
1070 392 1150 434 illa
1174 393 1324 445 prima
1347 392 1446 434 vice
1470 392 1526 434 de
1549 392 1703 446 gracia
1727 391 1935 445 speciali,
1958 390 2066 446 quia

299 476 383 505 rex
408 463 610 506 debebat
634 463 715 505 illa
741 463 839 505 vice
864 463 1022 505 facere
1048 463 1094 504 in
1120 475 1336 516 persona.
1831 457 1833 459 ’

415 533 500 575 Die
521 534 739 575 mercurii
762 537 864 587 post
883 533 1061 587 ,Judica
1081 534 1168 575 me‘
1189 533 1310 575 XVI.
1336 533 1485 576 Martii
1506 534 1547 575 d.
1570 532 1755 575 Martini
1775 545 1896 587 pape
1917 533 2064 586 quinti

298 617 420 647 anno
441 605 593 658 primo
617 608 660 647 et
685 604 866 646 concilii
890 607 1055 658 quarto
1078 604 1120 646 d.
1144 617 1266 658 papa
1290 604 1337 646 in
1361 604 1634 647 consistorio
1658 606 1839 647 secreto
1861 603 2066 646 decrevit

296 675 474 729 legatos
501 675 560 718 ad
585 688 779 728 regnum
807 675 1002 718 Francie
1029 675 1071 717 d.
1098 674 1354 718 Jordanum
1381 675 1651 729 episcopum
1676 674 1995 717 Albanensem
2021 677 2067 717 et

297 746 581 788 Guilelmum
618 747 738 788 tituli
777 747 921 789 sancti
962 746 1099 788 Marci
1138 745 1400 788 cardinales
1438 749 1484 789 et
1520 745 1578 788 ad
1616 758 1752 799 reges
1789 744 1984 807 Francie
2021 747 2067 787 et

296 817 479 870 Anglie,
503 829 587 858 rex
612 816 736 858 enim
761 816 929 870 Anglie
954 830 1054 859 cum
1080 816 1287 859 exercitu
1313 820 1413 859 erat
1440 818 1487 858 in
1512 815 1707 859 Francia
1731 818 1777 858 et
1801 816 2066 859 obtinuerat

294 900 415 940 pene
443 882 584 929 totam
610 887 920 941 Normaniam,
949 888 1007 930 ad
1034 887 1320 930 tractandam
1347 900 1508 941 pacem
1538 888 1659 929 inter
1685 898 1845 940 regem
1872 889 1919 929 et
1944 886 2066 929 inter

294 958 532 1012 principes
553 958 763 1011 Francie‚
786 959 864 1011 qui
886 959 1139 1012 plurimum
1164 959 1284 1001 inter
1307 971 1357 1000 se
1381 958 1709 1001 discordabant
1730 970 1818 1012 pro
1838 957 2064 1012 regimine

295 1030 442 1082 regni,
479 1041 590 1082 rege
630 1029 832 1083 infirmo,
872 1029 987 1071 duce
1026 1029 1294 1083 Burgundie
1333 1042 1418 1083 pro
1455 1042 1548 1071 una
1587 1031 1734 1083 parte,
1774 1029 1943 1071 ceteris
1979 1041 2065 1083 pro

295 1099 400 1154 alia,
432 1099 516 1142 sed
546 1100 682 1154 pauci
713 1103 860 1142 erant.
906 1100 1073 1142 Mortui
1106 1100 1230 1142 enlm
1263 1103 1339 1143 aut
1371 1101 1490 1154 capti
1523 1100 1712 1142 fuerant
1742 1099 1790 1142 in
1821 1099 1949 1142 bello
1978 1111 2066 1154 per

251 1159 253 1161 ¹
294 1183 452 1224 regem
484 1171 654 1224 Anglie
688 1171 779 1213 iam
813 1171 946 1224 lapso
980 1171 1184 1213 blennio.

413 1241 497 1284 Die
532 1241 642 1283 lune
678 1245 782 1294 post
818 1254 972 1284 ramos
1007 1242 1267 1295 palmarum
1303 1242 1425 1284 XXI.
1466 1242 1623 1284 Marcii
1659 1254 1781 1284 anno
1815 1241 2065 1284 millesimo

289 1311 752 1366 quadrIngentesimo
771 1312 949 1354 XVIII⁰
969 1315 1015 1355 et
1033 1312 1074 1355 d.
1098 1312 1281 1355 Martini
1301 1313 1354 1355 V.
1376 1325 1498 1355 anno
1515 1312 1666 1366 primo
1687 1311 1807 1354 sedit
1821 1311 2064 1355 concilium

293 1396 393 1425 cum
422 1383 702 1426 solennitate
728 1396 831 1425 cum
859 1384 1002 1426 missa
1029 1387 1074 1426 et
1100 1385 1270 1426 ceteris
1299 1383 1553 1437 suffragiis.
1593 1383 1744 1437 Super
1773 1383 1967 1426 materia
1995 1395 2065 1425 re-

292 1454 592 1497 formacionis
623 1455 740 1496 lecte
774 1457 880 1496 sunt
910 1454 1125 1507 capitula,
1157 1467 1245 1508 que
1278 1458 1552 1507 sequuntur:

410 1525 478 1567 De
512 1525 889 1578 exemptionibus
924 1559 931 1567 .
968 1559 976 1567 .
1012 1559 1020 1567 .
1053 1525 1122 1567 De
1154 1526 1248 1568 vita
1279 1529 1324 1568 et
1355 1526 1598 1568 honestate
1632 1524 1961 1580 clericorum.¹)

409 1596 671 1649 Responsio
691 1596 813 1639 facta
833 1609 918 1650 per
940 1596 982 1638 d.
1002 1596 1455 1638 vicecancellarium:
1490 1597 1559 1638 De
1580 1595 1798 1639 mandato
1816 1596 2064 1639 nacionum

293 1700 301 1708 .
337 1700 345 1708 .
381 1701 390 1709 .
422 1666 731 1720 preiudicium
763 1666 1022 1721 afferant.²)

408 1737 514 1780 Alia
543 1750 656 1780 vero
685 1739 821 1792 plura
854 1751 996 1792 super
1027 1738 1350 1792 assumpcione
1383 1738 1691 1780 cardinalium
1723 1772 1732 1780 .
1767 1772 1776 1780 .
1811 1771 1820 1781 .
1851 1741 1898 1780 et
1927 1737 2064 1780 colla-

292 1808 422 1851 cione
448 1809 803 1862 beneficiorum,
832 1810 869 1852 si
896 1822 981 1863 per
1007 1823 1122 1863 quos
1147 1809 1279 1863 fiant,
1306 1813 1351 1852 et
1377 1810 1469 1852 alia
1493 1810 1645 1863 plura,
1671 1822 1761 1863 que
1785 1808 2064 1863 temporalia

292 1883 411 1933 sunt,
444 1879 595 1933 posita
629 1883 734 1922 sunt
768 1880 815 1921 In
848 1880 1128 1922 cancellaria
1162 1884 1207 1923 et
1239 1880 1476 1934 proposita
1511 1893 1571 1922 ex
1603 1883 1736 1934 parte
1768 1892 1905 1934 pape,
1940 1878 2063 1934 quod

291 1950 459 1992 dentur
489 1950 695 2004 deputati
725 1963 810 2004 per
839 1951 1059 1994 naciones
1088 1964 1189 1993 cum
1220 1951 1452 2004 deputatis
1481 1964 1603 2005 pape
1633 1951 1692 1994 ad
1720 1950 2063 2005 perficiendum

291 2022 481 2065 residua
507 2021 863 2064 reformacionis
891 2026 934 2064 et
961 2022 1019 2064 ad
1046 2022 1276 2075 agendum
1303 2022 1361 2064 de
1388 2024 1488 2065 loco
1514 2022 1660 2064 futuri
1686 2021 1881 2065 concilii.
1919 2021 1975 2064 Et
1999 2021 2063 2064 ita

291 2096 362 2135 est
391 2092 683 2147 recessum.³)

407 2163 743 2206 Ordinaciones
774 2164 983 2217 predicte
1015 2164 1071 2205 de
1104 2163 1449 2217 provisionibus
1481 2164 1726 2206 ecclesiam
1758 2166 1803 2206 et
1834 2165 2063 2206 monaste-

291 2233 466 2276 riorum
491 2237 628 2287 atque
655 2234 986 2277 collacionibus
1012 2234 1351 2276 beneficiorum
1378 2234 1643 2276 scribuntur
1668 2233 1793 2277 infra
1816 2233 1933 2277 folio
1955 2233 2061 2277 VII.

409 2305 494 2348 Die
531 2305 713 2348 sabbati
751 2306 809 2347 II.
846 2305 1025 2358 Aprilis
1061 2305 1102 2348 d.
1140 2305 1375 2348 Jordanus
1412 2306 1659 2359 episcopus
1694 2304 1981 2348 Albanensis
2014 2307 2062 2348 et

291 2376 572 2419 Guillelmus
605 2377 749 2419 sancti
786 2376 923 2418 Marci
953 2376 1202 2430 presbyter
1234 2376 1485 2419 cardinalis
1518 2379 1563 2419 et
1593 2376 1733 2430 legati
1764 2378 2061 2420 recesserunt

292 2446 349 2489 ad
381 2446 624 2490 Franciam
657 2459 742 2500 pro
773 2459 887 2501 pace
921 2447 1049 2489 illius
1082 2447 1228 2500 regni.

409 2517 494 2560 Die
522 2517 681 2560 martis
709 2517 886 2560 decima
914 2530 1037 2560 nona
1064 2517 1239 2560 mensis
1265 2517 1442 2571 Aprilis
1471 2551 1479 2559 .
1516 2552 1523 2559 .
1559 2552 1568 2560 .

408 2635 441 2678 1)
472 2635 592 2669 Hardt
621 2635 687 2677 IV,
717 2635 919 2677 1535—40,·
950 2634 1077 2668 Mansz'
1105 2633 1265 2677 XXVII,
1294 2635 1384 2670 1180
1412 2644 1448 2669 u.
1479 2634 1579 2669 1176.

409 2693 442 2736 ²)
466 2694 588 2728 Harclt
612 2693 679 2735 IV⁷
706 2693 814 2736 1540‚·
840 2693 967 2728 Mansz·
991 2692 1150 2735 XXVII,
1176 2693 1276 2728 1176.

409 2752 441 2795 3)
470 2752 575 2786 Nach
604 2761 796 2786 recessum
824 2751 919 2795 1⁹0th
950 2752 994 2786 B:
1026 2751 1158 2786 Sermo
1188 2750 1355 2786 Gersons
1384 2760 1470 2786 vom
1501 2752 1554 2786 16.
1581 2751 1662 2786 Juli
1690 2751 1799 2787 1415:
1828 2751 2060 2795 Prosperum

291 2810 363 2845 iter
412 2836 419 2843 .
447 2836 454 2843 .
479 2811 599 2845 datm:
625 2810 811 2845 Secuntur
836 2810 1037 2845 duodecim
1063 2809 1395 2844 consideraciones
1423 2809 1590 2844 Gersons
1615 2819 1704 2845 vom
1727 2811 1759 2846 8.
1784 2809 1933 2854 Auqust
1957 2809 2059 2845 1415.

291 2868 403 2903 Dann
424 2868 585 2912 Anyabe
610 2869 704 2903 {Iber
725 2869 788 2904 die
811 2869 894 2904 Zeit
917 2870 987 2903 cler
1007 2868 1203 2913 fib-schrift
1228 2869 1319 2913 (vyl.
1343 2868 1592 2914 Einlez'lunq).
1628 2868 1675 2904 In
1697 2868 1726 2904 Ο
1748 2868 1843 2904 nach
1865 2877 2058 2904 recessum

290 2936 352 2960 am
377 2926 527 2961 Raude:
557 2927 626 2961 Hic
652 2927 837 2962 deficiunt
866 2928 1031 2971 quedam
1060 2927 1194 2961 ultima
1220 2928 1373 2962 decreta
1400 2930 1437 2961 et
1464 2927 1650 2962 disolucio
1676 2927 1828 2962 concilii
1854 2929 1892 2962 et
1917 2924 2058 2962 eleccio

289 2984 362 3018 loci
385 2984 517 3027 futuri,
543 2985 723 3028 quoniam
748 2985 909 3028 scriptor
932 2985 1090 3020 recessit
1114 2985 1263 3029 legatus
1287 2986 1336 3020 ad
1362 2984 1573 3020 Franciam.
1609 2985 1689 3020 Das
1713 2984 1833 3030 Obiye
1856 2985 1898 3020 in
1919 2983 1956 3020 D
1979 2981 2058 3018 und

290 3042 331 3077 in
358 3042 434 3078 den
464 3042 604 3078 beiden
630 3043 862 3088 spanischen
887 3042 1199 3087 Handschriften.
