2227 3434
551 163 589 198 B.
628 164 705 200 Der
728 163 827 200 liber
849 166 1041 209 gestorum
1067 164 1135 198 des
1160 162 1401 199 Cerretanus.
1777 165 1855 207 191

94 295 265 336 sponsa
297 283 519 336 dilecta.³)
569 282 684 323 Dum
717 282 917 335 suspicio
949 285 1007 334 te,
1040 285 1260 335 quantum
1294 281 1350 323 de
1384 284 1522 333 terra,
1555 282 1631 323 ubi
1665 285 1763 323 orta
1795 294 1860 331 es,

95 354 185 396 iam
219 365 361 407 super
394 352 507 396 deos
539 352 685 396 fortes
720 354 938 406 superius
971 353 1183 406 erigaris,
1218 352 1359 394 miror
1393 352 1657 406 plurimum.
1703 352 1860 404 Neque

93 436 282 477 possum
317 436 367 466 ac
402 423 572 466 deficio
605 423 775 466 intueri
810 423 1135 465 celsitudinem
1170 426 1308 476 tuam,
1342 423 1682 464 maternitatem
1718 426 1859 472 tuam;

93 495 175 538 tali
195 495 404 548 symbolo
424 495 638 548 analogie
659 507 759 536 cum
783 495 867 536 Dei
886 494 1136 547 sapiencia,
1157 507 1258 536 cum
1280 506 1451 547 sponsa
1473 493 1643 536 Christi
1665 494 1861 535 ecclesia

95 568 252 608 sancta
275 565 451 619 pariter
475 565 705 618 collocari,
730 568 778 607 ut
804 565 926 607 idem
952 564 1086 607 stilus
1111 568 1156 607 et
1181 564 1294 607 ordo
1321 564 1568 606 verborum
1596 564 1861 617 magnificet

95 636 393 690 sapienciam,
415 635 589 678 efferat
613 648 831 689 sponsam
855 638 899 677 et
922 639 966 678 te
990 638 1184 677 matrem
1207 635 1351 677 titulis
1375 634 1860 677 honorificentissimis

96 706 363 760 amplificet,
403 709 559 760 utpote
599 719 683 760 per
722 706 905 748 modum
946 707 1101 749 istum:
1156 707 1264 760 Ego,
1304 708 1451 748 mater
1488 707 1648 759 pulcre
1689 705 1862 747 dilecti-

95 778 258 832 onivs;¹)
297 789 383 831 ego
419 778 551 831 quasi
589 777 694 819 vitis
732 776 1070 832 fructificavi;²)
1112 789 1197 830 ego
1234 777 1280 818 in
1318 776 1556 819 altissimis
1593 776 1858 828 habitavi;³)

95 849 142 890 in
167 848 382 891 omnibus
408 849 620 901 requiem
647 847 887 902 quesivi;⁴)
917 847 1111 890 transite
1137 847 1196 890 ad
1221 859 1294 889 me
1320 859 1496 900 omnes,
1524 847 1601 900 qui
1626 847 1863 899 concupis-

94 919 196 962 citis
230 920 343 973 me³¹)
381 932 431 962 ac
465 919 729 961 huiusmodi
765 931 858 960 non
892 922 983 961 tam
1019 918 1245 971 sapientis
1277 917 1551 970 Salomonis,
1587 930 1723 970 quam
1758 918 1863 959 bea-

92 989 257 1032 tissimi
287 991 551 1044 pneumatis
582 990 769 1043 eloquia
800 990 1014 1043 preclara
1042 992 1089 1031 et
1120 988 1256 1031 valde
1289 990 1445 1031 multa.
1478 989 1573 1041 Eya
1604 989 1747 1042 virgo,
1778 1000 1862 1041 per

93 1071 211 1113 eam,
239 1073 377 1114 quam
404 1062 592 1103 oraculo
621 1061 766 1102 sancti
795 1060 985 1113 spiritus
1013 1073 1114 1102 cum
1144 1060 1380 1112 sapiencia
1409 1063 1452 1101 et
1481 1059 1677 1101 ecclesia
1707 1062 1862 1101 sancta

95 1131 479 1185 equipollentiam
522 1131 768 1184 suscepisti
810 1131 856 1172 in
896 1131 1000 1183 hiis,
1042 1143 1132 1184 que
1175 1130 1380 1173 dicturus
1421 1131 1585 1183 existo,
1626 1130 1684 1172 da
1726 1130 1860 1171 michi

95 1201 258 1244 sedum
292 1205 489 1255 tuarum,
525 1202 688 1245 sedum
723 1201 929 1254 istarum,
965 1201 1043 1243 ubi
1077 1204 1141 1244 tot
1175 1201 1429 1244 consistunt
1465 1201 1717 1254 sapientes,
1752 1199 1864 1243 assi—

96 1273 281 1315 stricem
316 1272 606 1327 sapientiam.
653 1272 946 1325 Sapienciam
981 1284 1063 1314 oro
1097 1272 1356 1326 proficuam
1391 1272 1536 1325 magis
1570 1284 1655 1324 pro
1688 1270 1863 1313 effectu

95 1356 230 1396 quam
264 1357 348 1397 pro
379 1356 595 1385 sermone
628 1344 792 1395 faceto,
824 1343 1229 1384 circumvolantem
1265 1344 1308 1384 in
1341 1343 1589 1384 verborum
1622 1343 1759 1394 cultu,
1792 1343 1861 1383 cui

95 1427 188 1456 non
218 1414 398 1468 possint
428 1414 745 1457 contradicere
778 1414 1038 1457 adversarii
1069 1415 1159 1456 mei
1192 1413 1453 1467 quicunque
1487 1425 1643 1455 morsu
1674 1424 1865 1466 serpen-

97 1486 193 1528 tino
234 1487 346 1528 casti
391 1486 547 1539 eloqui
593 1485 720 1527 lividi
765 1498 1045 1527 corrosores.
1102 1485 1331 1527 Solacium
1375 1488 1533 1537 presta
1577 1496 1747 1537 sponse
1792 1484 1864 1524 hic

97 1556 325 1610 militanti,
356 1559 405 1599 tu
435 1559 583 1599 mater
614 1556 902 1609 honoranda,
936 1568 1024 1609 que
1059 1556 1149 1598 iam
1183 1555 1399 1609 superius
1431 1554 1711 1608 principaris
1744 1557 1789 1596 et
1820 1557 1864 1596 te

99 1628 334 1681 supplices
372 1626 608 1670 Gabrielis
646 1627 790 1670 verbo
827 1627 891 1670 sic
929 1627 1211 1680 alloquimur
1249 1627 1295 1668 in
1332 1626 1418 1669 hac
1453 1629 1532 1668 tua
1569 1625 1764 1668 basilica
1801 1624 1865 1666 di-

96 1702 271 1741 centes:
297 1699 394 1740 Ave
423 1699 565 1740 Maria
589 1702 670 1742 etc.
708 1698 805 1739 Non
827 1702 897 1740 est
921 1711 1036 1751 opus
1060 1698 1156 1739 ullo
1180 1697 1378 1739 artificio
1403 1696 1864 1738 subdividendorum.

98 1768 333 1813 Thematis
363 1769 512 1813 series
541 1781 592 1812 ac
621 1769 746 1811 illius
775 1768 1091 1811 exuberancia
1121 1769 1436 1810 inventionem
1463 1767 1603 1810 simul
1634 1779 1684 1809 ac
1715 1766 1866 1819 dispo-

99 1838 312 1882 sitionem
345 1840 579 1894 copiosius
613 1842 804 1894 prestat.
850 1839 1014 1893 Sicque
1050 1838 1346 1893 partitionem
1381 1838 1611 1881 sermonis
1647 1838 1865 1891 suggerit,

99 1910 222 1964 quod
243 1911 459 1964 primitus
484 1911 541 1953 de
566 1911 832 1965 principatu
854 1910 1133 1964 populorum
1158 1913 1295 1963 atque
1321 1908 1583 1951 venerabili
1608 1906 1865 1949 eminencia

100 1981 430 2035 ierarcharum,
456 1981 678 2035 deinceps
701 1981 759 2024 de
783 1980 1146 2035 congregacione
1172 1993 1273 2022 cum
1298 1980 1395 2022 Deo
1420 1979 1655 2022 Abraham
1678 1981 1724 2021 et
1748 1978 1867 2020 fruc-

99 2054 231 2096 tuosa
271 2052 439 2095 virtute
482 2052 778 2106 synodorum,
821 2055 1150 2106 postremoque
1193 2051 1249 2093 de
1292 2050 1557 2093 vehementi
1598 2049 1866 2092 elevacione

101 2122 324 2166 dictorum
349 2123 539 2166 fortium
563 2126 688 2166 terre
713 2123 1010 2165 brevioribus
1035 2121 1321 2175 compendiis
1347 2121 1578 2175 agendum
1603 2123 1740 2174 atque
1763 2132 1867 2173 per-

101 2193 419 2248 stringendum
451 2206 674 2248 propono.
721 2227 728 2235 .
765 2228 772 2235 .
809 2231 815 2238 ,
867 2193 916 2235 In
948 2192 1178 2247 principio
1211 2227 1219 2235 .
1256 2227 1263 2234 .
1299 2227 1308 2235 .
1340 2192 1512 2234 creavit
1546 2192 1671 2234 Deus
1703 2191 1866 2242 celum,

102 2264 246 2318 inquit
280 2265 474 2318 Moyses,
504 2265 668 2317 celum,
696 2264 895 2307 celestes
925 2265 1050 2306 viros
1080 2264 1244 2317 dignos
1273 2263 1576 2317 presidentia,
1607 2265 1652 2304 et
1680 2265 1867 2312 terram,

102 2334 244 2377 fidele
274 2335 454 2389 vulgus,
485 2335 873 2389 quemadmodum
902 2334 1091 2377 Abrahe
1122 2333 1271 2388 typice
1303 2333 1556 2387 pollicitum
1587 2335 1674 2376 est:
1724 2331 1868 2373 Multi-

103 2405 285 2459 plicabo
321 2418 482 2449 semen
520 2409 646 2448 tuum
685 2407 800 2448 sicut
838 2406 999 2448 stellas
1036 2405 1139 2457 celi,
1178 2407 1399 2458 quantum
1438 2404 1496 2446 ad
1534 2404 1784 2457 principes,
1824 2405 1867 2443 et

103 2475 217 2519 sicut
245 2488 436 2519 arenam
465 2476 620 2529 maris,
651 2475 804 2530 quoad
832 2476 1099 2530 populares.
1147 2475 1196 2517 In
1227 2475 1358 2518 istius
1387 2475 1544 2528 operis
1574 2473 1867 2516 distinctione

103 2557 372 2600 empyreum
405 2546 538 2601 [est],
564 2547 686 2600 quod
711 2547 841 2589 nulla
867 2549 1015 2589 motus
1041 2546 1295 2599 agitacione
1323 2549 1399 2588 aut
1424 2545 1702 2587 titubacione
1729 2543 1868 2585 volvi-

104 2618 190 2670 tur,
222 2617 301 2661 ubi
334 2617 538 2661 insident
572 2618 731 2671 superi
764 2617 1141 2671 triumphatores.
1188 2616 1283 2659 Hoc
1317 2616 1466 2658 celum
1501 2615 1732 2658 stabiliter
1767 2626 1868 2655 con-

105 2686 250 2730 fixum
281 2700 482 2742 congrue
515 2688 790 2741 intelligitur
821 2690 1113 2731 sacrosancta
1145 2686 1283 2730 sedes
1316 2686 1582 2740 apostolica,
1613 2685 1691 2727 ubi
1723 2684 1868 2738 ponti-

105 2755 185 2799 fex
213 2771 418 2802 summus
449 2771 500 2802 ac
531 2760 577 2800 in
608 2758 689 2802 illo
722 2759 846 2801 Deus
877 2770 996 2801 unus
1025 2756 1232 2800 considet
1264 2791 1272 2799 .
1308 2791 1316 2799 .
1352 2758 1401 2811 2²)
1452 2756 1501 2798 In
1531 2759 1574 2798 te
1606 2754 1867 2809 presertim,

107 2827 373 2872 beatissime
409 2842 544 2883 papa,
581 2830 653 2872 cui
688 2842 777 2871 vox
814 2829 895 2872 illa
932 2829 1141 2872 veritatis
1178 2827 1381 2871 insonuit
1417 2827 1476 2869 ad
1513 2827 1716 2869 Petrum:
1767 2824 1867 2867 Tibi

211 2946 241 2976 a)
261 2950 296 2970 80
317 2945 370 2971 He.

224 3005 255 3046 ι)
279 3004 376 3039 Eccli
395 3005 450 3045 24,
472 3004 526 3038 24.
673 3005 704 3045 ²)
730 3002 837 3037 Eccli.
859 3002 915 3044 24,
935 3002 988 3036 23.
1136 3004 1167 3044 ²³)
1192 3001 1289 3035 Ecclz’
1309 3002 1364 3042 24,
1388 3002 1416 3035 7.
1561 3002 1593 3040 ⁴)
1619 2999 1716 3033 Ecclz'
1737 2999 1792 3037 21,
1820 2999 1867 3032 11.

111 3061 141 3103 ⁵)
179 3061 277 3096 Eccli
314 3062 369 3104 24,
406 3062 461 3097 26.
607 3064 638 3103 ὅ)
679 3060 752 3095 Die
793 3060 1101 3095 hierarchi-§chen
1139 3060 1268 3102 Riinqe
1310 3059 1463 3092 werden
1502 3056 1867 3099 durchyesprochen.
