2102 3444
253 105 337 148 760
689 104 757 138 III.
789 103 999 138 Abschnitt.
1043 102 1197 137 Reform
1228 103 1306 137 und
1339 102 1587 147 Versassung.

252 222 419 264 torium
440 225 648 264 nostrum
670 220 914 264 offertoria
936 223 1110 272 vetera,
1130 220 1332 262 excellat
1351 221 1498 263 eciam
1519 221 1750 264 mundicia
1772 225 1817 264 et
1836 224 2020 268 castitas
2084 223 2088 229 ”

253 296 390 345 atque
413 293 631 334 sanctitas
653 291 978 343 offerencitlm,
1001 291 1062 332 ita
1083 293 1131 332 ut
1152 303 1305 343 neque
1326 290 1533 344 virgines
1556 291 1724 334 ducant
1743 305 1829 335 nec
1849 306 2020 338 uxores

252 362 496 416 legitimas,
534 365 581 404 ut
620 362 808 403 omnino
847 361 1126 403 immaculati
1165 361 1372 404 offerant
1411 361 1644 404 Christum
1682 365 1728 405 et
1767 366 1903 405 orent
1936 376 2021 417 pro

250 434 437 486 populo.
482 431 573 474 Sed
604 433 711 484 heu,
742 432 884 484 proch
914 432 1064 484 dolor,
1097 432 1155 473 ad
1187 434 1360 473 tantam
1394 433 1748 485 perversionem
1780 433 2021 478 devenerit

251 503 447 545 ecclesia
480 503 578 555 Dei,
607 507 656 546 ut
686 501 952 545 sacerdotes
982 502 1082 544 eius
1111 515 1204 544 non
1237 503 1385 545 solum
1414 502 1585 545 ducant
1614 503 1819 557 virgines
1849 517 2021 548 uxores

252 573 481 627 legitimas
506 576 663 615 contra
690 585 846 615 sacros
870 585 1087 625 canones,
1114 576 1184 616 set
1207 573 1352 615 eciam
1373 577 1581 615 scurtum
1604 577 1651 616 et
1674 574 1767 616 vile
1792 575 2020 628 prostibu-

250 645 344 685 lum
372 647 507 697 atque
536 644 806 697 repudiatas
832 656 857 685 a
884 643 1062 686 maritis
1089 644 1186 685 suis
1215 644 1546 686 indifferenter
1571 645 1742 687 ducant
1766 645 2020 700 illegitime,

250 717 298 757 ut
319 715 569 768 suppleant
590 714 833 756 libidinem
855 727 999 767 suam,
1022 714 1151 756 sicud
1174 715 1343 767 quibus
1364 727 1458 756 non
1478 719 1551 758 est
1573 716 1850 759 intellectu-s.
1883 716 2021 760 Vide-

249 798 350 827 mus
381 788 535 827 tamen
566 789 613 828 et
643 785 815 827 scimus
847 785 1015 828 multas
1048 786 1223 828 bestias
1253 788 1379 827 terr-e
1413 786 1588 839 brutas,
1620 786 1771 840 pisces
1804 787 1945 830 maris
1977 791 2021 830 et

251 868 359 897 aves
381 856 483 909 celi,
507 868 643 908 quem
667 856 725 898 ad
744 856 933 898 modum
955 859 1121 909 turtur,
1143 856 1356 898 elicomia
1377 860 1424 898 et
1444 856 1646 899 hirundo
1667 860 1750 899 etc.
1774 870 1833 899 ex
1855 859 2020 901 natura

249 926 470 969 castitatis
509 926 677 969 virtute
720 927 1010 970 continentes
1052 927 1127 968 vel
1164 927 1334 969 saltem
1374 927 1638 981 coniugium
1680 931 1936 983 servantes,
1976 932 2021 972 et

247 1000 425 1050 gentes,
447 1010 536 1050 que
558 997 709 1051 legem
730 1010 823 1040 non
843 998 1032 1052 habent,
1051 998 1329 1040 naturaliter
1348 1010 1420 1051 ea,
1441 1011 1530 1051 que
1552 999 1670 1052 legis
1692 1001 1810 1052 sunt,
1832 998 2019 1042 faciunt.

247 1067 364 1119 Quid
388 1071 458 1110 est
482 1081 607 1121 ergo,
633 1068 755 1121 quod
782 1068 1048 1111 sacerdotes
1070 1068 1218 1111 sancti
1244 1072 1288 1111 et
1313 1069 1536 1122 religiosi,
1561 1069 1638 1122 qui
1665 1069 1893 1112 deberent
1914 1082 2019 1113 esse

247 1138 444 1192 perfecti
468 1139 721 1192 christiani,
740 1139 845 1181 sine
868 1140 970 1192 lege
992 1140 1151 1182 Vivant
1171 1142 1217 1182 et
1239 1142 1397 1182 contra
1420 1139 1572 1193 legem
1594 1143 1760 1182 nature
1784 1140 1954 1194 scripte
1975 1143 2020 1183 et

245 1210 415 1262 gracie.
461 1210 516 1251 Et
546 1209 765 1262 vquoniam
799 1210 1059 1263 gloriantur
1091 1210 1138 1251 in
1172 1211 1291 1263 lege,
1323 1223 1410 1263 per
1441 1211 1870 1264 prevarstacionem
1903 1212 2019 1265 legis

248 1280 397 1322 Deum
449 1280 729 1323 inhonorant
782 1284 828 1323 et
877 1293 1049 1339 nomen
1090 1281 1176 1323 Dei
1216 1281 1610 1336 blasphematura)
1654 1294 1740 1335 per
1780 1294 1862 1325 eos
1898 1282 2021 1324 inter

245 1354 422 1404 gentes.
466 1350 691 1393 Nimirum
724 1363 849 1404 ergo,
883 1351 1005 1404 quod
1039 1351 1283 1404 displiceat
1317 1353 1428 1405 Deo,
1463 1352 1586 1405 quod
1616 1352 1886 1409 sacerdotes
1918 1353 2020 1396 eius

247 1421 391 1464 sancti
421 1421 484 1464 sic
511 1423 725 1475 polluant
751 1435 923 1464 nomen
952 1422 1067 1476 eius,
1098 1423 1266 1476 quibus
1296 1423 1480 1466 dicitur:
1524 1423 1678 1466 Sancti
1709 1423 1832 1465 idem
1861 1423 2019 1466 mundi

246 1495 408 1546 estote,
441 1493 550 1545 quia
581 1505 666 1546 ego
698 1496 884 1536 sanctus
916 1507 1016 1535 sum
1049 1493 1264 1537 dominus
1298 1494 1424 1536 Deus
1455 1495 1668 1549 vester1).
1713 1495 1769 1536 Et
1799 1498 2019 1548 quantum

245 1563 493 1617 displiceat
517 1564 575 1617 ei,
601 1564 790 1617 quando·
812 1564 1025 1607 videntes
1051 1564 1141 1606 filii
1169 1564 1255 1606 Dei
1281 1565 1409 1607 filias
1434 1564 1687 1618 hominum,
1715 1565 1837 1618 quod
1863 1569 2020 1608 essent

246 1635 454 1688 pulchre,
477 1638 758 1688 acceperunt
772 1636 865 1677 sibi
887 1648 1083 1677 uxorem
1106 1649 1164 1678 ex
1185 1636 1415 1689 omnibus,
1434 1648 1554 1689 ¹quas
1575 1637 1831 1689 elegerant,
1849 1636 2019 1679 vintelli-

245 1718 356 1758 gere
393 1718 642 1758 possumus
680 1719 739 1747 ex
774 1706 879 1760 hiis,
918 1719 1007 1759 que
1046 1706 1179 1749 dixit:
1231 1707 1414 1749 Penitet
1450 1720 1523 1748 me
1562 1707 1733 1749 fecisse
1769 1707 2018 1760 hominem,

248 1776 430 1829 delebo,
455 1777 618 1830 inquit,
640 1777 891 1830 homine-m,
916 1790 1054 1830 quem
1078 1778 1232 1820 creavi
1254 1791 1283 1820 :a
1306 1777 1428 1820 faeie
1452 1778 1637 1832 te⁴rre²).
1674 1777 1904 1831 Numqutid
1926 1790 2018 1820 non

247 1847 321 1889 isti
345 1850 452 1890 sunt
472 1848 619 1901 magis
641 1848 732 1890 filii
755 1848 841 1890 Dei
864 1861 1002 1901 quam
1026 1848 1095 1890 illi
1117 1848 1322 1902 fuerunt,
1346 1849 1423 1902 qui
1447 1852 1493 1891 et
1514 1850 1668 1902 angeli
1688 1849 1865 1891 domini
1887 1861 2018 1892 exer-

246 1917 415 1959 cituum
453 1919 600 1960 vocati
642 1922 760 1961 sunt.
816 1919 1101 1961 Mundamini
1140 1932 1252 1973 ergo
1291 1933 1387 1972 vos,
1427 1920 1505 1973 qui
1545 1919 1680 1963 fertis
1721 1917 1864 1974 aliisb)
1908 1931 2018 1962 vasa

245 1988 433 2042 domini,
458 1990 532 2031 vel
558 1990 724 2032 saltem
750 1989 968 2043 inducite,
995 1993 1044 2032 ut
1069 1990 1300 2044 legitimas
1328 1990 1497 2033 ducant
1521 2003 1693 2033 uxores
1719 1991 2016 2033 ordinacione

245 2059 425 2101 concilii
452 2059 701 2112 presentis.

362 2154 524 2196 Tercio
550 2158 743 2208 propter
769 2156 1026 2207 symoniam
1054 2155 1393 2209 religiosorum,
1422 2156 1711 2208 clericorum,
1739 2155 2016 2198 secularium

244 2227 290 2266 et
317 2224 566 2277 laycorum.
598 2226 692 2267 Hoc
720 2226 846 2268 enim
876 2230 1114 2279 peceatum
1146 2226 1271 2269 Deus
1300 2226 1575 2279 gravissime
1604 2227 1700 2269 odit
1726 2230 1775 2269 et
1802 2225 2016 2279 vindicat,

245 2294 374 2337 sicud
410 2295 631 2349 scriptum
668 2300 738 2338 est
774 2300 819 2339 et
849 2297 1192 2350 prefiguratum
1226 2302 1299 2340 est
1335 2297 1469 2340 nobis
1507 2298 1563 2339 de
1599 2310 1709 2351 rege
1747 2297 2012 2340 Jeroboam:

243 2365 526 2418 Quicumque
582 2367 782 2420 volebat,
836 2367 1065 2421 *implebat
1121 2369 1163 2410 ei
1220 2381 1407 2410 manum
1447 2373 1492 2411 et
1530 2368 1677 2411 fiebat
1713 2368 1934 2411 sacerdos
1970 2371 2015 2410 et

241 2440 432 2490 propter
451 2437 570 2479 hanc
590 2450 776 2480 causam
795 2438 1001 2492 peccavit
1022 2439 1185 2482 domus
1205 2439 1455 2482 Jeroboam
1475 2442 1521 2482 et
1540 2439 1689 2483 occisa
1710 2442 1781 2482 est
1799 2442 1845 2481 et
1861 2438 2014 2481 deleta

243 2510 314 2549 est
351 2507 407 2549 de
446 2508 701 2561 superficio
736 2513 877 2552 terre.
929 2510 984 2552 Et
1018 2510 1138 2554 sicut
1176 2510 1387 2553 Christus
1425 2510 1759 2552 demonstravit
1795 2509 1930 2552 nobis
1966 2508 2012 2550 in

241 2578 430 2631 propri-a
461 2591 677 2632 persona,
709 2580 894 2632 quando
924 2581 1112 2624 intravit
1142 2581 1188 2622 in
1218 2582 1442 2634 templum
1471 2584 1518 2623 et
1546 2581 1657 2623 fecit
1685 2580 1925 2634 flagellam
1955 2578 2011 2621 de

242 2648 465 2692 funiculis
497 2653 546 2692 et
581 2650 717 2694 eiecit
752 2654 962 2694 ementes
1000 2654 1045 2694 et
1080 2652 1353 2705 vendentes,
1390 2652 1545 2695 urenti
1582 2653 1684 2694 zelo
1718 2651 1897 2694 vocavit
1931 2662 2011 2692 eos

241 2719 460 2763 latrones.

345 2898 374 2925 a)
397 2896 442 2922 IIs
462 2895 721 2929 plasphemzitur.
797 2896 828 2930 1))
851 2896 939 2930 Ροὶῃί,
960 2897 1078 2924 serunt.

365 2953 397 2996 1)
423 2954 614 2989 Jeremias
635 2958 669 2997 3,
696 2956 748 2990 12.

359 3012 391 3055 ²)
421 3012 514 3047 Gen.
541 3014 572 3055 6,
597 3014 629 3049 7.
