2227 3434
228 153 267 190 C.
307 153 386 189 Der
409 152 650 188 literarische
676 153 819 197 Kampf
843 163 906 187 um
933 152 997 187 die
1022 152 1196 196 Stellung
1221 153 1290 186 des
1317 152 1475 195 Pap'stes
1501 162 1585 186 zum
1614 151 1759 186 Konzil.
1794 152 1878 194 7⁶25

114 271 432 314 verisimiliter
465 271 647 324 timens,
680 284 741 314 ne
775 271 831 313 de
867 271 988 313 facto
1022 271 1080 313 ad
1115 270 1162 312 id
1197 273 1453 323 cogeretur,
1487 269 1618 323 fugit,
1654 269 1731 322 qui
1765 282 1878 311 sane

113 328 282 384 mentis
311 341 487 385 diceret
516 354 621 383 eum
650 354 709 382 ex
738 342 823 384 hoc
852 341 1209 395 illegitimatum3
1241 343 1286 383 et
1315 340 1378 382 sic
1408 340 1605 393 videtur,
1634 340 1758 392 quod
1788 352 1879 381 non

113 411 262 465 potu-it
280 412 454 465 deponi
478 424 563 465 per
583 412 842 453 concilium.
879 411 924 454 Si
950 424 1063 454 vero
1087 415 1192 453 ante
1215 423 1301 464 per
1325 412 1493 453 malam
1518 410 1881 452 administracio-

108 493 216 524 nem
232 485 332 525 erat
347 481 678 534 illegitimamS‚
695 481 918 534 sequitur,
934 482 1057 534 quod
1070 493 1164 522 non
1179 481 1326 534 potuit
1338 492 1622 534 congregare
1639 480 1882 522 concilium

114 565 200 595 nec
234 553 515 596 tenebantur
550 553 719 606 prelati
758 553 814 595 ad
851 552 1132 594 veniendum
1171 553 1228 594 ad
1266 552 1367 595 eius
1404 553 1699 594 vocacionem
1737 554 1783 593 et
1819 551 1882 594 sic

114 623 291 665 nullius
332 626 402 666 est
441 623 725 666 auctoritatis
766 624 851 665 hoc
890 623 1147 675 concilium,
1189 626 1411 675 quantum
1453 623 1512 664 ad
1553 622 1685 665 istam
1727 621 1883 664 obedi-

115 694 295 736 enciam
315 693 446 736 *iuxta
469 706 504 736 c.
539 692 822 746 Significasti
845 693 902 735 de
925 694 1040 736 elec.

237 764 288 806 In
314 764 634 806 declaracione
660 765 803 806 tercie
832 763 1113 806 assercionis
1140 763 1319 816 dicitur,
1346 764 1482 816 quod,
1508 763 1587 805 ubi
1612 776 1734 816 papa
1759 766 1884 805 esset

113 832 294 877 notorie
317 834 572 878 'infamatus
597 834 655 877 de
680 834 852 886 heresi,
876 847 934 876 eo
959 837 1114 876 tamen
1140 835 1348 876 heretico
1372 847 1465 876 non
1491 835 1738 886 existente,
1764 837 1883 885 tunc,

116 905 327 958 quamvis
350 905 556 958 legitime
581 904 858 958 presideret,
883 905 991 958 qu-ia
1014 908 1141 947 esset
1165 917 1300 958 papa,
1326 917 1418 946 non
1444 908 1599 947 tamen
1623 904 1777 957 quoad
1801 904 1885 946 hoc

115 975 319 1029 legitime
350 975 797 1034 residerem-mirum
828 978 912 1028 est,
941 975 1172 1028 quomodo
1200 975 1286 1017 ista
1317 978 1451 1027 stant,
1483 975 1638 1017 simul:
1683 974 1797 1026 Quia
1828 987 1885 1016 ex

117 1058 209 1099 quo
225 1059 318 1089 non
338 1046 545 1100 legitime
563 1046 753 1099 residet,
773 1046 873 1099 ipse
894 1051 967 1089 est
987 1045 1319 1099 illegitimatus,
1338 1049 1385 1087 et
1405 1046 1443 1087 si
1464 1049 1535 1087 est
1555 1045 1885 1099 illegitimatus,

64 1120 67 1121 ’
116 1120 242 1159 caret
267 1120 361 1159 tam
392 1116 710 1159 iurisdictione
741 1130 878 1170 quam
908 1116 1204 1169 execucione,
1232 1120 1279 1159 et
1305 1120 1460 1158 tamen
1489 1120 1560 1158 est
1587 1129 1722 1169 papa.
1764 1116 1819 1157 Et
1849 1116 1886 1158 si

117 1187 308 1241 dicatur,
334 1187 457 1240 quod
485 1188 633 1230 solum
661 1188 813 1240 quoad
838 1188 921 1230 hoc
948 1191 1086 1239 caret,
1114 1188 1303 1239 scilicet,
1329 1187 1482 1240 quoad
1509 1186 1816 1228 decidendum
1843 1189 1887 1228 et

117 1257 449 1300 diffiniendum
475 1270 639 1301 causas
664 1258 793 1312 fidei,
817 1271 911 1300 non
937 1258 1090 1311 quoad
1116 1259 1221 1310 alia,
1248 1258 1445 1310 videtur,
1472 1257 1595 1310 quod
1619 1270 1712 1299 non
1737 1260 1888 1310 potest

116 1328 202 1371 hoc
229 1328 331 1382 dici,
359 1329 467 1382 quia
496 1330 679 1382 questio
704 1329 819 1371 fidei
849 1329 945 1372 sive
974 1329 1031 1370 de
1058 1329 1216 1371 heresi
1242 1329 1291 1370 in
1320 1341 1443 1382 papa
1471 1331 1541 1370 est
1568 1327 1887 1381 preiudicialis

118 1399 271 1453 quoad
299 1399 452 1442 omnia
481 1399 573 1442 alia
600 1400 896 1452 exequenda;
924 1403 973 1442 et
1000 1400 1105 1442 ideo
1133 1400 1207 1441 vel
1236 1402 1307 1442 est
1336 1412 1593 1452 suspensus
1623 1399 1725 1452 ipso
1753 1398 1887 1451 facto,

119 1482 210 1524 quo
240 1473 450 1513 movetur
484 1471 571 1513 sibi
605 1471 788 1524 questio
822 1471 878 1512 de
911 1470 1083 1523 heresi,
1118 1471 1192 1512 vel
1225 1474 1297 1513 est
1330 1471 1495 1512 merito
1530 1468 1889 1523 suspendendus

119 1553 206 1595 per
225 1542 471 1584 ecclesiam
493 1545 538 1584 et
558 1554 644 1595 per
664 1554 958 1595 consequens
977 1541 1130 1594 quoad
1150 1541 1303 1583 omnia
1325 1541 1413 1583 erit
1435 1553 1692 1594 suspensus
1714 1540 1761 1582 in
1783 1553 1890 1582 exe-

120 1611 324 1666 cucione,
356 1615 428 1656 set
457 1613 581 1666 quod
613 1615 717 1655 tunc
751 1617 907 1656 careat
938 1612 1273 1665 iurisdictione,
1305 1613 1389 1654 hoc
1421 1624 1514 1653 non
1546 1624 1736 1664 possum
1768 1611 1890 1652 bene

120 1682 399 1736 intelligere,
425 1683 550 1736 quod
577 1686 732 1725 tamen
760 1683 947 1737 ponitur
977 1684 1022 1725 in
1050 1683 1333 1736 probacione
1363 1682 1567 1724 secunde
1595 1682 1889 1724 assercioniS.

239 1753 463 1796 Preterea
483 1754 650 1796 mirum
672 1757 755 1807 est,
778 1754 900 1807 quod
918 1767 1041 1807 papa
1060 1754 1164 1796 sine
1187 1755 1322 1807 culpa
1344 1765 1441 1806 sua,
1464 1754 1580 1795 sicut
1599 1753 1719 1794 bene
1739 1755 1891 1806 potest

122 1824 347 1878 accidere,
384 1825 506 1878 quod
544 1825 720 1878 absque
758 1826 892 1878 culpa
931 1837 1015 1868 sua
1052 1825 1110 1868 sit
1142 1824 1206 1866 ita
1242 1824 1507 1876 infamatus,
1546 1823 1720 1865 amittat
1758 1824 1891 1865 iuris-

122 1895 370 1938 dictionem
400 1899 447 1938 et
476 1896 820 1949 execucionem,
851 1900 896 1938 et
927 1895 1050 1948 quod
1080 1896 1279 1937 ecclesia
1311 1895 1407 1937 sive
1440 1894 1683 1936 concilium
1715 1895 1892 1947 absque

123 1966 282 2019 aliquo
320 1979 406 2009 suo
445 1966 567 2009 facto
604 1966 776 2009 iniusto
814 1967 1021 2019 acquirat
1061 1966 1405 2018 execucionem,
1446 1978 1583 2018 quam
1624 1967 1760 2007 antea
1800 1976 1892 2005 non

123 2036 340 2090 habebat,
363 2037 479 2080 sicut
499 2037 545 2079 in
568 2036 666 2079 fine
689 2037 952 2079 declarabo.

246 2107 357 2150 Item
395 2107 575 2161 dicitur,
612 2108 748 2161 quod,
787 2109 824 2151 si
862 2120 983 2162 papa
1021 2111 1146 2150 esset
1181 2107 1442 2149 destructor
1477 2105 1674 2148 ecclesie
1710 2105 1892 2158 policie,

123 2181 230 2221 tunc
258 2179 501 2221 concilium
530 2179 725 2221 haberet
754 2179 1083 2221 execucionem
1111 2181 1158 2220 et
1184 2181 1342 2231 posset
1369 2177 1619 2231 providere
1649 2177 1695 2218 in
1723 2176 1820 2217 fido
1850 2180 1894 2218 et

125 2249 345 2294 moribus.
393 2249 510 2302 Quid
544 2250 684 2302 enim,
721 2250 758 2291 si
795 2250 964 2302 aliquis
999 2253 1179 2292 asserat
1213 2261 1381 2302 papam
1416 2261 1522 2290 esse
1559 2247 1894 2289 destructorem

125 2320 322 2363 ecclesie
338 2321 521 2374 policie,
538 2322 655 2363 sicut
669 2319 909 2363 dicebatur
924 2320 981 2362 de
997 2319 1359 2362 BonifaeioVIII
1372 2318 1385 2372 [
1398 2318 1434 2372 l]
1449 2322 1513 2360 ,et
1527 2318 1553 2360 J
1557 2318 1741 2360 ohanne
1757 2317 1895 2370 depo-

125 2392 228 2445 sito,
260 2392 383 2445 quod
416 2405 502 2445 per
535 2392 777 2434 simoniam
813 2391 1116 2434 destruebant
1150 2389 1510 2432 ecclesiasticam
1544 2389 1772 2442 policiam,
1807 2388 1892 2440 ipsi

127 2465 280 2505 autem
303 2466 488 2516 negent,
514 2462 629 2505 sicut
651 2467 697 2506 et
722 2462 800 2504 alii
826 2462 1072 2515 negabant,
1099 2463 1380 2512 asserentes,
1407 2460 1527 2512 quod
1552 2460 1635 2501 hoc
1661 2458 1894 2501 faciebant

127 2545 213 2587 pro
250 2533 573 2586 recuperando
611 2536 657 2576 et
695 2532 1015 2575 conservando
1056 2535 1222 2574 statum
1262 2531 1459 2573 ecclesie
1499 2533 1545 2572 et
1583 2528 1894 2571 ecclesiastice

129 2604 311 2658 policie.
363 2604 529 2657 Quero,
571 2603 673 2657 quis
714 2603 801 2646 erit
841 2603 1013 2645 iudex?
1068 2603 1166 2644 Non
1199 2614 1342 2655 papa,
1385 2602 1493 2654 quia
1534 2603 1603 2642 est
1651 2599 1801 2653 [pars]
1852 2602 1895 2641 et

129 2687 317 2728 semper
352 2674 579 2717 iudicaret
615 2687 701 2728 pro
737 2687 801 2716 se.
851 2673 896 2716 Si
935 2674 1193 2724 concilium,
1233 2672 1454 2725 sequitur,
1493 2670 1615 2723 quod
1653 2669 1895 2711 concilium

129 2745 269 2788 habet
295 2744 638 2797 execucionem,
666 2745 811 2786 eciam
840 2744 877 2786 si
906 2757 1026 2797 papa
1053 2756 1145 2785 non
1175 2744 1231 2785 sit
1261 2743 1532 2792 destructor,
1561 2740 1667 2793 quia
1696 2740 1895 2782 fortasse

130 2815 351 2858 iudicabit
370 2829 456 2869 pro
474 2828 610 2869 papa.
645 2816 699 2857 Et
720 2815 757 2857 si
779 2815 968 2867 dicatur,
989 2814 1113 2866 quod
1132 2826 1188 2855 eo
1211 2814 1325 2865 ipso,
1348 2812 1471 2864 quod
1490 2824 1609 2864 papa
1633 2810 1895 2859 infamatur,

131 2886 253 2940 quod
284 2887 343 2929 sit
370 2886 645 2938 destructor,
676 2889 722 2927 et
754 2888 994 2927 accusatur
1026 2884 1082 2925 de
1116 2884 1213 2933 hoc,
1246 2882 1488 2923 concilium
1520 2881 1659 2922 habet
1690 2878 1896 2920 execuci—

132 2969 282 3010 onem,
306 2959 514 3010 apparet,
538 2956 660 3010 quod
683 2955 818 2997 valde
843 2955 980 2997 fac—ile
1003 2958 1075 2997 est
1095 2953 1280 3006 privare
1305 2964 1471 3004 papam
1496 2963 1577 2992 sua
1601 2950 1895 2990 execucione.

134 3028 248 3071 Item
281 3027 400 3070 circa
433 3026 563 3079 illud,
594 3026 717 3080 quod
747 3025 928 3078 dicitur,
960 3024 1097 3077 quod,
1132 3023 1207 3064 ubi
1242 3034 1361 3076 papa
1394 3021 1534 3064 habet
1566 3018 1894 3061 racionabilem
