2227 3434
538 157 629 192 1416
660 157 804 201 August
836 157 931 192 nach
963 158 1048 192 dem
1081 157 1134 191 30.
1168 179 1209 182 —-
1240 158 1340 200 Sept.
1372 161 1403 191 6.
1769 159 1854 201 463

87 276 128 319 2.
152 276 210 319 ad
232 275 368 319 Chor.
393 288 490 329 cap
513 275 552 318 3.
577 280 622 319 et
646 276 772 318 iuxta
796 276 932 318 ritum
957 276 1161 318 Romane
1184 277 1310 317 curie
1337 277 1380 317 in
1406 276 1602 329 epistola
1627 277 1854 318 dominice

87 347 250 390 ultimo
272 347 582 400 precedentis.
623 347 733 389 Dico
757 347 940 399 primo.

204 417 263 461 Ut
287 430 350 460 ex
378 417 541 461 relatis
570 417 767 460 oratoris
799 418 915 459 sacri
947 417 1126 459 concilii
1157 418 1203 458 in
1234 419 1452 459 concione
1484 418 1669 471 publica
1699 430 1856 470 repor-

87 491 255 530 tamus:
298 488 450 541 „quod
481 487 728 541 [Alfonsus
752 488 856 542 rex]
892 488 1036 541 magis
1063 489 1329 541 sustineret,
1357 492 1403 530 ut
1428 489 1530 530 eius
1557 492 1658 530 utor
1685 489 1855 541 verbis,

87 571 233 612 regno
266 559 442 612 privari
478 571 615 611 quam
652 558 971 600 obedienciam
1008 560 1066 611 ei,
1101 559 1172 600 cui
1209 563 1341 612 pater
1379 560 1687 609 subtraxerat,
1727 561 1856 601 resti-

88 632 271 673 tueret.
307 663 316 671 .
351 663 360 671 .

90 770 201 813 1416
234 769 357 824 Sept.
391 770 430 813 6.
469 798 517 802 -
555 770 740 813 Peter
780 784 889 813 von
933 771 1140 813 Pullsa.

208 853 332 886 Tea-t
353 862 363 887 .·
405 853 468 886 Met
499 853 587 886 :3424
613 854 639 895 f.
670 853 751 889 145:
782 853 844 886 Μῑῑ
877 852 906 886 L·
933 854 975 886 ⁸4
1001 854 1026 895 y.
1054 855 1118 892 μῶυ
1145 853 1201 885 Νη·
1230 853 1273 886 4⁸
1300 865 1333 895 μ.
1362 854 1448 888 417.-
1479 856 1539 886 ..sse
1565 854 1610 887 ‚33
1635 854 1660 895 7‘.
1688 854 1773 890 2510,-
1806 853 1854 885 Ήῑ

91 911 147 945 Mc
172 911 239 945 :282
261 911 286 954 f.
313 912 396 949 125,-
427 911 465 943 W
487 911 580 946 3296
602 912 628 953 Τ.
651 912 737 946 7244.-
763 911 855 944 4292
877 911 901 953 γ’.
927 912 1012 949 227,-
1038 912 1130 945 4300
1153 913 1178 954 γ’.
1205 912 1289 948 2200.-
1323 912 1406 944 1710
1429 913 1454 954 f.
1480 913 1564 947 25:52
1589 911 1682 944 4022
1705 912 1729 954 7‘.
1758 912 1809 944 75.

210 981 324 1034 Ite,
367 981 690 1024 ostendite
734 994 839 1024 vos
885 981 1346 1023 sacerdotibus.
1392 981 1616 1023 Scribitur
1648 981 1753 1022 Luc.
1791 981 1856 1021 17.

88 1065 186 1106 cap.
211 1057 256 1095 et
280 1053 326 1094 in
352 1053 442 1094 iam
469 1054 586 1094 lecto
611 1053 882 1105 ewangelio.
919 1052 1315 1095 Reverendissimi
1345 1052 1389 1093 in
1417 1052 1600 1094 Christo
1625 1055 1782 1105 patres
1808 1064 1857 1093 ac

89 1125 253 1165 summi
286 1127 445 1176 patres
477 1124 617 1176 orbis,
653 1123 920 1166 sacerdotes
954 1124 1036 1165 Dei
1072 1123 1283 1165 altissimi
1319 1123 1364 1164 in
1398 1123 1684 1176 quibuslibet
1716 1123 1858 1164 eccle-

89 1194 262 1236 siarum
286 1194 559 1248 dignitatum
586 1195 818 1236 constituti
845 1193 1066 1247 gradibus
1095 1229 1102 1236 .
1139 1228 1146 1235 .
1183 1228 1190 1235 .

205 1266 244 1307 A
283 1268 492 1318 tempore
533 1265 758 1307 Bonifacii
801 1265 877 1318 IX,
917 1278 1018 1306 cum
1058 1265 1148 1307 iam
1189 1266 1321 1318 lepra
1362 1265 1603 1317 scismatis,
1644 1264 1858 1316 avaricie,

88 1336 295 1389 symonie
329 1339 375 1378 et
408 1336 734 1378 universorum
771 1336 990 1378 viciorum
1023 1337 1188 1378 thabes
1222 1348 1342 1389 pene
1377 1336 1434 1378 ad
1471 1336 1858 1378 incurabilitatem

88 1407 356 1450 humanitus
395 1411 441 1450 et
480 1407 864 1460 desperacionem
906 1407 1194 1459 invaluisset,
1236 1407 1425 1460 plurimi
1465 1407 1662 1448 ecclesie
1704 1406 1858 1448 devoti

88 1477 178 1520 filii
203 1481 496 1531 nequeuntes
523 1478 659 1520 aliter
686 1490 958 1520 succurrere
987 1479 1143 1520 saucie
1170 1478 1303 1520 matri
1329 1481 1374 1519 et
1400 1478 1484 1519 hoc
1511 1478 1660 1519 solum
1686 1477 1859 1519 haben-

89 1552 160 1592 tes
179 1549 371 1601 residui,
394 1552 442 1591 ut
461 1549 619 1591 oculos
640 1553 686 1591 et
706 1562 870 1591 manus
894 1550 1103 1591 levarent
1124 1549 1170 1590 in
1192 1550 1358 1601 celum,
1381 1552 1605 1602 ceperunt
1626 1561 1651 1590 a
1673 1548 1859 1590 domino

90 1619 455 1662 misericordiam
493 1620 700 1673 profusis
740 1621 959 1673 precibus
997 1620 1249 1673 postulare.
1301 1620 1355 1661 Et
1395 1620 1509 1673 ipse,
1549 1620 1626 1672 qui
1665 1619 1859 1661 humilia

90 1690 292 1743 respicit,
316 1691 473 1734 multis
496 1691 719 1733 remediis
744 1703 769 1733 a
793 1691 992 1732 diversis
1015 1691 1286 1743 excogitatis
1310 1690 1555 1743 inspiravit
1577 1691 1698 1732 viam
1722 1702 1859 1743 gene-

91 1761 204 1803 ralis
236 1761 418 1803 concilii
451 1761 553 1803 fore
585 1762 754 1803 ceteris
787 1761 1135 1814 preferendam,
1170 1774 1221 1804 ac
1253 1761 1291 1803 si
1326 1762 1510 1803 interna
1543 1761 1860 1803 illustracione

90 1834 305 1884 patenter
335 1831 527 1874 diceret:
578 1832 656 1885 Ite,
688 1832 918 1874 ostendite
951 1845 1032 1875 vos
1065 1832 1383 1874 sacerdotibus
1414 1832 1729 1874 conciliariter
1760 1844 1862 1873 con-

91 1903 356 1957 gregandis,
392 1906 440 1945 ut
477 1916 502 1945 a
540 1904 671 1956 lepra
710 1903 1016 1955 mundemini3
1057 1916 1251 1956 cumque
1290 1903 1335 1944 in
1374 1903 1555 1955 Pysano
1593 1906 1638 1944 et
1672 1906 1776 1955 post
1815 1903 1859 1943 in

92 1973 298 2016 Romano
336 1974 542 2017 conciliis
580 1974 784 2016 nondum
823 1975 963 2027 plene
1003 1978 1318 2016 consummata
1357 1974 1524 2016 fuisset
1562 1973 1694 2027 lepre
1734 1985 1862 2014 mun-

92 2044 237 2097 dacio,
271 2044 417 2098 ipsam
453 2045 650 2087 eandem
688 2045 1049 2098 inspiracionem
1084 2045 1237 2087 denuo
1273 2048 1494 2098 repetens
1528 2047 1700 2086 tantam
1736 2043 1861 2086 dedit

91 2116 189 2157 voci
218 2128 300 2158 sue
327 2128 485 2158 vocem
511 2115 708 2169 virtutis,
736 2120 782 2159 ut
807 2115 909 2158 fere
935 2119 1055 2158 totus
1083 2115 1208 2157 orbis
1236 2128 1434 2169 presens
1461 2115 1732 2168 congregari
1759 2127 1861 2156 con-

91 2186 246 2228 cilium
275 2187 534 2239 postularet
562 2199 612 2229 ac
641 2187 680 2228 si
709 2187 875 2228 iterum
907 2187 1099 2230 diceret:
1136 2186 1215 2239 Ite,
1245 2186 1474 2228 ostendite
1504 2199 1585 2227 vos
1615 2185 1862 2228 sacerdoti-

91 2257 178 2300 bus
217 2257 370 2300 denuo
409 2258 721 2300 conciliariter
760 2257 1111 2311 congregandis.
1166 2258 1345 2310 Illaque
1386 2257 1543 2299 divina
1581 2270 1670 2298 vox
1709 2256 1860 2298 cordis

93 2328 285 2371 auribus
327 2328 616 2371 serenissimi
658 2328 984 2381 Romanorum,
1028 2328 1232 2382 Ungarie
1276 2331 1358 2370 etc.
1404 2328 1528 2381 regis
1572 2326 1859 2369 invictissimi

93 2410 281 2452 semper
300 2402 349 2441 et
370 2399 551 2452 augusti
576 2399 694 2441 adeo
716 2398 975 2441 efficaciter
998 2398 1216 2451 insonuit,
1240 2401 1288 2440 ut
1311 2398 1428 2440 nulli
1459 2397 1580 2452 [alii]
1612 2398 1774 2451 pensis
1796 2397 1861 2438 in-

92 2469 435 2513 estimabilibus
476 2471 702 2523 impensis
742 2473 812 2512 set
852 2470 1028 2512 laboris
1068 2469 1172 2511 totis
1215 2469 1455 2512 conatibus
1495 2472 1586 2511 tam
1626 2468 1861 2522 presentis

94 2540 343 2583 sacerrime
385 2541 548 2593 synodi
591 2541 911 2583 convocacioni
955 2553 1092 2593 quam
1133 2540 1403 2582 tractatibus
1445 2552 1626 2581 omnem
1670 2551 1859 2592 operam

93 2610 224 2653 daret
250 2614 295 2654 et
321 2611 409 2653 iam
437 2623 560 2653 anno
583 2614 747 2664 quarto
771 2611 1044 2663 relinquens
1070 2611 1310 2664 proprium
1336 2611 1574 2664 peculiare
1600 2613 1644 2652 et
1670 2609 1860 2662 opulen-

92 2680 319 2723 tissimum
364 2693 558 2735 regnum
604 2681 807 2734 Ungarie
851 2684 898 2723 et
943 2682 1035 2723 alia
1081 2681 1370 2722 inimicorum
1416 2681 1630 2722 manibus
1676 2679 1859 2721 cottidie

93 2752 478 2805 oppugnancium,
529 2752 640 2794 abiit
689 2752 734 2793 in
785 2753 1001 2805 regiones
1051 2751 1460 2805 longinquissimas
1510 2752 1720 2803 accipere
1771 2750 1856 2791 sibi

93 2822 265 2864 nedum
290 2835 484 2876 regnum
509 2823 636 2865 orbis
661 2827 801 2875 terre,
827 2826 895 2865 set
921 2823 1081 2875 pocius
1106 2823 1277 2864 celeste
1306 2834 1497 2874 regnum
1523 2821 1739 2874 gloriosis
1764 2820 1860 2861 suis

93 2893 334 2936 laboribus
365 2894 639 2946 promereri,
672 2905 808 2946 quem
841 2893 894 2945 is,
927 2894 1056 2934 cuius
1090 2893 1180 2946 agit
1214 2905 1413 2944 causam,
1448 2892 1604 2933 redire
1639 2890 1860 2943 largiatur

93 2975 319 3017 prospere
349 2964 406 3006 ad
436 2963 736 3006 laudabiliter
763 2966 895 3016 cepta
924 2963 1124 3004 feliciter
1153 2962 1578 3004 consummandum.
1621 2961 1710 3003 Sed
1740 2963 1783 3002 et
1814 2960 1858 3000 in

94 3034 313 3077 cordibus
352 3033 564 3076 fidelium
604 3046 752 3087 usque
792 3034 929 3076 hodie
971 3033 1033 3076 sic
1074 3033 1315 3075 invalescit
1356 3045 1443 3073 vox
1485 3031 1570 3073 ista
1608 3035 1654 3073 et
1692 3032 1737 3071 in
1778 3042 1857 3071 ore
