<?xml version="1.0" encoding="UTF-8"?>
<!DOCTYPE html PUBLIC "-//W3C//DTD XHTML 1.0 Transitional//EN"
    "http://www.w3.org/TR/xhtml1/DTD/xhtml1-transitional.dtd">
<html xmlns="http://www.w3.org/1999/xhtml" xml:lang="en" lang="en">
 <head>
  <title>
</title>
<meta http-equiv="Content-Type" content="text/html;charset=utf-8" />
  <meta name='ocr-system' content='tesseract 3.04.00' />
  <meta name='ocr-capabilities' content='ocr_page ocr_carea ocr_par ocr_line ocrx_word'/>
</head>
<body>
  <div class='ocr_page' id='page_1' title='image "./actaconciliicons02counuoft/actaconciliicons02counuoft_0106.png"; bbox 0 0 2102 3444; ppageno 0'>
   <div class='ocr_carea' id='block_1_1' title="bbox 218 129 1465 175">
    <p class='ocr_par' dir='ltr' id='par_1_1' title="bbox 218 129 1465 175">
     <span class='ocr_line' id='line_1_1' title="bbox 218 129 1465 175; baseline 0.002 -13"><span class='ocrx_word' id='word_1_1' title='bbox 218 130 275 172; x_wconf 89' lang='lat'>92</span> <span class='ocrx_word' id='word_1_2' title='bbox 745 129 770 163; x_wconf 93' lang='grc' dir='ltr'>Ι.</span> <span class='ocrx_word' id='word_1_3' title='bbox 806 129 1017 164; x_wconf 87' lang='lat' dir='ltr'>Abschnitt.</span> <span class='ocrx_word' id='word_1_4' title='bbox 1064 129 1465 175; x_wconf 76' lang='lat' dir='ltr'>Konzilstagebiicher.</span> 
     </span>
    </p>
   </div>
   <div class='ocr_carea' id='block_1_2' title="bbox 220 247 1991 584">
    <p class='ocr_par' dir='ltr' id='par_1_2' title="bbox 220 247 1991 584">
     <span class='ocr_line' id='line_1_2' title="bbox 222 247 1989 302; baseline 0.002 -14"><span class='ocrx_word' id='word_1_5' title='bbox 222 248 318 299; x_wconf 90' lang='lat' dir='ltr'>riis,</span> <span class='ocrx_word' id='word_1_6' title='bbox 342 260 457 300; x_wconf 92' lang='lat' dir='ltr'>quos</span> <span class='ocrx_word' id='word_1_7' title='bbox 481 247 679 290; x_wconf 86' lang='lat' dir='ltr'>duxerat</span> <span class='ocrx_word' id='word_1_8' title='bbox 700 251 745 290; x_wconf 89' lang='lat' dir='ltr'>et</span> <span class='ocrx_word' id='word_1_9' title='bbox 769 247 886 290; x_wconf 86' lang='lat' dir='ltr'>aliis.</span> <span class='ocrx_word' id='word_1_10' title='bbox 924 247 1096 289; x_wconf 90' lang='lat' dir='ltr'>Eodem</span> <span class='ocrx_word' id='word_1_11' title='bbox 1122 248 1257 290; x_wconf 92' lang='lat' dir='ltr'>modo</span> <span class='ocrx_word' id='word_1_12' title='bbox 1280 249 1423 291; x_wconf 92' lang='lat' dir='ltr'>voluit</span> <span class='ocrx_word' id='word_1_13' title='bbox 1445 249 1603 302; x_wconf 87' lang='lat' dir='ltr'>legere</span> <span class='ocrx_word' id='word_1_14' title='bbox 1627 249 1765 291; x_wconf 89' lang='lat' dir='ltr'>aliam</span> <span class='ocrx_word' id='word_1_15' title='bbox 1790 248 1989 292; x_wconf 88' lang='lat' dir='ltr'>similem</span> 
     </span>
     <span class='ocr_line' id='line_1_3' title="bbox 220 317 1990 372; baseline 0.002 -14"><span class='ocrx_word' id='word_1_16' title='bbox 220 317 394 359; x_wconf 85' lang='lat' dir='ltr'>bullam</span> <span class='ocrx_word' id='word_1_17' title='bbox 426 318 467 359; x_wconf 91' lang='lat' dir='ltr'>d.</span> <span class='ocrx_word' id='word_1_18' title='bbox 500 317 770 360; x_wconf 86' lang='lat' dir='ltr'>Bernardus</span> <span class='ocrx_word' id='word_1_19' title='bbox 800 318 1000 361; x_wconf 87' lang='lat' dir='ltr'>vicarius</span> <span class='ocrx_word' id='word_1_20' title='bbox 1031 318 1395 372; x_wconf 86' lang='lat' dir='ltr'>Burdegalensis</span> <span class='ocrx_word' id='word_1_21' title='bbox 1425 322 1469 362; x_wconf 89' lang='lat' dir='ltr'>et</span> <span class='ocrx_word' id='word_1_22' title='bbox 1499 320 1708 371; x_wconf 90' lang='lat' dir='ltr'>constito‚</span> <span class='ocrx_word' id='word_1_23' title='bbox 1738 319 1862 372; x_wconf 92' lang='lat' dir='ltr'>quod</span> <span class='ocrx_word' id='word_1_24' title='bbox 1890 322 1990 362; x_wconf 86' lang='lat' dir='ltr'>erat</span> 
     </span>
     <span class='ocr_line' id='line_1_4' title="bbox 221 388 1991 442; baseline 0.002 -13"><span class='ocrx_word' id='word_1_25' title='bbox 221 388 400 440; x_wconf 90' lang='lat' dir='ltr'>similis,</span> <span class='ocrx_word' id='word_1_26' title='bbox 428 388 551 430; x_wconf 91' lang='lat' dir='ltr'>idem</span> <span class='ocrx_word' id='word_1_27' title='bbox 578 389 620 430; x_wconf 91' lang='lat' dir='ltr'>d.</span> <span class='ocrx_word' id='word_1_28' title='bbox 650 388 815 430; x_wconf 88' lang='lat' dir='ltr'>Petrus</span> <span class='ocrx_word' id='word_1_29' title='bbox 842 389 1003 430; x_wconf 90' lang='lat' dir='ltr'>habuit</span> <span class='ocrx_word' id='word_1_30' title='bbox 1030 402 1133 431; x_wconf 89' lang='lat' dir='ltr'>eam</span> <span class='ocrx_word' id='word_1_31' title='bbox 1161 402 1247 442; x_wconf 90' lang='lat' dir='ltr'>pro</span> <span class='ocrx_word' id='word_1_32' title='bbox 1274 390 1403 434; x_wconf 86' lang='lat' dir='ltr'>lecta.</span> <span class='ocrx_word' id='word_1_33' title='bbox 1444 390 1498 432; x_wconf 88' lang='lat' dir='ltr'>Et</span> <span class='ocrx_word' id='word_1_34' title='bbox 1526 391 1587 433; x_wconf 87' lang='lat' dir='ltr'>ita</span> <span class='ocrx_word' id='word_1_35' title='bbox 1615 389 1769 432; x_wconf 86' lang='lat' dir='ltr'>citavit</span> <span class='ocrx_word' id='word_1_36' title='bbox 1795 401 1915 442; x_wconf 88' lang='lat' dir='ltr'>eum,</span> <span class='ocrx_word' id='word_1_37' title='bbox 1942 393 1991 432; x_wconf 95' lang='lat' dir='ltr'>ut</span> 
     </span>
     <span class='ocr_line' id='line_1_5' title="bbox 221 458 1991 514; baseline 0.002 -15"><span class='ocrx_word' id='word_1_38' title='bbox 221 458 340 501; x_wconf 91' lang='lat' dir='ltr'>alius</span> <span class='ocrx_word' id='word_1_39' title='bbox 372 459 547 501; x_wconf 82' lang='lat' dir='ltr'>fecerat</span> <span class='ocrx_word' id='word_1_40' title='bbox 578 462 622 500; x_wconf 93' lang='lat' dir='ltr'>et</span> <span class='ocrx_word' id='word_1_41' title='bbox 655 460 774 502; x_wconf 90' lang='lat' dir='ltr'>ultra</span> <span class='ocrx_word' id='word_1_42' title='bbox 804 459 958 501; x_wconf 86' lang='lat' dir='ltr'>citavit</span> <span class='ocrx_word' id='word_1_43' title='bbox 988 472 1094 501; x_wconf 89' lang='lat' dir='ltr'>eum</span> <span class='ocrx_word' id='word_1_44' title='bbox 1126 460 1172 501; x_wconf 94' lang='lat' dir='ltr'>in</span> <span class='ocrx_word' id='word_1_45' title='bbox 1203 461 1382 513; x_wconf 89' lang='lat' dir='ltr'>vulgari</span> <span class='ocrx_word' id='word_1_46' title='bbox 1416 460 1586 514; x_wconf 86' lang='lat' dir='ltr'>lingua,</span> <span class='ocrx_word' id='word_1_47' title='bbox 1618 464 1665 502; x_wconf 93' lang='lat' dir='ltr'>ut</span> <span class='ocrx_word' id='word_1_48' title='bbox 1697 460 1882 514; x_wconf 82' lang='lat' dir='ltr'>milites,</span> <span class='ocrx_word' id='word_1_49' title='bbox 1914 460 1991 514; x_wconf 93' lang='lat' dir='ltr'>qui</span> 
     </span>
     <span class='ocr_line' id='line_1_6' title="bbox 220 529 1322 584; baseline 0.003 -14"><span class='ocrx_word' id='word_1_50' title='bbox 220 533 354 571; x_wconf 90' lang='lat' dir='ltr'>erant</span> <span class='ocrx_word' id='word_1_51' title='bbox 380 542 465 583; x_wconf 93' lang='lat' dir='ltr'>pro</span> <span class='ocrx_word' id='word_1_52' title='bbox 492 529 689 572; x_wconf 90' lang='lat' dir='ltr'>testibus</span> <span class='ocrx_word' id='word_1_53' title='bbox 717 533 761 571; x_wconf 89' lang='lat' dir='ltr'>et</span> <span class='ocrx_word' id='word_1_54' title='bbox 789 529 867 572; x_wconf 86' lang='lat' dir='ltr'>alii</span> <span class='ocrx_word' id='word_1_55' title='bbox 897 530 1013 582; x_wconf 87' lang='lat' dir='ltr'>layci</span> <span class='ocrx_word' id='word_1_56' title='bbox 1044 530 1322 584; x_wconf 86' lang='lat' dir='ltr'>intelligunt.</span> 
     </span>
    </p>
   </div>
   <div class='ocr_carea' id='block_1_3' title="bbox 220 611 1995 1587">
    <p class='ocr_par' dir='ltr' id='par_1_3' title="bbox 220 611 1995 1587">
     <span class='ocr_line' id='line_1_7' title="bbox 337 611 1992 666; baseline 0.001 -13"><span class='ocrx_word' id='word_1_57' title='bbox 337 611 434 663; x_wconf 88' lang='lat' dir='ltr'>Quo</span> <span class='ocrx_word' id='word_1_58' title='bbox 461 611 582 654; x_wconf 85' lang='lat' dir='ltr'>facto</span> <span class='ocrx_word' id='word_1_59' title='bbox 610 611 732 653; x_wconf 93' lang='lat' dir='ltr'>idem</span> <span class='ocrx_word' id='word_1_60' title='bbox 762 612 804 654; x_wconf 90' lang='lat' dir='ltr'>d.</span> <span class='ocrx_word' id='word_1_61' title='bbox 834 612 1000 654; x_wconf 87' lang='lat' dir='ltr'>Petrus</span> <span class='ocrx_word' id='word_1_62' title='bbox 1029 612 1284 665; x_wconf 83' lang='lat' dir='ltr'>respondit,</span> <span class='ocrx_word' id='word_1_63' title='bbox 1311 613 1461 666; x_wconf 92' lang='lat' dir='ltr'>primo</span> <span class='ocrx_word' id='word_1_64' title='bbox 1489 625 1720 655; x_wconf 91' lang='lat' dir='ltr'>excusans</span> <span class='ocrx_word' id='word_1_65' title='bbox 1748 625 1798 656; x_wconf 84' lang='lat' dir='ltr'>se</span> <span class='ocrx_word' id='word_1_66' title='bbox 1825 613 1883 655; x_wconf 91' lang='lat' dir='ltr'>de</span> <span class='ocrx_word' id='word_1_67' title='bbox 1912 613 1992 655; x_wconf 91' lang='lat' dir='ltr'>im-</span> 
     </span>
     <span class='ocr_line' id='line_1_8' title="bbox 220 683 1992 737; baseline 0.001 -13"><span class='ocrx_word' id='word_1_68' title='bbox 220 683 473 735; x_wconf 85' lang='lat' dir='ltr'>paciencia,</span> <span class='ocrx_word' id='word_1_69' title='bbox 497 683 715 735; x_wconf 89' lang='lat' dir='ltr'>quoniam</span> <span class='ocrx_word' id='word_1_70' title='bbox 739 683 994 736; x_wconf 85' lang='lat' dir='ltr'>impaciens</span> <span class='ocrx_word' id='word_1_71' title='bbox 1016 686 1116 726; x_wconf 68' lang='lat' dir='ltr'>erat</span> <span class='ocrx_word' id='word_1_72' title='bbox 1138 684 1291 726; x_wconf 89' lang='lat' dir='ltr'>vocari</span> <span class='ocrx_word' id='word_1_73' title='bbox 1315 684 1548 726; x_wconf 87' lang='lat' dir='ltr'>hereticus</span> <span class='ocrx_word' id='word_1_74' title='bbox 1572 684 1783 736; x_wconf 87' lang='lat' dir='ltr'>allegans</span> <span class='ocrx_word' id='word_1_75' title='bbox 1804 696 1992 737; x_wconf 89' lang='lat' dir='ltr'>exemp-</span> 
     </span>
     <span class='ocr_line' id='line_1_9' title="bbox 221 752 1993 806; baseline 0.001 -12"><span class='ocrx_word' id='word_1_76' title='bbox 221 754 314 794; x_wconf 91' lang='lat' dir='ltr'>lum</span> <span class='ocrx_word' id='word_1_77' title='bbox 346 753 402 794; x_wconf 90' lang='lat' dir='ltr'>de</span> <span class='ocrx_word' id='word_1_78' title='bbox 434 752 526 795; x_wconf 89' lang='lat' dir='ltr'>vita</span> <span class='ocrx_word' id='word_1_79' title='bbox 555 756 753 806; x_wconf 91' lang='lat' dir='ltr'>patrum,</span> <span class='ocrx_word' id='word_1_80' title='bbox 784 754 1015 806; x_wconf 89' lang='lat' dir='ltr'>quomodo</span> <span class='ocrx_word' id='word_1_81' title='bbox 1044 754 1284 806; x_wconf 80' lang='lat' dir='ltr'>pacienter</span> <span class='ocrx_word' id='word_1_82' title='bbox 1315 754 1572 797; x_wconf 91' lang='lat' dir='ltr'>sustinebat</span> <span class='ocrx_word' id='word_1_83' title='bbox 1603 766 1765 797; x_wconf 89' lang='lat' dir='ltr'>omnes</span> <span class='ocrx_word' id='word_1_84' title='bbox 1796 753 1993 797; x_wconf 87' lang='lat' dir='ltr'>iniurias</span> 
     </span>
     <span class='ocr_line' id='line_1_10' title="bbox 220 824 1993 879; baseline 0.001 -15"><span class='ocrx_word' id='word_1_85' title='bbox 220 827 379 876; x_wconf 88' lang='lat' dir='ltr'>preter</span> <span class='ocrx_word' id='word_1_86' title='bbox 415 824 557 876; x_wconf 86' lang='lat' dir='ltr'>illam,</span> <span class='ocrx_word' id='word_1_87' title='bbox 595 836 685 876; x_wconf 89' lang='lat' dir='ltr'>qua</span> <span class='ocrx_word' id='word_1_88' title='bbox 713 824 1024 866; x_wconf 82' lang='lat' dir='ltr'>vehementer</span> <span class='ocrx_word' id='word_1_89' title='bbox 1060 825 1448 867; x_wconf 82' lang='lat' dir='ltr'>commovebatur.</span> <span class='ocrx_word' id='word_1_90' title='bbox 1499 825 1641 867; x_wconf 90' lang='lat' dir='ltr'>Multa</span> <span class='ocrx_word' id='word_1_91' title='bbox 1678 824 1794 867; x_wconf 86' lang='lat' dir='ltr'>dixit</span> <span class='ocrx_word' id='word_1_92' title='bbox 1827 827 1873 868; x_wconf 89' lang='lat' dir='ltr'>et</span> <span class='ocrx_word' id='word_1_93' title='bbox 1907 837 1993 879; x_wconf 91' lang='lat' dir='ltr'>per</span> 
     </span>
     <span class='ocr_line' id='line_1_11' title="bbox 220 894 1994 947; baseline 0.002 -12"><span class='ocrx_word' id='word_1_94' title='bbox 220 906 359 935; x_wconf 90' lang='lat' dir='ltr'>unam</span> <span class='ocrx_word' id='word_1_95' title='bbox 388 894 549 935; x_wconf 87' lang='lat' dir='ltr'>horam</span> <span class='ocrx_word' id='word_1_96' title='bbox 579 897 624 936; x_wconf 90' lang='lat' dir='ltr'>et</span> <span class='ocrx_word' id='word_1_97' title='bbox 653 894 853 947; x_wconf 85' lang='lat' dir='ltr'>amplius</span> <span class='ocrx_word' id='word_1_98' title='bbox 882 896 1061 937; x_wconf 89' lang='lat' dir='ltr'>locutus</span> <span class='ocrx_word' id='word_1_99' title='bbox 1090 898 1160 937; x_wconf 87' lang='lat' dir='ltr'>est</span> <span class='ocrx_word' id='word_1_100' title='bbox 1188 896 1247 937; x_wconf 90' lang='lat' dir='ltr'>ad</span> <span class='ocrx_word' id='word_1_101' title='bbox 1275 908 1405 938; x_wconf 87' lang='lat' dir='ltr'>suam</span> <span class='ocrx_word' id='word_1_102' title='bbox 1437 895 1835 938; x_wconf 86' lang='lat' dir='ltr'>iustificacionem.</span> <span class='ocrx_word' id='word_1_103' title='bbox 1877 895 1994 938; x_wconf 89' lang='lat' dir='ltr'>Tan-</span> 
     </span>
     <span class='ocr_line' id='line_1_12' title="bbox 220 965 1993 1020; baseline 0.001 -14"><span class='ocrx_word' id='word_1_104' title='bbox 220 965 326 1006; x_wconf 86' lang='lat' dir='ltr'>dem</span> <span class='ocrx_word' id='word_1_105' title='bbox 355 965 484 1018; x_wconf 85' lang='lat' dir='ltr'>dixit,</span> <span class='ocrx_word' id='word_1_106' title='bbox 512 965 635 1018; x_wconf 83' lang='lat' dir='ltr'>quod</span> <span class='ocrx_word' id='word_1_107' title='bbox 664 965 849 1008; x_wconf 88' lang='lat' dir='ltr'>volebat</span> <span class='ocrx_word' id='word_1_108' title='bbox 879 966 925 1007; x_wconf 91' lang='lat' dir='ltr'>in</span> <span class='ocrx_word' id='word_1_109' title='bbox 955 967 1140 1019; x_wconf 85' lang='lat' dir='ltr'>scriptis</span> <span class='ocrx_word' id='word_1_110' title='bbox 1169 966 1281 1009; x_wconf 89' lang='lat' dir='ltr'>dare</span> <span class='ocrx_word' id='word_1_111' title='bbox 1313 979 1443 1009; x_wconf 91' lang='lat' dir='ltr'>suam</span> <span class='ocrx_word' id='word_1_112' title='bbox 1472 966 1842 1020; x_wconf 87' lang='lat' dir='ltr'>responsionem,</span> <span class='ocrx_word' id='word_1_113' title='bbox 1871 966 1993 1020; x_wconf 92' lang='lat' dir='ltr'>quod</span> 
     </span>
     <span class='ocr_line' id='line_1_13' title="bbox 222 1036 1994 1091; baseline 0.002 -14"><span class='ocrx_word' id='word_1_114' title='bbox 222 1037 389 1078; x_wconf 90' lang='lat' dir='ltr'>notarii</span> <span class='ocrx_word' id='word_1_115' title='bbox 414 1039 716 1089; x_wconf 85' lang='lat' dir='ltr'>expectarent</span> <span class='ocrx_word' id='word_1_116' title='bbox 738 1036 906 1090; x_wconf 86' lang='lat' dir='ltr'>triduo,</span> <span class='ocrx_word' id='word_1_117' title='bbox 929 1037 1038 1090; x_wconf 88' lang='lat' dir='ltr'>quia</span> <span class='ocrx_word' id='word_1_118' title='bbox 1060 1037 1122 1079; x_wconf 92' lang='lat' dir='ltr'>ita</span> <span class='ocrx_word' id='word_1_119' title='bbox 1142 1041 1213 1080; x_wconf 88' lang='lat' dir='ltr'>est</span> <span class='ocrx_word' id='word_1_120' title='bbox 1235 1037 1292 1079; x_wconf 90' lang='lat' dir='ltr'>de</span> <span class='ocrx_word' id='word_1_121' title='bbox 1316 1050 1444 1079; x_wconf 89' lang='lat' dir='ltr'>more</span> <span class='ocrx_word' id='word_1_122' title='bbox 1468 1037 1514 1079; x_wconf 92' lang='lat' dir='ltr'>in</span> <span class='ocrx_word' id='word_1_123' title='bbox 1538 1037 1750 1091; x_wconf 87' lang='lat' dir='ltr'>partibus</span> <span class='ocrx_word' id='word_1_124' title='bbox 1772 1037 1881 1080; x_wconf 91' lang='lat' dir='ltr'>illis.</span> <span class='ocrx_word' id='word_1_125' title='bbox 1915 1036 1994 1080; x_wconf 85' lang='lat' dir='ltr'>Set</span> 
     </span>
     <span class='ocr_line' id='line_1_14' title="bbox 222 1106 1993 1151; baseline 0.001 -3"><span class='ocrx_word' id='word_1_126' title='bbox 222 1106 295 1149; x_wconf 89' lang='lat' dir='ltr'>isti</span> <span class='ocrx_word' id='word_1_127' title='bbox 329 1110 604 1149; x_wconf 88' lang='lat' dir='ltr'>executores</span> <span class='ocrx_word' id='word_1_128' title='bbox 638 1120 740 1149; x_wconf 89' lang='lat' dir='ltr'>cum</span> <span class='ocrx_word' id='word_1_129' title='bbox 775 1108 872 1150; x_wconf 91' lang='lat' dir='ltr'>suis</span> <span class='ocrx_word' id='word_1_130' title='bbox 904 1108 1098 1151; x_wconf 91' lang='lat' dir='ltr'>notariis</span> <span class='ocrx_word' id='word_1_131' title='bbox 1132 1112 1428 1151; x_wconf 87' lang='lat' dir='ltr'>recesserunt</span> <span class='ocrx_word' id='word_1_132' title='bbox 1461 1111 1506 1150; x_wconf 90' lang='lat' dir='ltr'>et</span> <span class='ocrx_word' id='word_1_133' title='bbox 1540 1108 1819 1151; x_wconf 91' lang='lat' dir='ltr'>dimiserunt</span> <span class='ocrx_word' id='word_1_134' title='bbox 1850 1120 1993 1151; x_wconf 90' lang='lat' dir='ltr'>unum</span> 
     </span>
     <span class='ocr_line' id='line_1_15' title="bbox 221 1178 1993 1233; baseline 0.001 -14"><span class='ocrx_word' id='word_1_135' title='bbox 221 1178 452 1220; x_wconf 90' lang='lat' dir='ltr'>notarium</span> <span class='ocrx_word' id='word_1_136' title='bbox 493 1179 617 1231; x_wconf 86' lang='lat' dir='ltr'>regis</span> <span class='ocrx_word' id='word_1_137' title='bbox 656 1179 924 1232; x_wconf 86' lang='lat' dir='ltr'>Aragonum</span> <span class='ocrx_word' id='word_1_138' title='bbox 963 1182 1100 1232; x_wconf 89' lang='lat' dir='ltr'>atque</span> <span class='ocrx_word' id='word_1_139' title='bbox 1140 1179 1443 1232; x_wconf 89' lang='lat' dir='ltr'>apostolicum</span> <span class='ocrx_word' id='word_1_140' title='bbox 1484 1183 1529 1222; x_wconf 89' lang='lat' dir='ltr'>et</span> <span class='ocrx_word' id='word_1_141' title='bbox 1569 1179 1876 1233; x_wconf 85' lang='lat' dir='ltr'>imperialem,</span> <span class='ocrx_word' id='word_1_142' title='bbox 1915 1178 1993 1233; x_wconf 92' lang='lat' dir='ltr'>qui</span> 
     </span>
     <span class='ocr_line' id='line_1_16' title="bbox 221 1249 1994 1304; baseline 0.002 -14"><span class='ocrx_word' id='word_1_143' title='bbox 221 1249 577 1302; x_wconf 88' lang='lat' dir='ltr'>responsionem</span> <span class='ocrx_word' id='word_1_144' title='bbox 605 1249 881 1302; x_wconf 87' lang='lat' dir='ltr'>expectavit,</span> <span class='ocrx_word' id='word_1_145' title='bbox 911 1262 1048 1302; x_wconf 90' lang='lat' dir='ltr'>quam</span> <span class='ocrx_word' id='word_1_146' title='bbox 1077 1250 1206 1292; x_wconf 90' lang='lat' dir='ltr'>dedit</span> <span class='ocrx_word' id='word_1_147' title='bbox 1234 1250 1281 1292; x_wconf 93' lang='lat' dir='ltr'>in</span> <span class='ocrx_word' id='word_1_148' title='bbox 1311 1251 1509 1304; x_wconf 86' lang='lat' dir='ltr'>scriptis.</span> <span class='ocrx_word' id='word_1_149' title='bbox 1552 1250 1606 1292; x_wconf 89' lang='lat' dir='ltr'>Et</span> <span class='ocrx_word' id='word_1_150' title='bbox 1637 1250 1766 1292; x_wconf 90' lang='lat' dir='ltr'>illam</span> <span class='ocrx_word' id='word_1_151' title='bbox 1795 1249 1994 1304; x_wconf 84' lang='lat' dir='ltr'>prefatis</span> 
     </span>
     <span class='ocr_line' id='line_1_17' title="bbox 221 1320 1993 1374; baseline 0 -13"><span class='ocrx_word' id='word_1_152' title='bbox 221 1320 555 1373; x_wconf 90' lang='lat' dir='ltr'>exequtoribus</span> <span class='ocrx_word' id='word_1_153' title='bbox 597 1320 843 1362; x_wconf 88' lang='lat' dir='ltr'>Dertusam</span> <span class='ocrx_word' id='word_1_154' title='bbox 883 1321 969 1362; x_wconf 90' lang='lat' dir='ltr'>sub</span> <span class='ocrx_word' id='word_1_155' title='bbox 1009 1334 1092 1364; x_wconf 90' lang='lat' dir='ltr'>suo</span> <span class='ocrx_word' id='word_1_156' title='bbox 1132 1321 1263 1374; x_wconf 84' lang='lat' dir='ltr'>signo</span> <span class='ocrx_word' id='word_1_157' title='bbox 1304 1322 1570 1374; x_wconf 85' lang='lat' dir='ltr'>reportavit.</span> <span class='ocrx_word' id='word_1_158' title='bbox 1622 1320 1800 1364; x_wconf 82' lang='lat' dir='ltr'>Prefati</span> <span class='ocrx_word' id='word_1_159' title='bbox 1840 1323 1993 1364; x_wconf 90' lang='lat' dir='ltr'>autem</span> 
     </span>
     <span class='ocr_line' id='line_1_18' title="bbox 220 1391 1994 1444; baseline 0.001 -12"><span class='ocrx_word' id='word_1_160' title='bbox 220 1394 503 1444; x_wconf 83' lang='lat' dir='ltr'>exequtores</span> <span class='ocrx_word' id='word_1_161' title='bbox 526 1394 919 1444; x_wconf 89' lang='lat' dir='ltr'>presentaverunt</span> <span class='ocrx_word' id='word_1_162' title='bbox 942 1391 1137 1434; x_wconf 90' lang='lat' dir='ltr'>concilio</span> <span class='ocrx_word' id='word_1_163' title='bbox 1160 1392 1337 1434; x_wconf 87' lang='lat' dir='ltr'>bullam</span> <span class='ocrx_word' id='word_1_164' title='bbox 1360 1391 1610 1444; x_wconf 86' lang='lat' dir='ltr'>citacionis‚</span> <span class='ocrx_word' id='word_1_165' title='bbox 1636 1393 1994 1434; x_wconf 89' lang='lat' dir='ltr'>instrumentum</span> 
     </span>
     <span class='ocr_line' id='line_1_19' title="bbox 221 1463 1995 1516; baseline 0.001 -13"><span class='ocrx_word' id='word_1_166' title='bbox 221 1463 511 1505; x_wconf 85' lang='lat' dir='ltr'>executionis</span> <span class='ocrx_word' id='word_1_167' title='bbox 538 1465 584 1504; x_wconf 93' lang='lat' dir='ltr'>et</span> <span class='ocrx_word' id='word_1_168' title='bbox 611 1463 740 1505; x_wconf 92' lang='lat' dir='ltr'>aliud</span> <span class='ocrx_word' id='word_1_169' title='bbox 767 1463 1126 1504; x_wconf 89' lang='lat' dir='ltr'>instrumentum</span> <span class='ocrx_word' id='word_1_170' title='bbox 1154 1463 1490 1516; x_wconf 88' lang='lat' dir='ltr'>responsionis.</span> <span class='ocrx_word' id='word_1_171' title='bbox 1531 1463 1585 1505; x_wconf 88' lang='lat' dir='ltr'>Et</span> <span class='ocrx_word' id='word_1_172' title='bbox 1612 1463 1750 1516; x_wconf 89' lang='lat' dir='ltr'>plura</span> <span class='ocrx_word' id='word_1_173' title='bbox 1775 1475 1995 1506; x_wconf 88' lang='lat' dir='ltr'>narrave-</span> 
     </span>
     <span class='ocr_line' id='line_1_20' title="bbox 222 1533 1814 1587; baseline 0.001 -12"><span class='ocrx_word' id='word_1_174' title='bbox 222 1536 329 1575; x_wconf 92' lang='lat' dir='ltr'>runt</span> <span class='ocrx_word' id='word_1_175' title='bbox 351 1534 408 1575; x_wconf 92' lang='lat' dir='ltr'>de</span> <span class='ocrx_word' id='word_1_176' title='bbox 432 1534 554 1576; x_wconf 91' lang='lat' dir='ltr'>bona</span> <span class='ocrx_word' id='word_1_177' title='bbox 579 1533 842 1576; x_wconf 88' lang='lat' dir='ltr'>intencione</span> <span class='ocrx_word' id='word_1_178' title='bbox 866 1537 911 1576; x_wconf 95' lang='lat' dir='ltr'>et</span> <span class='ocrx_word' id='word_1_179' title='bbox 935 1533 1170 1576; x_wconf 91' lang='lat' dir='ltr'>desiderio</span> <span class='ocrx_word' id='word_1_180' title='bbox 1192 1533 1380 1577; x_wconf 88' lang='lat' dir='ltr'>unionis</span> <span class='ocrx_word' id='word_1_181' title='bbox 1402 1533 1449 1575; x_wconf 93' lang='lat' dir='ltr'>in</span> <span class='ocrx_word' id='word_1_182' title='bbox 1473 1533 1567 1576; x_wconf 92' lang='lat' dir='ltr'>illis</span> <span class='ocrx_word' id='word_1_183' title='bbox 1589 1534 1814 1587; x_wconf 88' lang='lat' dir='ltr'>partibus.</span> 
     </span>
    </p>
   </div>
   <div class='ocr_carea' id='block_1_4' title="bbox 222 1616 1997 2237">
    <p class='ocr_par' dir='ltr' id='par_1_4' title="bbox 222 1616 1997 2237">
     <span class='ocr_line' id='line_1_21' title="bbox 339 1616 1995 1670; baseline 0 -12"><span class='ocrx_word' id='word_1_184' title='bbox 339 1616 641 1670; x_wconf 63' lang='lat' dir='ltr'>Responsioa)</span> <span class='ocrx_word' id='word_1_185' title='bbox 678 1620 831 1659; x_wconf 88' lang='lat' dir='ltr'>autem</span> <span class='ocrx_word' id='word_1_186' title='bbox 865 1617 971 1659; x_wconf 90' lang='lat' dir='ltr'>dicti</span> <span class='ocrx_word' id='word_1_187' title='bbox 1005 1617 1046 1659; x_wconf 91' lang='lat' dir='ltr'>d.</span> <span class='ocrx_word' id='word_1_188' title='bbox 1081 1617 1207 1659; x_wconf 88' lang='lat' dir='ltr'>Petri</span> <span class='ocrx_word' id='word_1_189' title='bbox 1240 1617 1287 1659; x_wconf 92' lang='lat' dir='ltr'>in</span> <span class='ocrx_word' id='word_1_190' title='bbox 1318 1617 1551 1670; x_wconf 90' lang='lat' dir='ltr'>principio</span> <span class='ocrx_word' id='word_1_191' title='bbox 1584 1617 1788 1658; x_wconf 90' lang='lat' dir='ltr'>continet</span> <span class='ocrx_word' id='word_1_192' title='bbox 1820 1617 1995 1670; x_wconf 88' lang='lat' dir='ltr'>impug-</span> 
     </span>
     <span class='ocr_line' id='line_1_22' title="bbox 222 1687 1994 1741; baseline 0 -12"><span class='ocrx_word' id='word_1_193' title='bbox 222 1687 465 1729; x_wconf 84' lang='lat' dir='ltr'>nacionem</span> <span class='ocrx_word' id='word_1_194' title='bbox 487 1687 723 1730; x_wconf 88' lang='lat' dir='ltr'>citacionis</span> <span class='ocrx_word' id='word_1_195' title='bbox 747 1688 794 1729; x_wconf 91' lang='lat' dir='ltr'>in</span> <span class='ocrx_word' id='word_1_196' title='bbox 814 1687 919 1741; x_wconf 88' lang='lat' dir='ltr'>hiis,</span> <span class='ocrx_word' id='word_1_197' title='bbox 943 1701 1032 1741; x_wconf 90' lang='lat' dir='ltr'>que</span> <span class='ocrx_word' id='word_1_198' title='bbox 1055 1688 1177 1730; x_wconf 84' lang='lat' dir='ltr'>facta</span> <span class='ocrx_word' id='word_1_199' title='bbox 1199 1690 1319 1741; x_wconf 91' lang='lat' dir='ltr'>sunt,</span> <span class='ocrx_word' id='word_1_200' title='bbox 1343 1700 1433 1741; x_wconf 92' lang='lat' dir='ltr'>que</span> <span class='ocrx_word' id='word_1_201' title='bbox 1455 1688 1545 1741; x_wconf 90' lang='lat' dir='ltr'>vel,</span> <span class='ocrx_word' id='word_1_202' title='bbox 1569 1687 1750 1740; x_wconf 88' lang='lat' dir='ltr'>asserit,</span> <span class='ocrx_word' id='word_1_203' title='bbox 1771 1700 1866 1730; x_wconf 91' lang='lat' dir='ltr'>non</span> <span class='ocrx_word' id='word_1_204' title='bbox 1887 1699 1994 1729; x_wconf 88' lang='lat' dir='ltr'>esse</span> 
     </span>
     <span class='ocr_line' id='line_1_23' title="bbox 223 1758 1995 1812; baseline 0.001 -13"><span class='ocrx_word' id='word_1_205' title='bbox 223 1771 348 1811; x_wconf 79' lang='lat' dir='ltr'>vera,</span> <span class='ocrx_word' id='word_1_206' title='bbox 375 1759 449 1800; x_wconf 91' lang='lat' dir='ltr'>vel</span> <span class='ocrx_word' id='word_1_207' title='bbox 476 1771 582 1801; x_wconf 90' lang='lat' dir='ltr'>esse</span> <span class='ocrx_word' id='word_1_208' title='bbox 608 1758 743 1801; x_wconf 82' lang='lat' dir='ltr'>falsa.</span> <span class='ocrx_word' id='word_1_209' title='bbox 783 1758 979 1801; x_wconf 91' lang='lat' dir='ltr'>Demum</span> <span class='ocrx_word' id='word_1_210' title='bbox 1006 1759 1229 1801; x_wconf 81' lang='lat' dir='ltr'>iustificat</span> <span class='ocrx_word' id='word_1_211' title='bbox 1255 1771 1306 1801; x_wconf 89' lang='lat' dir='ltr'>se</span> <span class='ocrx_word' id='word_1_212' title='bbox 1332 1771 1418 1812; x_wconf 93' lang='lat' dir='ltr'>per</span> <span class='ocrx_word' id='word_1_213' title='bbox 1445 1759 1545 1801; x_wconf 88' lang='lat' dir='ltr'>vias</span> <span class='ocrx_word' id='word_1_214' title='bbox 1571 1771 1657 1812; x_wconf 90' lang='lat' dir='ltr'>per</span> <span class='ocrx_word' id='word_1_215' title='bbox 1682 1771 1789 1800; x_wconf 91' lang='lat' dir='ltr'>eum</span> <span class='ocrx_word' id='word_1_216' title='bbox 1814 1758 1995 1801; x_wconf 89' lang='lat' dir='ltr'>oblatas</span> 
     </span>
     <span class='ocr_line' id='line_1_24' title="bbox 224 1828 1996 1883; baseline 0 -13"><span class='ocrx_word' id='word_1_217' title='bbox 224 1831 270 1871; x_wconf 91' lang='lat' dir='ltr'>in</span> <span class='ocrx_word' id='word_1_218' title='bbox 300 1830 598 1882; x_wconf 87' lang='lat' dir='ltr'>Perpiniano,</span> <span class='ocrx_word' id='word_1_219' title='bbox 626 1830 812 1882; x_wconf 90' lang='lat' dir='ltr'>quando</span> <span class='ocrx_word' id='word_1_220' title='bbox 839 1830 925 1872; x_wconf 77' lang='lat' dir='ltr'>fuit</span> <span class='ocrx_word' id='word_1_221' title='bbox 954 1830 1016 1871; x_wconf 91' lang='lat' dir='ltr'>ibi</span> <span class='ocrx_word' id='word_1_222' title='bbox 1046 1842 1130 1872; x_wconf 92' lang='lat' dir='ltr'>rex</span> <span class='ocrx_word' id='word_1_223' title='bbox 1158 1830 1485 1883; x_wconf 89' lang='lat' dir='ltr'>Romanorum,</span> <span class='ocrx_word' id='word_1_224' title='bbox 1513 1842 1629 1883; x_wconf 83' lang='lat' dir='ltr'>quas</span> <span class='ocrx_word' id='word_1_225' title='bbox 1656 1829 1824 1872; x_wconf 87' lang='lat' dir='ltr'>iterum</span> <span class='ocrx_word' id='word_1_226' title='bbox 1852 1828 1996 1871; x_wconf 83' lang='lat' dir='ltr'>offert</span> 
     </span>
     <span class='ocr_line' id='line_1_25' title="bbox 224 1900 1995 1954; baseline -0.001 -12"><span class='ocrx_word' id='word_1_227' title='bbox 224 1904 267 1942; x_wconf 90' lang='lat' dir='ltr'>et</span> <span class='ocrx_word' id='word_1_228' title='bbox 293 1900 410 1944; x_wconf 89' lang='lat' dir='ltr'>alias</span> <span class='ocrx_word' id='word_1_229' title='bbox 436 1900 557 1942; x_wconf 90' lang='lat' dir='ltr'>inter</span> <span class='ocrx_word' id='word_1_230' title='bbox 581 1903 736 1943; x_wconf 89' lang='lat' dir='ltr'>cetera</span> <span class='ocrx_word' id='word_1_231' title='bbox 763 1904 839 1943; x_wconf 88' lang='lat' dir='ltr'>aut</span> <span class='ocrx_word' id='word_1_232' title='bbox 865 1901 1103 1954; x_wconf 84' lang='lat' dir='ltr'>impugnat</span> <span class='ocrx_word' id='word_1_233' title='bbox 1128 1901 1213 1943; x_wconf 89' lang='lat' dir='ltr'>hoc</span> <span class='ocrx_word' id='word_1_234' title='bbox 1240 1913 1421 1943; x_wconf 89' lang='lat' dir='ltr'>sacrum</span> <span class='ocrx_word' id='word_1_235' title='bbox 1447 1900 1691 1942; x_wconf 86' lang='lat' dir='ltr'>concilium</span> <span class='ocrx_word' id='word_1_236' title='bbox 1717 1900 1878 1943; x_wconf 90' lang='lat' dir='ltr'>dicens</span> <span class='ocrx_word' id='word_1_237' title='bbox 1901 1912 1995 1942; x_wconf 92' lang='lat' dir='ltr'>non</span> 
     </span>
     <span class='ocr_line' id='line_1_26' title="bbox 224 1971 1994 2024; baseline 0 -11"><span class='ocrx_word' id='word_1_238' title='bbox 224 1984 362 2024; x_wconf 87' lang='lat' dir='ltr'>posse</span> <span class='ocrx_word' id='word_1_239' title='bbox 387 1984 492 2014; x_wconf 88' lang='lat' dir='ltr'>esse</span> <span class='ocrx_word' id='word_1_240' title='bbox 518 1972 741 2024; x_wconf 87' lang='lat' dir='ltr'>generale</span> <span class='ocrx_word' id='word_1_241' title='bbox 768 1971 1026 2024; x_wconf 86' lang='lat' dir='ltr'>concilium,</span> <span class='ocrx_word' id='word_1_242' title='bbox 1053 1972 1271 2024; x_wconf 86' lang='lat' dir='ltr'>quoniam</span> <span class='ocrx_word' id='word_1_243' title='bbox 1297 1972 1415 2013; x_wconf 76' lang='lat' dir='ltr'>nulli</span> <span class='ocrx_word' id='word_1_244' title='bbox 1442 1975 1548 2014; x_wconf 90' lang='lat' dir='ltr'>sunt</span> <span class='ocrx_word' id='word_1_245' title='bbox 1572 1971 1851 2024; x_wconf 90' lang='lat' dir='ltr'>cardinales,</span> <span class='ocrx_word' id='word_1_246' title='bbox 1876 1971 1994 2013; x_wconf 92' lang='lat' dir='ltr'>nulli</span> 
     </span>
     <span class='ocr_line' id='line_1_27' title="bbox 224 2041 1997 2096; baseline 0.001 -13"><span class='ocrx_word' id='word_1_247' title='bbox 224 2042 444 2096; x_wconf 85' lang='lat' dir='ltr'>episcopi.</span> <span class='ocrx_word' id='word_1_248' title='bbox 487 2043 593 2095; x_wconf 91' lang='lat' dir='ltr'>Ipse</span> <span class='ocrx_word' id='word_1_249' title='bbox 621 2043 746 2084; x_wconf 92' lang='lat' dir='ltr'>enim</span> <span class='ocrx_word' id='word_1_250' title='bbox 775 2042 885 2084; x_wconf 94' lang='lat' dir='ltr'>olim</span> <span class='ocrx_word' id='word_1_251' title='bbox 912 2055 1074 2084; x_wconf 91' lang='lat' dir='ltr'>omnes</span> <span class='ocrx_word' id='word_1_252' title='bbox 1103 2043 1150 2084; x_wconf 93' lang='lat' dir='ltr'>in</span> <span class='ocrx_word' id='word_1_253' title='bbox 1180 2055 1262 2085; x_wconf 91' lang='lat' dir='ltr'>sua</span> <span class='ocrx_word' id='word_1_254' title='bbox 1291 2042 1567 2084; x_wconf 88' lang='lat' dir='ltr'>obediencia</span> <span class='ocrx_word' id='word_1_255' title='bbox 1595 2041 1811 2096; x_wconf 89' lang='lat' dir='ltr'>deposuit</span> <span class='ocrx_word' id='word_1_256' title='bbox 1837 2044 1997 2095; x_wconf 86' lang='lat' dir='ltr'>preter</span> 
     </span>
     <span class='ocr_line' id='line_1_28' title="bbox 224 2112 1995 2166; baseline -0.001 -11"><span class='ocrx_word' id='word_1_257' title='bbox 224 2113 344 2166; x_wconf 90' lang='lat' dir='ltr'>illos,</span> <span class='ocrx_word' id='word_1_258' title='bbox 374 2114 451 2166; x_wconf 90' lang='lat' dir='ltr'>qui</span> <span class='ocrx_word' id='word_1_259' title='bbox 480 2114 567 2156; x_wconf 87' lang='lat' dir='ltr'>sibi</span> <span class='ocrx_word' id='word_1_260' title='bbox 596 2113 899 2155; x_wconf 89' lang='lat' dir='ltr'>adherebant.</span> <span class='ocrx_word' id='word_1_261' title='bbox 941 2114 995 2155; x_wconf 91' lang='lat' dir='ltr'>Et</span> <span class='ocrx_word' id='word_1_262' title='bbox 1022 2112 1145 2155; x_wconf 92' lang='lat' dir='ltr'>idem</span> <span class='ocrx_word' id='word_1_263' title='bbox 1174 2113 1284 2155; x_wconf 85' lang='lat' dir='ltr'>fecit</span> <span class='ocrx_word' id='word_1_264' title='bbox 1312 2113 1568 2166; x_wconf 83' lang='lat' dir='ltr'>Gregorius</span> <span class='ocrx_word' id='word_1_265' title='bbox 1597 2113 1655 2155; x_wconf 88' lang='lat' dir='ltr'>de</span> <span class='ocrx_word' id='word_1_266' title='bbox 1683 2113 1794 2156; x_wconf 91' lang='lat' dir='ltr'>suis.</span> <span class='ocrx_word' id='word_1_267' title='bbox 1840 2112 1995 2165; x_wconf 91' lang='lat' dir='ltr'>Immo,</span> 
     </span>
     <span class='ocr_line' id='line_1_29' title="bbox 225 2184 1811 2237; baseline -0.001 -11"><span class='ocrx_word' id='word_1_268' title='bbox 225 2184 347 2237; x_wconf 90' lang='lat' dir='ltr'>quod</span> <span class='ocrx_word' id='word_1_269' title='bbox 374 2197 550 2236; x_wconf 86' lang='lat' dir='ltr'>omnes,</span> <span class='ocrx_word' id='word_1_270' title='bbox 579 2184 656 2236; x_wconf 86' lang='lat' dir='ltr'>qui</span> <span class='ocrx_word' id='word_1_271' title='bbox 687 2187 792 2226; x_wconf 93' lang='lat' dir='ltr'>sunt</span> <span class='ocrx_word' id='word_1_272' title='bbox 818 2184 904 2236; x_wconf 89' lang='lat' dir='ltr'>hic,</span> <span class='ocrx_word' id='word_1_273' title='bbox 933 2187 1038 2226; x_wconf 93' lang='lat' dir='ltr'>sunt</span> <span class='ocrx_word' id='word_1_274' title='bbox 1066 2184 1309 2226; x_wconf 87' lang='lat' dir='ltr'>scismatici</span> <span class='ocrx_word' id='word_1_275' title='bbox 1340 2187 1385 2226; x_wconf 91' lang='lat' dir='ltr'>et</span> <span class='ocrx_word' id='word_1_276' title='bbox 1413 2184 1811 2226; x_wconf 87' lang='lat' dir='ltr'>excommunicati.</span> 
     </span>
    </p>
   </div>
   <div class='ocr_carea' id='block_1_5' title="bbox 227 2266 1998 2816">
    <p class='ocr_par' dir='ltr' id='par_1_5' title="bbox 344 2266 1598 2320">
     <span class='ocr_line' id='line_1_30' title="bbox 344 2266 1598 2320; baseline -0.002 -11"><span class='ocrx_word' id='word_1_277' title='bbox 344 2267 497 2309; x_wconf 91' lang='lat' dir='ltr'>Tenor</span> <span class='ocrx_word' id='word_1_278' title='bbox 532 2267 650 2308; x_wconf 89' lang='lat' dir='ltr'>dicte</span> <span class='ocrx_word' id='word_1_279' title='bbox 687 2266 1008 2320; x_wconf 85' lang='lat' dir='ltr'>responsionis</span> <span class='ocrx_word' id='word_1_280' title='bbox 1044 2266 1254 2319; x_wconf 89' lang='lat' dir='ltr'>sequitur</span> <span class='ocrx_word' id='word_1_281' title='bbox 1288 2270 1334 2309; x_wconf 91' lang='lat' dir='ltr'>et</span> <span class='ocrx_word' id='word_1_282' title='bbox 1368 2270 1437 2308; x_wconf 92' lang='lat' dir='ltr'>est</span> <span class='ocrx_word' id='word_1_283' title='bbox 1473 2267 1598 2308; x_wconf 89' lang='lat' dir='ltr'>talis:</span> 
     </span>
    </p>

    <p class='ocr_par' dir='ltr' id='par_1_6' title="bbox 343 2336 1935 2391">
     <span class='ocr_line' id='line_1_31' title="bbox 343 2336 1935 2391; baseline 0 -12"><span class='ocrx_word' id='word_1_284' title='bbox 343 2338 671 2380; x_wconf 87' lang='lat' dir='ltr'>Sanctissimus</span> <span class='ocrx_word' id='word_1_285' title='bbox 699 2341 745 2379; x_wconf 92' lang='lat' dir='ltr'>et</span> <span class='ocrx_word' id='word_1_286' title='bbox 774 2337 1070 2380; x_wconf 87' lang='lat' dir='ltr'>beatissimus</span> <span class='ocrx_word' id='word_1_287' title='bbox 1099 2337 1313 2379; x_wconf 89' lang='lat' dir='ltr'>dominus</span> <span class='ocrx_word' id='word_1_288' title='bbox 1342 2339 1501 2380; x_wconf 89' lang='lat' dir='ltr'>noster</span> <span class='ocrx_word' id='word_1_289' title='bbox 1531 2371 1539 2378; x_wconf 91' lang='lat'>.</span> <span class='ocrx_word' id='word_1_290' title='bbox 1576 2371 1583 2378; x_wconf 95' lang='lat'>.</span> <span class='ocrx_word' id='word_1_291' title='bbox 1620 2371 1628 2378; x_wconf 93' lang='lat'>.</span> <span class='ocrx_word' id='word_1_292' title='bbox 1657 2336 1935 2391; x_wconf 86' lang='lat' dir='ltr'>predictis.¹)</span> 
     </span>
    </p>

    <p class='ocr_par' dir='ltr' id='par_1_7' title="bbox 346 2409 797 2463">
     <span class='ocr_line' id='line_1_32' title="bbox 346 2409 797 2463; baseline 0.002 -13"><span class='ocrx_word' id='word_1_293' title='bbox 346 2409 650 2451; x_wconf 89' lang='lat' dir='ltr'>Presentibus</span> <span class='ocrx_word' id='word_1_294' title='bbox 672 2409 797 2463; x_wconf 81' lang='lat' dir='ltr'>ete.²)</span> 
     </span>
    </p>

    <p class='ocr_par' dir='ltr' id='par_1_8' title="bbox 227 2478 1998 2816">
     <span class='ocr_line' id='line_1_33' title="bbox 345 2478 1996 2532; baseline 0 -12"><span class='ocrx_word' id='word_1_295' title='bbox 345 2480 452 2522; x_wconf 89' lang='lat' dir='ltr'>Post</span> <span class='ocrx_word' id='word_1_296' title='bbox 486 2480 571 2521; x_wconf 89' lang='lat' dir='ltr'>hec</span> <span class='ocrx_word' id='word_1_297' title='bbox 606 2480 693 2521; x_wconf 82' lang='lat' dir='ltr'>fuit</span> <span class='ocrx_word' id='word_1_298' title='bbox 728 2479 845 2521; x_wconf 89' lang='lat' dir='ltr'>lecta</span> <span class='ocrx_word' id='word_1_299' title='bbox 881 2479 1163 2532; x_wconf 87' lang='lat' dir='ltr'>approbacio</span> <span class='ocrx_word' id='word_1_300' title='bbox 1199 2478 1532 2521; x_wconf 87' lang='lat' dir='ltr'>subtraccionis</span> <span class='ocrx_word' id='word_1_301' title='bbox 1567 2478 1841 2521; x_wconf 87' lang='lat' dir='ltr'>obediencie</span> <span class='ocrx_word' id='word_1_302' title='bbox 1876 2478 1996 2521; x_wconf 86' lang='lat' dir='ltr'>facte</span> 
     </span>
     <span class='ocr_line' id='line_1_34' title="bbox 228 2549 1998 2603; baseline 0 -12"><span class='ocrx_word' id='word_1_303' title='bbox 228 2563 313 2603; x_wconf 93' lang='lat' dir='ltr'>per</span> <span class='ocrx_word' id='word_1_304' title='bbox 334 2563 491 2603; x_wconf 86' lang='lat' dir='ltr'>regem</span> <span class='ocrx_word' id='word_1_305' title='bbox 512 2550 778 2602; x_wconf 81' lang='lat' dir='ltr'>Aragonum</span> <span class='ocrx_word' id='word_1_306' title='bbox 800 2550 938 2592; x_wconf 91' lang='lat' dir='ltr'>Petro</span> <span class='ocrx_word' id='word_1_307' title='bbox 958 2549 1015 2591; x_wconf 90' lang='lat' dir='ltr'>de</span> <span class='ocrx_word' id='word_1_308' title='bbox 1037 2549 1179 2592; x_wconf 90' lang='lat' dir='ltr'>Luna.</span> <span class='ocrx_word' id='word_1_309' title='bbox 1215 2549 1358 2592; x_wconf 89' lang='lat' dir='ltr'>Cuius</span> <span class='ocrx_word' id='word_1_310' title='bbox 1379 2552 1512 2592; x_wconf 87' lang='lat' dir='ltr'>tenor</span> <span class='ocrx_word' id='word_1_311' title='bbox 1533 2549 1751 2602; x_wconf 87' lang='lat' dir='ltr'>superius</span> <span class='ocrx_word' id='word_1_312' title='bbox 1771 2549 1818 2591; x_wconf 93' lang='lat' dir='ltr'>in</span> <span class='ocrx_word' id='word_1_313' title='bbox 1839 2561 1998 2602; x_wconf 86' lang='lat' dir='ltr'>recep-</span> 
     </span>
     <span class='ocr_line' id='line_1_35' title="bbox 227 2619 1998 2673; baseline -0.001 -11"><span class='ocrx_word' id='word_1_314' title='bbox 227 2622 359 2663; x_wconf 85' lang='lat' dir='ltr'>cione</span> <span class='ocrx_word' id='word_1_315' title='bbox 391 2621 612 2663; x_wconf 91' lang='lat' dir='ltr'>inseritur</span> <span class='ocrx_word' id='word_1_316' title='bbox 645 2633 745 2662; x_wconf 85' lang='lat' dir='ltr'>cum</span> <span class='ocrx_word' id='word_1_317' title='bbox 779 2620 1100 2662; x_wconf 88' lang='lat' dir='ltr'>declaracione</span> <span class='ocrx_word' id='word_1_318' title='bbox 1135 2620 1345 2662; x_wconf 91' lang='lat' dir='ltr'>eiusdem</span> <span class='ocrx_word' id='word_1_319' title='bbox 1380 2619 1725 2662; x_wconf 89' lang='lat' dir='ltr'>constitucionis</span> <span class='ocrx_word' id='word_1_320' title='bbox 1758 2619 1879 2663; x_wconf 86' lang='lat' dir='ltr'>facte</span> <span class='ocrx_word' id='word_1_321' title='bbox 1912 2631 1998 2673; x_wconf 91' lang='lat' dir='ltr'>per</span> 
     </span>
     <span class='ocr_line' id='line_1_36' title="bbox 227 2690 1998 2733; baseline -0.001 0"><span class='ocrx_word' id='word_1_322' title='bbox 227 2691 429 2733; x_wconf 90' lang='lat' dir='ltr'>eundem</span> <span class='ocrx_word' id='word_1_323' title='bbox 460 2692 646 2733; x_wconf 89' lang='lat' dir='ltr'>Petrum</span> <span class='ocrx_word' id='word_1_324' title='bbox 677 2692 734 2733; x_wconf 90' lang='lat' dir='ltr'>de</span> <span class='ocrx_word' id='word_1_325' title='bbox 766 2691 896 2733; x_wconf 91' lang='lat' dir='ltr'>Luna</span> <span class='ocrx_word' id='word_1_326' title='bbox 926 2694 1085 2733; x_wconf 91' lang='lat' dir='ltr'>contra</span> <span class='ocrx_word' id='word_1_327' title='bbox 1116 2691 1445 2733; x_wconf 89' lang='lat' dir='ltr'>subtrahentes</span> <span class='ocrx_word' id='word_1_328' title='bbox 1475 2690 1811 2733; x_wconf 86' lang='lat' dir='ltr'>obedienciam.</span> <span class='ocrx_word' id='word_1_329' title='bbox 1854 2690 1998 2733; x_wconf 87' lang='lat' dir='ltr'>Cuius</span> 
     </span>
     <span class='ocr_line' id='line_1_37' title="bbox 229 2761 1001 2816; baseline -0.001 -12"><span class='ocrx_word' id='word_1_330' title='bbox 229 2762 586 2816; x_wconf 88' lang='lat' dir='ltr'>approbacionis</span> <span class='ocrx_word' id='word_1_331' title='bbox 615 2765 749 2804; x_wconf 91' lang='lat' dir='ltr'>tenor</span> <span class='ocrx_word' id='word_1_332' title='bbox 778 2761 884 2804; x_wconf 90' lang='lat' dir='ltr'>talis</span> <span class='ocrx_word' id='word_1_333' title='bbox 913 2764 1001 2804; x_wconf 92' lang='lat' dir='ltr'>est:</span> 
     </span>
    </p>
   </div>
   <div class='ocr_carea' id='block_1_6' title="bbox 335 2913 917 2948">
    <p class='ocr_par' dir='ltr' id='par_1_9' title="bbox 335 2913 917 2948">
     <span class='ocr_line' id='line_1_38' title="bbox 335 2913 917 2948; baseline 0 -7"><span class='ocrx_word' id='word_1_334' title='bbox 335 2916 362 2948; x_wconf 89' lang='lat' dir='ltr'>c)</span> <span class='ocrx_word' id='word_1_335' title='bbox 386 2916 451 2942; x_wconf 71' lang='lat' dir='ltr'>Der</span> <span class='ocrx_word' id='word_1_336' title='bbox 470 2922 570 2948; x_wconf 74' lang='lat' dir='ltr'>,qanze</span> <span class='ocrx_word' id='word_1_337' title='bbox 590 2915 757 2943; x_wconf 73' lang='lat' dir='ltr'>Ahschnitt</span> <span class='ocrx_word' id='word_1_338' title='bbox 780 2913 861 2947; x_wconf 70' lang='lat' dir='ltr'>fehlt</span> <span class='ocrx_word' id='word_1_339' title='bbox 881 2915 917 2941; x_wconf 90' lang='lat' dir='ltr'>B.</span> 
     </span>
    </p>
   </div>
   <div class='ocr_carea' id='block_1_7' title="bbox 349 2973 1402 3077">
    <p class='ocr_par' dir='ltr' id='par_1_10' title="bbox 349 2973 1402 3077">
     <span class='ocr_line' id='line_1_39' title="bbox 349 2973 1402 3029; baseline -0.003 -18"><span class='ocrx_word' id='word_1_340' title='bbox 349 2977 380 3018; x_wconf 84' lang='lat'>1)</span> <span class='ocrx_word' id='word_1_341' title='bbox 406 2976 527 3011; x_wconf 79' lang='lat' dir='ltr'>Hardt</span> <span class='ocrx_word' id='word_1_342' title='bbox 551 2976 616 3017; x_wconf 83' lang='lat' dir='ltr'>IV,</span> <span class='ocrx_word' id='word_1_343' title='bbox 643 2975 844 3017; x_wconf 77' lang='lat'>1162—74,·</span> <span class='ocrx_word' id='word_1_344' title='bbox 873 2975 997 3010; x_wconf 80' lang='lat' dir='ltr'>Mansi</span> <span class='ocrx_word' id='word_1_345' title='bbox 1022 2973 1091 3008; x_wconf 89' lang='lat' dir='ltr'>XX</span> <span class='ocrx_word' id='word_1_346' title='bbox 1105 2973 1182 3029; x_wconf 66' lang='lat' dir='ltr'>HI,</span> <span class='ocrx_word' id='word_1_347' title='bbox 1210 2973 1402 3008; x_wconf 82' lang='lat'>1041—46.</span> 
     </span>
     <span class='ocr_line' id='line_1_40' title="bbox 349 3032 1227 3077; baseline -0.002 -8"><span class='ocrx_word' id='word_1_348' title='bbox 349 3035 380 3077; x_wconf 87' lang='lat'>2)</span> <span class='ocrx_word' id='word_1_349' title='bbox 411 3035 532 3070; x_wconf 77' lang='lat' dir='ltr'>Hardt</span> <span class='ocrx_word' id='word_1_350' title='bbox 560 3034 623 3075; x_wconf 80' lang='lat' dir='ltr'>IV,</span> <span class='ocrx_word' id='word_1_351' title='bbox 656 3035 755 3077; x_wconf 78' lang='lat'>1174,</span> <span class='ocrx_word' id='word_1_352' title='bbox 784 3034 909 3068; x_wconf 81' lang='lat' dir='ltr'>Mansi</span> <span class='ocrx_word' id='word_1_353' title='bbox 938 3032 1098 3075; x_wconf 87' lang='lat' dir='ltr'>XXVII,</span> <span class='ocrx_word' id='word_1_354' title='bbox 1127 3033 1227 3068; x_wconf 81' lang='lat'>1048.</span> 
     </span>
    </p>
   </div>
  </div>
 </body>
</html>
