2227 3434
542 201 580 234 E.
622 201 700 236 Der
725 201 824 235 liber
848 204 1041 245 gestorum
1070 201 1138 234 des
1165 200 1405 236 Cerretanus.
1773 201 1857 243 317

91 319 354 362 fallibiliter
385 318 722 361 destinabimus
752 319 957 372 eosdem,
989 322 1033 361 et
1064 319 1142 360 ubi
1174 322 1383 371 tempore
1415 331 1507 360 non
1538 319 1859 371 pertingerent

91 393 253 444 ortato,
290 393 526 443 acceptum
561 402 621 432 ex
656 402 777 431 nunc
814 390 1053 442 habemus,
1091 390 1214 442 quod
1249 389 1308 431 ad
1344 389 1567 431 ulteriora
1602 389 1858 442 procedere

90 461 300 513 valeatis,
326 464 476 503 ratum
502 464 546 503 et
570 465 751 514 gratum
775 461 994 514 habituri,
1019 460 1244 513 quidquid
1270 460 1527 502 eorundem
1554 460 1858 513 capitulorum

90 535 245 574 tamen
280 535 464 574 servato
498 535 660 573 tenore
695 531 960 573 faciendum
996 532 1242 583 duxeritis3
1279 531 1498 584 quoniam
1532 534 1576 572 et
1611 530 1759 582 aliter,
1795 531 1860 571 in-

90 606 311 656 quantum
343 615 428 645 nos
458 602 706 654 concernit,
738 602 961 644 talentum
994 602 1128 644 nobis
1160 615 1184 644 a
1215 602 1401 644 domino
1431 601 1656 643 creditum
1689 604 1859 653 sancte,

92 675 210 716 iuste
241 677 286 716 et
314 673 522 716 fideliter
553 673 705 715 eidem
737 677 781 715 et
812 674 932 715 alme
964 674 1097 715 matri
1128 676 1286 715 nostre
1318 673 1513 715 ecclesie
1546 672 1860 714 infallibiliter

90 745 427 797 persolvemus.
463 744 560 796 Que
585 747 676 786 tam
701 757 785 797 pro
810 744 1033 785 dictorum
1058 747 1292 785 oratorum
1316 743 1507 796 aliquali
1533 756 1674 797 super
1697 756 1858 785 eorum

90 815 162 857 hic
193 815 315 858 facta
347 819 392 858 et
423 815 611 858 interim
644 814 859 857 facienda
892 827 1021 857 mora
1054 815 1354 857 excusatione
1388 827 1524 867 quam
1559 827 1671 856 vera
1703 826 1861 856 conso-

91 886 262 929 latione
291 887 461 929 vestris
490 886 706 928 duximus
735 886 901 928 merito
930 885 1219 938 presentium
1250 885 1371 928 serie
1402 885 1628 938 signanda
1657 886 1860 938 paterni-

89 957 275 1011 tatibus,
307 969 423 1010 quas
456 957 514 999 ad
546 969 704 999 veram
738 961 782 999 et
813 956 1070 1010 perfectam
1104 969 1266 1009 pacem
1298 960 1342 998 et
1375 957 1593 998 unionem
1627 956 1861 1009 predictas

91 1028 387 1082 debitamque
426 1032 471 1070 et
508 1028 774 1070 canonicam
814 1028 1194 1070 reformationem
1234 1028 1351 1069 dicte
1389 1027 1585 1069 ecclesie
1626 1028 1672 1068 in
1710 1027 1859 1080 capite

91 1103 136 1142 et
159 1100 205 1141 in
230 1099 452 1142 membris
477 1112 527 1141 ac
551 1100 756 1141 heresim
780 1103 825 1141 et
849 1099 1046 1141 aliorum
1072 1098 1337 1140 illicitorum
1363 1099 1590 1151 integram
1614 1102 1659 1140 et
1684 1099 1859 1139 realem

90 1170 474 1224 exstirpationem
511 1182 790 1212 conservare
829 1170 1043 1223 dignetur
1080 1170 1126 1210 in
1164 1169 1453 1222 longitudine
1490 1169 1670 1211 dierum
1706 1172 1860 1222 optata

90 1241 220 1284 filius
241 1241 450 1296 virginis,
473 1242 530 1283 de
553 1241 683 1284 cuius
705 1254 878 1294 sponsa
899 1242 1063 1294 agitur,
1087 1240 1257 1293 quique
1280 1240 1391 1282 vivit
1411 1244 1457 1282 et
1479 1244 1641 1294 regnat
1664 1241 1710 1281 in
1734 1253 1860 1282 secu-

91 1313 241 1354 lorum
276 1313 432 1355 secula
467 1312 740 1355 benedictus
773 1313 935 1354 Amen.
984 1312 1145 1364 Script.
1182 1312 1305 1364 apud
1341 1311 1694 1365 Vallemoletifl)
1749 1311 1859 1352 Item

89 1387 190 1426 erat
222 1383 384 1426 fienda
415 1383 580 1426 similis
613 1384 798 1426 mutatis
830 1383 1063 1425 mutandis
1097 1383 1137 1424 d.
1172 1382 1441 1436 imperatori
1473 1386 1555 1426 etc.

207 1454 369 1496 Revmo
400 1455 428 1496 i.
463 1454 568 1496 Chr.
601 1467 644 1508 p.
679 1458 724 1496 et
755 1454 796 1496 d.
831 1454 871 1496 d.
907 1454 953 1496 F.
987 1454 1337 1507 archiepiscopo
1369 1453 1660 1495 Narbonensi
1693 1456 1738 1495 et
1769 1453 1861 1506 pri-

92 1525 214 1579 mati,
239 1539 274 1568 s.
299 1526 349 1568 R.
374 1538 414 1567 e.
439 1525 709 1577 camerario,
735 1525 776 1567 d.
802 1538 905 1566 meo
929 1525 1326 1566 metuendissimo.
1364 1525 1473 1566 Rev.
1498 1537 1541 1577 p.
1567 1527 1611 1566 et
1636 1524 1678 1565 d.
1701 1527 1861 1565 noster

90 1596 462 1650 singularissime
483 1597 647 1638 humili
669 1596 1076 1638 recomendatione
1100 1596 1348 1649 premissa!
1383 1595 1497 1646 Quia
1518 1598 1702 1648 tempus
1721 1594 1860 1647 diete,

90 1679 180 1720 qua
212 1666 479 1710 obedientia
511 1667 815 1710 Benedictina
848 1667 1115 1709 Constantie
1150 1667 1279 1709 iuxta
1311 1670 1521 1708 tenorem
1555 1665 1860 1719 capitulorum

89 1739 304 1781 Narbone
328 1738 546 1781 initorum
571 1741 615 1780 et
639 1739 961 1781 conclusorum
987 1750 1037 1780 se
1061 1741 1391 1790 representare
1417 1740 1615 1790 tenetur,
1640 1737 1778 1778 instat
1803 1736 1860 1777 de

89 1809 315 1863 proximo,
342 1812 449 1852 ante
475 1810 599 1863 quod
623 1813 839 1863 putamus
867 1809 1039 1850 nedum
1064 1809 1173 1850 illuc
1201 1821 1306 1850 esse
1333 1820 1486 1862 posse,
1512 1820 1665 1861 ymmo
1692 1807 1749 1849 ab
1776 1807 1860 1849 hoc

90 1881 222 1922 exire
244 1893 402 1934 regno,
426 1880 516 1923 nisi
540 1880 667 1923 Deus
690 1881 826 1922 aliter
848 1879 1104 1933 prevideat,
1128 1879 1250 1933 quod
1274 1880 1320 1920 in
1342 1879 1566 1932 presenti,
1590 1879 1697 1920 licet
1718 1877 1860 1919 fueri-

91 1963 192 1994 mus
212 1951 278 1993 VI
296 1951 569 2004 septimanis
587 1954 632 1993 et
651 1951 775 1993 ultra
794 1952 880 2004 hic,
902 1951 1157 2003 videamus,
1180 1950 1425 1992 scribimus
1446 1962 1547 1992 cum
1569 1950 1610 1991 d.
1636 1943 1863 1991 Michaele'

89 2026 135 2064 et
157 2022 384 2065 Ottobono
406 2035 494 2076 per
518 2022 635 2065 alias
660 2022 820 2064 literas
845 2034 931 2075 pro
954 2034 1114 2063 eorum
1140 2025 1186 2063 et
1209 2024 1367 2063 nostra
1392 2020 1691 2062 excusatione
1718 2032 1859 2073 super

89 2105 231 2146 mora,
260 2105 398 2146 quam
427 2093 637 2146 fecimus,
667 2105 797 2136 sacre
827 2092 1003 2145 synodo
1031 2105 1116 2145 per
1145 2093 1339 2134 latorem
1370 2092 1659 2145 presentium
1688 2090 1858 2133 nostris

90 2165 312 2218 extensis,
351 2164 458 2207 licet
491 2164 664 2207 talibus
700 2176 793 2206 non
832 2163 1122 2217 indigeamus
1161 2163 1476 2215 missionibus,
1515 2166 1562 2204 ut
1601 2163 1646 2203 in
1686 2162 1859 2203 minuta

88 2235 387 2286 presentibus
416 2234 669 2277 interclusa
699 2234 874 2276 videbit
904 2234 1161 2287 paternitas
1192 2237 1346 2275 vestra
1378 2246 1472 2276 rev.
1503 2233 1691 2286 plenius
1721 2232 1858 2274 conti-

89 2306 204 2350 neri.
238 2305 293 2347 Et
312 2305 419 2359 quia
441 2306 580 2359 plene
603 2306 771 2358 omnia,
793 2318 882 2358 que
903 2306 1083 2358 egimus
1103 2308 1149 2346 et
1166 2305 1239 2346 hic
1260 2304 1362 2346 fere
1383 2304 1668 2355 referuntur,
1688 2304 1734 2344 in
1757 2304 1857 2356 ipsa

88 2375 261 2418 minuta
289 2377 597 2429 continentur,
625 2388 772 2429 pauca
800 2376 935 2418 nobis
965 2379 1216 2428 supersunt
1245 2375 1302 2417 ad
1332 2374 1642 2416 scribendum.
1684 2374 1856 2415 Verum

89 2446 364 2500 audivimus,
398 2447 522 2500 quod
556 2446 598 2490 d.
631 2446 712 2489 ille
749 2447 804 2488 de
841 2446 970 2489 Luna
1004 2459 1139 2499 nunc,
1174 2450 1222 2487 ut
1257 2446 1399 2498 aliqui
1436 2446 1680 2497 seminant,
1716 2445 1857 2486 offert

90 2517 486 2560 renunciationem
522 2517 808 2571 simpliciter,
844 2517 1091 2558 dummodo
1128 2518 1254 2559 locus
1289 2520 1490 2558 mutetur
1525 2519 1569 2557 et
1605 2515 1726 2568 quod
1763 2516 1856 2556 vult

89 2598 147 2628 ex
173 2599 296 2630 nunc
324 2589 607 2630 constituere
635 2591 962 2641 procuratores
993 2587 1324 2629 irrevocabiles
1354 2587 1411 2629 ad
1440 2586 1712 2638 cedendum,
1743 2598 1858 2638 quos

90 2668 189 2700 cum
217 2659 480 2701 oratoribus
508 2659 645 2700 huius
673 2660 804 2712 regni
834 2671 884 2700 ac
911 2659 1192 2711 Aragonum,
1221 2659 1258 2700 si
1288 2658 1374 2700 sibi
1405 2657 1675 2699 restituatur
1702 2656 1857 2698 obedi-

88 2728 225 2782 entia,
251 2728 368 2772 alias
393 2741 496 2772 cum
521 2728 635 2773 solis
659 2728 798 2772 huius
822 2729 953 2782 regni
981 2729 1295 2771 Constantiam
1322 2729 1504 2769 mittere
1532 2727 1740 2778 intendit,
1766 2739 1855 2778 que

90 2811 114 2840 a
148 2799 362 2851 pluribus
394 2812 489 2842 non
522 2799 775 2842 creduntur
807 2800 946 2842 etiam
981 2799 1158 2852 magnis
1194 2803 1238 2841 et
1273 2799 1485 2841 maximis
1521 2797 1657 2839 huius
1691 2797 1855 2849 patrie,

90 2868 167 2921 qui
197 2870 477 2912 contrarium
511 2871 568 2913 ab
601 2871 704 2914 eius
735 2883 815 2912 ore
848 2871 1140 2922 audiverunt,
1173 2869 1405 2911 videlicet:
1452 2868 1573 2921 quod
1606 2878 1855 2919 numquam

89 2940 392 2983 renunciabit.
435 2941 629 2983 Idcirco
654 2941 773 2984 tales
797 2945 843 2983 et
869 2941 947 2983 alii
975 2941 1186 2982 nonnulli
1216 2939 1388 2981 domini
1417 2939 1586 2990 dicunt,
1614 2938 1735 2990 quod
1762 2950 1851 2978 non

90 3009 187 3053 vult
215 3010 413 3064 mittere,
444 3011 534 3053 nisi
568 3011 627 3053 ad
660 3010 926 3064 videndum,
959 3023 1017 3053 an
1051 3011 1178 3052 locus
1213 3011 1375 3062 bonuS,
1409 3021 1599 3051 securus
1632 3011 1677 3050 et
1708 3019 1851 3060 capax

193 3102 223 3134 a)
244 3102 282 3128 C:
302 3101 385 3136 solat
405 3104 465 3129 etc.
