2227 3434
536 192 575 227 B.
612 192 691 228 Der
711 192 813 227 liber
834 194 1026 237 gestorum
1051 192 1120 226 des
1144 191 1385 226 Cerretanus.
1758 192 1843 234 229

78 316 123 355 et
152 311 449 355 Florentinus
479 310 742 353 cardinales
773 322 874 352 cum
904 309 1006 362 ipso
1035 321 1146 362 rege
1175 312 1404 352 exeuntes
1434 309 1632 362 primam
1661 309 1845 361 cappel-

78 384 170 426 lam
191 382 391 425 ecclesie
420 380 790 424 Constantiensis
816 383 922 422 sunt
947 379 1147 433 ingressi
1172 380 1504 432 iusseruntque
1532 379 1590 421 ad
1615 392 1665 421 se
1691 379 1844 421 vocari

77 453 322 507 deputatos
353 453 599 495 nacionum
632 451 722 494 iam
756 451 802 492 in
835 451 976 492 choro
1006 453 1194 503 paratos
1228 449 1483 492 existentes
1516 462 1602 503 pro
1636 449 1845 492 sessione

77 523 373 566 celebranda.
415 523 590 575 Quibus
619 521 915 564 venientibus
943 521 1101 563 habita
1129 521 1217 562 fuit
1244 533 1337 562 non
1367 520 1545 562 modica
1574 520 1846 573 disceptatio

79 595 200 637 inter
226 595 267 636 d.
294 606 467 647 regem,
494 593 535 635 d.
562 592 827 635 cardinales
852 595 899 634 et
922 591 1167 644 deputatos
1191 591 1437 633 nacionum
1463 602 1604 644 super
1631 591 1846 644 capitulis

77 665 340 719 prelibatis:
365 667 413 707 et
433 663 620 707 tandem
645 663 803 705 divino
826 662 1020 705 flamine
1044 662 1304 715 inspirante
1328 662 1374 703 in
1397 674 1536 704 unam
1562 661 1846 704 sentenciam

77 738 409 788 convenerunt,
446 734 570 788 quod
605 737 781 776 tantum
819 734 1021 786 capitula
1058 732 1358 785 infrascripta
1396 733 1443 774 in
1479 732 1598 775 dicta
1636 732 1844 775 sessione

79 809 406 850 statuerentur.
458 804 559 847 Fuit
595 817 706 858 ergo
743 804 862 846 dicta
899 803 1048 846 sessio
1085 803 1142 845 de
1180 815 1411 845 consensu
1448 806 1493 844 et
1529 803 1765 845 voluntate
1802 803 1845 844 d.

78 878 202 931 regis
227 880 273 919 et
298 877 504 919 omnium
531 876 572 918 d.
598 875 904 917 cardinalium
930 874 977 916 in
1004 873 1279 917 Constancia
1304 873 1623 926 existencium,
1649 876 1846 927 quatuor

77 948 323 991 nacionum
345 950 391 989 et
413 949 647 989 oratorum
671 958 832 999 regum
855 948 900 987 et
920 945 1185 998 principum
1207 944 1456 986 celebrata.
1491 945 1545 986 Et
1567 957 1728 987 omnes
1751 956 1846 986 car-

77 1018 261 1062 dinales
285 1019 337 1060 'in
366 1017 642 1060 Constancia
670 1016 940 1068 existentes,
968 1015 1045 1069 qui
1073 1028 1167 1057 non
1193 1018 1329 1057 erant
1357 1014 1628 1057 infirmitate
1655 1014 1845 1068 gravati,

78 1089 404 1133 interfuerunt.
442 1088 526 1131 Cui
547 1087 745 1131 sessioni
768 1096 938 1130 revfflus
959 1086 1006 1128 in
1030 1086 1135 1128 Chr.
1158 1099 1201 1139 p.
1225 1086 1266 1127 d.
1290 1086 1316 1128 J
1320 1086 1524 1128 ordanus
1545 1086 1845 1128 miseratione

77 1159 235 1202 divina
263 1160 512 1212 episcopus
541 1159 826 1200 Albanensis
857 1157 1107 1200 cardinalis
1138 1157 1195 1198 de
1226 1156 1410 1199 Ursinis
1441 1156 1649 1210 presedit
1676 1159 1722 1198 et
1750 1168 1845 1198 rev.

77 1243 121 1285 p.
145 1231 187 1273 d.
211 1230 452 1273 Johannes
475 1229 740 1283 patriarcha
761 1229 1046 1270 Antiocenus
1072 1228 1261 1270 missam
1285 1227 1552 1269 celebravit.
1589 1227 1687 1279 Qua
1711 1226 1846 1269 finita

78 1310 248 1344 revmus
268 1301 315 1343 in
337 1300 442 1343 Chr.
463 1313 507 1354 p.
530 1300 571 1342 d.
596 1299 869 1342 Franciscus
889 1298 1196 1341 miseracione
1218 1298 1374 1340 divina
1396 1302 1658 1340 sanctorum
1681 1297 1846 1340 Cosme

77 1376 124 1415 et
166 1371 381 1416 Damiani
424 1371 645 1413 diaconus
688 1370 940 1412 cardinalis
984 1382 1115 1412 sacro
1160 1369 1511 1412 Constanciensi
1557 1368 1845 1422 approbante

77 1442 270 1486 concilio
297 1442 408 1496 legit
434 1441 636 1495 capitula
663 1440 976 1494 infrascripta.

199 1524 292 1579 Ina)
318 1525 506 1567 nomine
533 1527 690 1566 sancte
715 1527 761 1566 et
784 1523 1021 1565 individue
1047 1522 1265 1565 trinitatis
1289 1521 1435 1575 patris
1459 1525 1504 1563 et
1528 1521 1619 1563 filii
1645 1524 1690 1563 et
1715 1521 1847 1575 spiri-

77 1599 150 1640 tus
177 1595 335 1639 sancti.
374 1595 536 1637 Amen.
577 1594 672 1636 Hec
700 1597 858 1637 sancta
886 1593 1091 1647 synodus
1118 1593 1497 1636 Constanciensis
1527 1626 1534 1633 .
1571 1626 1578 1634 .
1615 1626 1623 1634 .

195 1678 249 1721 Et
276 1678 443 1732 primo,
473 1677 597 1731 quod
625 1678 715 1730 ipsi
746 1676 793 1718 in
823 1676 989 1729 spiritu
1019 1679 1175 1718 sancto
1206 1675 1411 1728 legitime
1442 1677 1718 1728 congregata
1751 1708 1758 1715 .
1795 1708 1802 1715 .
1839 1707 1846 1714 .

199 1760 312 1802 Item
342 1759 466 1813 quod
496 1758 710 1801 dominus
738 1762 898 1801 noster
928 1771 1049 1811 papa
1081 1791 1089 1799 .
1126 1791 1134 1798 .
1170 1795 1176 1801 .
1210 1757 1434 1799 dictorum
1465 1756 1844 1810 deputatorum.¹)

198 1843 250 1884 In
285 1841 479 1884 concilio
514 1841 867 1884 Constanciensi
902 1839 1109 1882 exhibita
1144 1839 1403 1892 penultima
1442 1838 1596 1880 Marcii
1632 1837 1849 1879 videlicet

80 1912 155 1955 die
184 1912 365 1955 sabbati
396 1910 610 1965 sancto.¹>)

194 1994 461 2048 Sequuntur
491 1994 689 2048 quedam
722 1993 1013 2047 provisiones
1043 1993 1183 2035 utiles
1212 2005 1298 2046 pro
1327 1991 1632 2034 acceleranda
1661 1992 1848 2042 unione,

81 2078 196 2119 quas
215 2065 427 2109 offerunt
445 2065 487 2108 d.
509 2065 786 2118 cardinales,
808 2065 884 2118 qui
907 2067 1015 2106 sunt
1032 2064 1121 2116 hic,
1143 2076 1194 2106 se
1215 2066 1471 2115 curaturos,
1492 2065 1542 2105 ut
1561 2062 1679 2105 fiant
1698 2074 1784 2115 per
1806 2061 1847 2103 d.

80 2139 287 2196 nostrum
313 2149 495 2191 papam.

198 2219 352 2262 Primo
385 2219 509 2272 quod
543 2219 584 2260 d.
619 2221 778 2261 noster
813 2218 941 2260 dabit
974 2218 1164 2270 bullam,
1201 2217 1325 2270 quod
1358 2217 1444 2258 hoc
1478 2215 1721 2258 concilium
1755 2227 1845 2257 non

82 2288 361 2332 dissolvetur
389 2302 476 2332 nec
508 2289 759 2332 mutabitur
791 2289 849 2331 ab
882 2289 969 2331 isto
1001 2289 1099 2330 loco
1133 2288 1233 2330 sine
1267 2287 1500 2341 consilioss)
1536 2286 1731 2328 concilii.
1788 2284 1789 2287 ’

197 2371 247 2414 R.
279 2372 435 2414 Placet
465 2371 696 2425 deputatis
728 2371 812 2413 sed
841 2383 935 2413 non
966 2370 1024 2413 ad
1053 2370 1331 2424 peticionem
1363 2369 1558 2411 concilii.

202 2453 313 2496 Item
357 2454 481 2507 quod
525 2453 699 2496 domini
743 2453 801 2495 de
845 2453 1039 2495 concilio
1083 2452 1256 2494 faciant
1300 2452 1497 2494 formam
1542 2449 1849 2504 procuratorii

84 2527 128 2566 et
168 2525 257 2578 ipsi
296 2524 561 2568 cardinales
601 2524 787 2577 facient,
830 2524 953 2577 quod
995 2523 1036 2566 d.
1078 2526 1239 2566 noster
1280 2522 1535 2576 acceptabit
1577 2522 1623 2563 in
1665 2533 1847 2563 omnem

186 2679 216 2703 a)
236 2676 306 2702 hier
325 2677 401 2703 setzt
423 2678 446 2700 (’
465 2676 580 2702 wieder
601 2677 658 2702 ein.
716 2675 749 2704 b»
772 2676 837 2702 Der
855 2682 955 2709 {sanzo
979 2675 1128 2709 folqende
1155 2674 1217 2701 Teil
1238 2676 1295 2701 cler
1316 2674 1527 2701 Provisiones
1553 2674 1631 2700 steht
1654 2674 1693 2699 im
1718 2673 1790 2699 (ἰμΙ.
1816 2673 1850 2698 Β.

82 2723 145 2748 erut
163 2721 268 2749 hincer
293 2723 361 2749 dem
383 2723 550 2750 Absrhnitt
575 2723 654 2749 iiber
681 2723 803 2749 (mern.
842 2722 931 2749 Xach
953 2722 1012 2749 den
1040 2722 1381 2755 Vera-eieurzfsszeichen
1412 2722 1453 2748 ise
1485 2729 1520 2747 ἐν
1547 2721 1626 2747 uber
1651 2720 1719 2746 hier
1745 2719 1849 2745 eimu-

86 2768 198 2795 reihen.
239 2770 287 2796 Im
309 2770 383 2798 Cod.
406 2771 430 2797 C'
447 2771 526 2798 mm
548 2778 582 2796 rer
602 2770 700 2803 ,qleieh
733 2779 774 2796 n»
800 2771 858 2796 der·
881 2770 1033 2803 ria-hliyen
1055 2769 1156 2797 Stella.
1196 2769 1234 2795 In
1257 2769 1366 2795 beiden
1389 2769 1518 2795 Codiws
1541 2767 1644 2800 fr‘hlvn
1661 2766 1776 2799 jerloch
1800 2766 1850 2791 die

86 2814 324 2850 liesponsionen
354 2817 410 2846 (lt).
455 2817 503 2843 An
531 2817 619 2844 ihrer
648 2816 740 2844 Stella
769 2817 847 2844 steht
880 2824 942 2842 nur
970 2824 1020 2843 nm
1044 2817 1140 2843 Ram!
1169 2824 1226 2843 ron
1255 2815 1417 2843 ‘lez-selben
1439 2816 1536 2841 Hand
1563 2815 1610 2839 eiu
1635 2813 1752 2840 Placet.
1793 2813 1849 2838 Im

85 2862 329 2896 autfsshrlichen
350 2864 382 2892 R.
402 2865 505 2898 finden
527 2865 593 2891 sich
608 2865 723 2897 J‘odoch
746 2865 789 2890 im
815 2865 919 2891 (Jmles
940 2865 994 2891 rlea
1030 2864 1153 2891 Wiener
1173 2863 1416 2891 ,Stantem-chive
1437 2864 1499 2893 783,
1520 2862 1545 2894 Γ.
1566 2860 1629 2894 ·.’1.ζ
1649 2861 1693 2886 Im
1719 2867 1848 2893 ῃνοεενιι

85 2910 149 2936 und
169 2918 291 2944 qanzen
317 2912 359 2939 int
391 2912 449 2938 der
475 2912 545 2939 Text
567 2913 624 2938 ‹lm-
646 2911 854 2939 l’revisiones
881 2912 912 2937 in
947 2913 1014 2938 clem
1044 2912 1166 2938 Wiener
1187 2911 1290 2937 (sodes
1311 2909 1486 2935 srlelpchter
1507 2908 1556 2935 uls
1579 2909 1609 2933 iv
1638 2909 1671 2934 11.
1714 2908 1769 2933 Dic
1795 2914 1835 2931 1¹⁷1

86 2957 176 2990 nium
195 2957 337 2986 bessermz
360 2959 512 2987 Lcoareen
534 2960 606 2986 einr!
629 2961 722 2986 unoer
742 2960 799 2985 der
819 2958 900 2991 Siqle
928 2959 964 2984 W
980 2957 1146 2985 ver-merke.
1223 2965 1251 2984 cv
1281 2958 1314 2982 ΙΙ·
1331 2963 1501 2983 consensu.

88 3018 234 3108 XXV1I)
265 3017 584 3054 Konzilsdekrele
613 3019 710 3054 iIber
737 3019 801 3054 die
831 3019 1020 3054 Anterum
1051 3019 1120 3053 des
1150 3017 1324 3059 Konzils;
1356 3017 1474 3051 Hardl
1505 3015 1570 3057 IV,
1600 3014 1691 3058 8972·
1727 3011 1849 3047 Mansi

194 3074 211 3108 l
235 3101 244 3118 ‚
269 3077 338 3112 585
349 3075 376 3120 Τ.
