2102 3444
220 125 305 166 758
657 123 724 157 ΙΙΙ.
755 122 966 157 Abschnitt.
1010 122 1164 156 Reform
1195 124 1272 157 und
1305 122 1554 168 Verfassung.

365 241 554 283 Placent
583 240 776 292 articuli,
804 243 942 293 prout
968 239 1133 293 iacent,
1159 243 1231 282 set
1259 241 1352 282 avi·
1542 242 1731 285 Placent
1768 280 1774 287 .
1811 277 1820 286 .
1855 277 1864 286 .

277 314 404 353 setur
451 311 510 353 de
560 310 702 353 bullis
750 309 983 362 expeditis
1033 313 1077 352 et
1126 309 1165 352 si
1215 310 1351 352 aliter
1482 313 1729 366 expeditis,
1773 314 1895 367 quod
1939 316 1990 358 il-

276 381 418 423 fuerit
447 380 715 433 expeditum
747 380 832 422 sub
861 380 1044 433 signeto
1071 393 1220 434 parvo
1247 393 1351 423 con·
1480 383 1560 424 lud
1595 383 1858 427 declaretur
1889 386 1990 428 nul-

275 451 382 504 cilii,
409 451 531 504 quod
559 450 681 493 istud
708 450 972 493 declaretur
998 452 1179 493 nullum
1206 455 1289 494 etc.
1481 453 1576 495 lum
1610 456 1693 496 ete.

855 544 878 568 ’l‘
1327 546 1348 570 *

1091 591 1113 615 *

333 658 770 713 Reverendissimil)
817 659 993 712 patres!
1050 659 1111 702 Ut
1153 673 1311 703 rumor
1353 661 1414 703 *de
1458 663 1606 704 veteri
1650 662 1788 705 faciat
1832 662 1988 706 futura

216 730 382 782 caveri,
415 730 720 772 recordentur
751 735 906 773 vestre
940 731 1336 773 reverendissime
1369 733 1690 786 paternitates,
1723 734 1846 787 quod
1876 747 1988 776 non-

215 813 451 853 nunquam
494 800 542 842 in
585 800 795 843 sessione
840 801 1027 854 publica
1069 814 1156 854 per
1198 803 1382 855 *aliquos
1427 804 1585 857 aliqua
1627 804 1745 847 lecta
1788 809 1897 848 sunt
1940 805 1987 848 in

217 871 412 913 ambone
436 874 480 913 et
502 871 559 914 ad
582 884 637 913 ea
660 884 938 924 responsum
961 885 1047 925 per
1069 872 1281 914 verbum:
1317 874 1484 927 placet,
1506 874 1564 916 de
1586 875 1770 928 quibus,
1792 878 1841 918 ut
1863 888 1987 918 asse-

215 942 404 984 rebatur
428 954 515 995 per
541 941 828 996 assistentes,
856 943 998 984 nichil
1027 946 1129 985 erat
1153 944 1422 986 conclusum
1449 945 1497 986 in
1524 944 1811 989 nacionibus.
1851 946 1986 989 Unde

216 1013 610 1055 murmuraciones
636 1012 942 1065 insurgebant
967 1017 1013 1056 et
1036 1013 1247 1066 pericula
1272 1027 1365 1056 non
1391 1015 1584 1058 modica.
1621 1016 1913 1070 Quapropter
1939 1017 1985 1059 in

214 1083 377 1124 ordIne
401 1083 557 1125 dando
576 1083 830 1136 dignemini
852 1084 1146 1138 concludere,
1169 1085 1293 1138 quod
1313 1085 1457 1127 nichil
1478 1089 1679 1140 ponatur
1700 1100 1785 1130 seu
1805 1088 1986 1141 legatur

214 1153 259 1194 in
298 1153 521 1207 sessione,
558 1153 648 1196 nisi
685 1153 816 1207 prius
852 1154 995 1197 fuerit
1033 1155 1262 1208 signatum
1299 1169 1385 1209 per
1422 1159 1638 1209 quattuor
1673 1157 1984 1210 presidentes.

217 1224 328 1266 Item
364 1224 486 1277 quod
519 1225 679 1267 nullus
712 1224 887 1266 ibidem
921 1225 1207 1279 respondeat
1239 1239 1327 1279 per
1361 1227 1574 1269 verbum:
1610 1229 1763 1281 placet
1796 1230 1984 1272 nomine

212 1294 432 1348 nacionis,
457 1295 547 1338 nisi
575 1296 633 1338 sit
656 1295 905 1348 presidens
928 1299 1008 1338 aut
1034 1297 1214 1349 primu-s
1237 1297 1532 1340 *do-minorum
1559 1299 1880 1353 cardinalium,
1905 1301 1983 1354 qui

212 1378 410 1418 presens
452 1366 553 1407 erit.
614 1366 740 1420 Item,
784 1367 907 1419 quod
948 1367 1145 1420 quilibet
1185 1368 1395 1411 notarius
1437 1369 1684 1411 nacionum
1725 1370 1897 1414 habeat
1937 1371 1983 1413 in

214 1436 428 1479 manibus
451 1437 630 1489 copiam
654 1437 961 1490 legendorum
983 1438 1032 1479 in
1057 1438 1255 1481 ambone
1281 1438 1338 1481 de
1363 1440 1508 1482 verbo
1531 1440 1589 1482 ad
1611 1441 1807 1483 verbum
1829 1444 1876 1484 et
1898 1441 1986 1496 sig-

212 1510 319 1549 nata
345 1507 403 1550 sit
427 1511 510 1550 etc.
547 1507 728 1561 Videat,
753 1508 940 1561 quando
965 1509 1147 1563 legatur
1171 1509 1219 1551 in
1241 1510 1457 1564 ambone,
1483 1511 1522 1554 si
1549 1508 1809 1555 concordat.
1847 1513 1981 1567 Etc.²)

326 1648 356 1689 1)
388 1648 600 1691 Folqendes
624 1649 849 1684 Avisament
875 1650 974 1684 steht
1001 1650 1068 1694 auf
1092 1650 1117 1694 Ῐ.
1146 1652 1232 1686 1811>
1258 1651 1507 1686 unmillelbar
1531 1652 1807 1698 ansclzliessend
1833 1663 1882 1688 an
1906 1652 1981 1686 den

208 1706 549 1748 vorausaehenden
588 1707 788 1751 Vorschlay
816 1709 886 1743 cler
916 1707 1306 1752 Gesclu'z'ftsordnuny.

324 1765 355 1807 2)
386 1765 452 1801 Εἱιι
478 1766 571 1800 ordo
596 1767 830 1809 procedendi
855 1767 894 1801 in
919 1767 1078 1802 concilio
1104 1769 1173 1803 des
1196 1768 1405 1803 Karclimtls
1429 1769 1525 1803 Ailh'
1549 1770 1646 1804 ’κήν-(ἰ
1673 1771 1748 1804 ersi
1773 1770 1826 1804 im
1850 1770 1878 1805 Ι.
1903 1770 1979 1804 Ab·

205 1822 367 1857 sclznztlte
398 1824 466 1857 cles
497 1823 567 1858 ΙΙΙ.
601 1824 665 1859 Bd.
697 1825 889 1867 gebracht,
922 1827 970 1860 da
1003 1836 1044 1860 er
1077 1826 1192 1860 Iccium
1227 1829 1540 1862 nsennensn-ertes
1571 1828 1635 1871 fiir
1666 1828 1730 1863 die
1763 1827 1978 1872 Gescha'fts-

207 1881 380 1924 ordnung)
404 1882 560 1924 ειιίΙιᾶΙΙ,
586 1883 753 1917 sondern
777 1883 906 1918 seiner
930 1894 1073 1927 ῃαηεεη
1102 1885 1277 1919 Tendens
1306 1885 1395 1919 nuel!
1424 1886 1578 1920 dorthin
1602 1887 1746 1929 yelaeiire.
