2102 3444
241 191 325 234 438
595 192 640 225 ΙΙ.
674 191 884 225 Abschnitt.
927 192 1131 225 Sermones
1161 191 1310 225 concilii
1341 191 1660 226 Constancieiisis.

239 309 450 361 gencium
479 322 570 351 non
600 310 802 351 humano
830 309 1070 361 acquisivit
1100 310 1300 362 ingenio,
1330 314 1399 353 set
1428 314 1561 363 raptu
1591 310 1758 353 mentis
1786 311 1832 352 in
1864 311 2010 353 Deum

241 380 535 422 oracionibus
560 380 854 432 impetravit.
890 413 898 420 .
935 413 943 421 .

358 450 576 493 Circuivit
611 450 782 492 Jhesus
817 451 1026 493 civitates
1060 455 1104 493 et
1138 452 1328 494 castella
1365 452 1536 494 docens
1571 455 1654 493 etc.
1691 486 1699 493 .
1735 486 1743 493 .
1780 486 1788 494 .
1823 465 1881 494 ex
1917 451 2011 494 illis

241 522 463 573 apostolis
507 521 769 574 iniungens,
811 525 859 564 ut
902 525 1066 564 euntes
1113 523 1157 562 in
1200 523 1469 563 universum
1512 523 1672 564 orbem
1715 522 2011 576 predicarent

239 592 533 644 evangelium
560 592 683 633 omni
710 595 922 633 creature
951 626 958 633 .
995 626 1002 633 .
1039 626 1047 634 .
1075 593 1164 634 Per
1189 593 1273 634 hoc
1300 594 1446 634 eciam
1471 593 1680 646 prelatis,
1706 593 1905 635 maxime
1932 594 2009 647 qui

238 666 394 714 typum
426 666 593 714 gerunt
625 663 954 716 apostolorum,
988 663 1261 716 relinquens
1292 664 1575 716 exemplum,
1608 667 1655 705 ut
1687 676 1772 717 per
1803 664 2012 717 predica-

239 733 416 774 cionem
453 736 497 774 et
534 733 787 775 doctrinam
827 733 1022 776 sollicite
1060 734 1303 787 invigilent
1340 747 1482 787 super
1517 747 1705 787 gregem
1742 747 1888 777 suum.
1938 734 2011 777 Sic

238 805 382 845 eciam
417 804 474 845 de
508 803 858 856 predicantibus
895 805 1261 857 docentibusque
1298 805 1476 846 iusticie
1511 806 1755 847 veritatem
1789 806 2010 859 scriptum

238 878 324 917 est:
362 875 446 927 Qui
470 875 527 917 ad
549 875 774 917 iusticiam
798 875 1018 917 erudiunt
1039 876 1222 929 multos,
1245 879 1351 918 sunt
1374 876 1506 928 quasi
1530 876 1666 917 stelle
1689 876 1735 917 in
1758 879 2010 930 perpetuas

237 946 509 988 eternitates
539 945 828 999 (Jeronimus
856 947 902 987 in
929 947 1122 999 prologo
1147 946 1314 1000 biblie)
1345 981 1353 988 .
1389 981 1397 988 .
1434 981 1441 988 .

236 1017 324 1060 Ubi
352 1029 511 1070 queso,
537 1016 775 1059 modernis
800 1017 1089 1070 temporibus
1114 1018 1233 1060 tales
1257 1017 1501 1070 pastores‘.>
1541 1018 1729 1069 Quesivi
1757 1021 1802 1060 et
1826 1030 1920 1059 non
1945 1018 2009 1059 in-

237 1088 356 1130 veni.
396 1088 493 1140 Que
519 1091 589 1130 est
615 1088 867 1141 plurimum
896 1088 1225 1130 modernorum
1253 1091 1491 1141 pastorum
1519 1092 1564 1130 et
1592 1088 2010 1130 ecclesiasticorum

237 1159 512 1212 predicacio,
537 1159 738 1201 studium
761 1162 806 1201 et
829 1159 1064 1201 doctrina?
1104 1160 1227 1201 Vere
1252 1160 1425 1201 clamor
1448 1172 1709 1212 pauperum
1732 1159 2010 1202 ecclesiasti-

238 1243 408 1282 corum,
432 1243 457 1272 a
480 1230 649 1283 quibus
674 1231 863 1283 sanguis
887 1231 1065 1283 sugitur
1088 1243 1235 1283 usque
1259 1230 1316 1272 ad
1340 1243 1431 1283 cor,
1454 1231 1555 1272 luce
1581 1231 1752 1273 clarius
1775 1229 2008 1283 patefacit.

238 1301 308 1342 Ad
331 1301 508 1343 nullam
532 1301 634 1343 fere
662 1302 800 1343 aliam
827 1301 1186 1343 sollicitudinem
1211 1302 1425 1342 nonnulli
1452 1314 1500 1343 se
1527 1304 1762 1354 exercent,
1788 1300 1878 1342 nisi
1901 1313 2010 1354 quo-

238 1372 373 1414 modo
396 1372 453 1414 ab
478 1372 784 1415 inferioribus
808 1372 965 1415 subtili
991 1372 1179 1425 ingenio
1202 1376 1279 1414 aut
1301 1372 1446 1413 eciam
1470 1385 1609 1413 manu
1632 1371 1821 1414 militari
1846 1384 2008 1414 aurum

238 1443 377 1484 velud
402 1456 427 1485 a
452 1443 668 1486 barbaris
694 1445 976 1496 extorquere
1002 1443 1196 1496 possint,
1221 1455 1313 1484 non
1340 1443 1386 1483 in
1412 1442 1600 1484 caritate
1626 1445 1893 1496 querentes,
1919 1455 2008 1496 que

238 1514 321 1555 Dei
356 1517 432 1556 aut
463 1527 552 1566 que
584 1514 652 1555 rei
683 1514 884 1567 publice,
917 1517 987 1556 set
1019 1526 1107 1567 que
1141 1526 1223 1556 sua
1256 1514 1400 1555 eciam
1432 1513 1553 1555 falso
1585 1514 1867 1556 existimant.
1910 1513 2008 1555 Non

238 1585 359 1626 enim
387 1598 466 1627 vos
495 1586 640 1627 latere
669 1586 880 1638 suspicor
906 1585 1130 1627 ecclesias
1156 1588 1200 1626 et
1228 1584 1567 1626 ecclesiasticas
1594 1596 1822 1637 personas
1848 1585 2010 1638 plures

238 1657 642 1710 angariacionibus
665 1660 710 1698 et
731 1656 1117 1710 oppressionibus
1141 1655 1262 1698 facto
1284 1659 1328 1697 et
1349 1655 1542 1698 consilio
1565 1655 1710 1709 magis
1731 1655 2009 1697 ecclesiasti-
2067 1690 2070 1691 γ
2095 1694 2102 1697 ,

237 1740 392 1769 corum
429 1728 605 1769 concuti
643 1740 779 1780 quam
818 1728 1066 1780 laycorum.
1115 1727 1362 1770 Seculares
1398 1727 1521 1768 enim
1556 1726 1837 1779 quandoque
1874 1725 2008 1768 nobis

236 1798 340 1851 iuga
375 1800 534 1851 gravia
572 1799 826 1851 imponunt,
863 1798 1165 1840 ecclesiastici
1202 1810 1313 1840 vero
1349 1797 1562 1839 nonnulli
1598 1797 1813 1851 graviora
1849 1808 2008 1850 super-

236 1869 424 1922 addunt,
452 1870 688 1912 seculares
715 1870 993 1922 quandoque
1021 1882 1105 1911 nos
1132 1869 1377 1922 flagellant
1402 1868 1559 1921 vlrgis,
1588 1869 1675 1922 ipsi
1702 1881 1814 1910 vero
1840 1867 2007 1909 cedunt

235 1953 319 1982 nos
347 1940 682 1993 scorpionibus.
722 1941 838 1993 Heu,
866 1941 972 1993 heu,
1001 1941 1037 1982 si
1066 1943 1278 1993 pastores
1306 1940 1563 1992 iunguntur
1591 1938 1750 1981 officio
1778 1940 2006 1992 luporum,

235 2011 363 2053 cuius
391 2011 597 2064 presidio
624 2024 793 2064 pecora
821 2011 1096 2053 credemus‘.>
1137 2011 1182 2053 Si
1212 2011 1418 2053 medicus
1448 2010 1701 2063 infirmum,
1729 2010 2007 2051 exercitator

236 2095 415 2135 navem,
444 2083 600 2124 doctor
629 2082 921 2135 discipulum,
951 2086 1083 2135 pater
1112 2082 1279 2135 filium,
1308 2085 1429 2123 tutor
1458 2081 1686 2134 pupillum
1715 2084 1760 2123 et
1788 2081 2006 2134 princeps

236 2154 457 2206 populum
485 2153 529 2194 in
556 2153 856 2206 precipicium
883 2156 1043 2205 vertat,
1071 2153 1238 2205 quibus
1265 2152 1477 2194 ammodo
1502 2152 1613 2194 talia
1637 2150 2003 2194 committemus?

235 2224 331 2265 Non
376 2224 499 2265 enim
545 2224 775 2266 seminant
819 2225 948 2266 multi
993 2223 1292 2266 ecclesiastici
1341 2223 1398 2265 ad
1442 2221 1871 2275 ewangelizandum
1914 2224 2005 2263 tam

236 2295 406 2336 obnoxi
438 2295 630 2336 verbum
663 2295 762 2347 Dei,
794 2296 904 2347 quin
936 2295 1095 2348 pocius
1128 2295 1288 2336 audire
1321 2297 1632 2346 contemnunt,
1663 2306 1755 2335 non
1785 2293 2005 2354 colligunt

236 2370 305 2408 set
336 2365 622 2418 dispergunt,
653 2378 744 2407 non
776 2369 970 2418 pascunt
1002 2366 1084 2407 sed
1116 2365 1329 2418 scoriant,
1361 2377 1453 2406 non
1484 2365 1695 2417 plantant
1724 2364 1907 2406 vineam
1937 2364 2005 2405 set

236 2436 487 2488 eradicant,
512 2449 604 2477 non
631 2439 902 2478 construunt
927 2440 995 2478 set
1021 2436 1279 2489 destruunt,
1305 2449 1390 2477 nec
1416 2436 1580 2477 docent
1607 2438 1675 2477 set
1700 2434 2001 2487 tyrannizant.

235 2507 357 2548 Vere
394 2519 484 2549 non
519 2510 629 2560 puto
663 2507 779 2548 hanc
815 2519 919 2549 esse
957 2506 1127 2548 Christi
1164 2506 1417 2548 doctrinam
1453 2519 1537 2547 nec
1572 2506 1901 2559 apostolorum,
1936 2506 2004 2547 set

234 2591 319 2620 nec
356 2579 458 2631 lege
495 2577 710 2630 naturali,
748 2579 850 2630 lege
892 2578 1115 2630 Mosayca,
1151 2577 1447 2630 ewangelica,
1484 2576 1749 2630 apostolica,
1785 2575 2002 2618 canonica

234 2650 306 2690 vel
337 2649 459 2690 civili
489 2648 847 2701 comprobatam,
878 2683 884 2689 .
922 2683 929 2689 .
966 2682 973 2689 .
1004 2652 1085 2701 set,
1114 2648 1236 2701 quod
1263 2661 1355 2689 non
1385 2648 1484 2689 sine
1514 2647 1666 2689 cordis
1695 2645 2002 2689 amaritudine

235 2719 407 2771 refero,
448 2720 591 2772 aliqui
631 2720 675 2760 in
716 2719 1127 2771 procuracionibus
1168 2719 1240 2760 vel
1281 2718 1629 2760 visitacionibus
1669 2730 1754 2771 pro
1794 2716 2001 2768 iocundO,

235 2790 393 2842 pocius
418 2791 538 2832 male
564 2791 787 2843 gracioso,
813 2790 1013 2832 adventu
1037 2790 1291 2841 caritativo,
1316 2789 1472 2831 verius
1499 2788 1755 2841 scoriativo,
1781 2785 2002 2838 subsidio,

235 2861 383 2913 spolio
408 2861 581 2914 pocius,
606 2863 867 2902 curatorum
894 2861 938 2901 ln
965 2860 1265 2902 citacionibus
1290 2863 1447 2902 contra
1473 2872 1708 2913 pauperes
1733 2859 1877 2901 eciam
1902 2857 2000 2900 sine

234 2944 386 2984 causa,
412 2931 720 2984 frequentatis
745 2930 1308 2973 excommunicacionibus
1333 2943 1390 2971 ex
1417 2930 1654 2972 levissima
1680 2929 1840 2972 forsan
1865 2939 2000 2970 causa

234 3003 339 3044 latis
369 3002 566 3055 aliisque
597 3002 753 3044 multis
782 3001 985 3054 angariis
1014 3005 1057 3043 et
1085 3001 1379 3054 parangariis
1409 3001 1683 3054 frequenter
1710 2999 1841 3042 nulla
1868 3010 2000 3041 excu-

235 3072 418 3115 sacione
447 3073 735 3127 paupertatis
765 3073 967 3116 admissa
996 3071 1334 3115 ecclesiasticos
1364 3071 1608 3126 angariare
1638 3072 1925 3124 presumunt,
1954 3070 2000 3110 ut
