2102 3444
275 159 361 203 230
811 157 835 191 Ι.
862 156 1072 192 Abschnitt.
1112 156 1512 202 Konzilstagebiicher.

276 289 447 330 casum,
493 289 583 329 quo
628 279 812 318 tenetur
857 274 1024 318 cedere
1071 275 1325 318 secundum
1370 276 1581 320 cedulam
1628 289 1770 330 super
1814 276 1900 319 hoc
1944 289 2047 320 con-

276 348 458 390 sectam.

394 418 443 460 R.
483 418 639 460 Placet
665 417 878 460 omnibus
905 417 1152 470 deputatis,
1178 417 1300 471 quod
1324 418 1409 460 fiat
1435 419 1482 460 in
1509 418 1659 461 forma
1686 418 1842 460 debita
1868 421 1913 460 et
1938 418 2047 460 faci-

276 492 354 531 ant
382 489 423 531 d.
453 488 731 541 cardinales,
761 488 884 541 quod
911 488 953 530 d.
982 491 1142 531 noster
1171 488 1363 542 accipiat
1393 489 1439 530 in
1468 489 1618 531 forma
1648 489 1824 532 avisata
1853 490 1928 532 vel
1955 488 2047 532 avi-

277 559 422 602 sanda
448 572 534 613 per
562 558 818 601 concilium.

399 631 510 673 Item
549 629 672 683 quod
708 629 950 672 concilium
988 631 1129 683 eligat
1167 630 1514 673 constituendos
1552 631 1597 672 in
1636 633 1963 683 procuratores
2000 631 2046 672 in

275 704 401 743 certo
434 713 630 743 numero
664 701 721 743 de
757 701 954 754 singulis
988 701 1261 743 nacionibus
1296 714 1443 754 usque
1480 701 1537 743 ad
1569 701 1697 742 XXX
1730 701 1804 743 vel
1840 700 1930 745 XL.
1979 701 2046 744 De

277 771 443 825 quibus
475 771 517 813 d.
547 774 707 814 noster
736 772 878 825 eliget
907 775 1006 814 octo
1037 772 1110 813 vel
1143 771 1400 826 duodecim,
1431 785 1546 825 quos
1577 771 1822 814 constituet
1852 772 1975 815 ultra
2004 772 2046 814 d.

277 853 438 895 regem*
458 842 771 884 Romanorum
798 846 843 885 et
868 843 909 885 d.
935 842 1212 885 cardinales.
1250 843 1372 895 Quos
1399 842 1536 885 etiam
1562 842 1808 885 constituet
1832 855 2049 897 procura-

275 917 400 956 tores
431 913 686 955 secundum
716 913 914 956 formam
946 913 1139 956 alterius
1171 913 1434 968 schedulea)
1469 911 1680 969 traditeb)
1712 926 1798 967 per
1829 913 1871 956 d.
1903 913 2049 957 cardi-

275 985 408 1027 nales
442 985 639 1038 singulis
671 985 958 1028 nacionibus.
1004 985 1057 1027 Et
1090 984 1178 1027 erit
1210 984 1374 1038 forma,
1408 985 1531 1038 quod
1564 997 1623 1026 ex
1655 984 1697 1026 d.
1731 984 2048 1027 cardinalibus

276 1058 371 1098 tres
404 1055 479 1097 vel
513 1055 603 1098 duo
635 1068 737 1097 cum
771 1055 813 1098 d.
848 1068 958 1109 rege
992 1056 1304 1098 Romanorum
1339 1059 1383 1098 et
1415 1069 1474 1097 ex
1506 1055 1729 1109 predictis
1762 1055 1819 1097 de
1853 1055 2049 1098 concilio

276 1130 371 1169 tres
396 1127 452 1168 de
475 1125 625 1169 tribus
648 1126 936 1180 nacionibus,
961 1127 1038 1180 qui
1061 1127 1207 1169 eciam
1233 1127 1333 1169 sine
1359 1126 1676 1170 cardinalibus
1700 1129 1918 1180 poterunt
1941 1139 2049 1170 exe-

276 1198 354 1250 qui
381 1196 655 1240 cessionem.

393 1269 443 1311 R.
490 1268 686 1311 Videtur
722 1269 955 1322 deputatis
989 1269 1199 1312 nacionis
1235 1269 1511 1311 Germanice
1549 1272 1594 1311 et
1628 1269 1812 1322 Anglie‚
1847 1268 1971 1322 quod
2005 1268 2047 1311 d.

275 1353 397 1394 papa
417 1340 663 1382 constituat
682 1342 1010 1394 procuratores
1029 1340 1339 1382 nominandos
1359 1353 1444 1393 per
1465 1339 1708 1382 concilium
1727 1343 1774 1383 et
1793 1340 2050 1394 quemlibet

277 1412 323 1453 in
358 1410 571 1464 solidum,
606 1411 730 1464 quod
762 1411 935 1464 placuit
968 1410 1107 1453 etiam
1141 1410 1395 1453 Gallicane.

396 1483 510 1525 Item
536 1482 658 1536 quod
682 1482 837 1524 oblata
859 1495 946 1535 per
970 1482 1176 1535 quinque
1202 1482 1243 1524 d.
1268 1481 1532 1524 cardinales
1555 1494 1641 1535 pro
1663 1485 1796 1535 parte
1820 1482 1861 1524 d.
1886 1482 2048 1535 nostri,

277 1566 365 1606 que
398 1553 504 1596 data
536 1556 642 1596 sunt
673 1554 720 1594 in
752 1553 917 1595 cedula
947 1556 996 1595 ut
1028 1565 1184 1606 supra,
1218 1553 1255 1595 si
1288 1553 1506 1595 videntur
1538 1552 1694 1606 aliqua
1726 1552 1943 1595 addenda
1973 1553 2047 1595 vel

276 1624 565 1678 corrigenda,
593 1624 795 1667 reddunt
822 1637 871 1666 se
900 1627 1063 1666 certos.
1105 1624 1159 1666 Et
1186 1625 1247 1666 ita
1273 1612 1448 1666 habent
1473 1636 1500 1666 a
1527 1623 1569 1665 d.
1596 1626 1769 1677 nostro,
1798 1623 1921 1677 quod
1948 1623 2048 1678 ipse

276 1696 415 1738 etiam
440 1696 718 1748 approbabit
742 1699 786 1738 et
808 1696 963 1738 bullas
988 1708 1130 1748 super
1154 1695 1222 1738 eis
1247 1694 1426 1749 dabit.0)
1469 1695 1584 1737 Item
1609 1695 1666 1736 de
1691 1694 1818 1737 curia
1841 1694 2048 1738 Romana

276 1766 485 1809 offerunt
510 1779 560 1809 se
583 1766 835 1820 providere
858 1779 945 1820 per
969 1766 1155 1808 modum
1180 1766 1298 1809 alias
1321 1766 1490 1808 dictum
1514 1766 1684 1819 taliter,
1710 1766 1834 1820 quod
1855 1778 1942 1820 per
1963 1766 2049 1808 hoc

277 1849 369 1880 non
393 1837 760 1890 preiudicabitur
784 1838 992 1880 concilio.

393 1908 442 1952 R.
484 1908 639 1950 Placet
667 1909 795 1950 iuxta
822 1908 1159 1951 avisamentum
1186 1909 1306 1951 circa
1334 1908 1470 1950 istum
1498 1907 1740 1950 articulum
1767 1908 1937 1950 datum.

398 1979 510 2021 Item
540 1979 809 2032 promittent
839 1979 879 2021 d.
911 1979 1188 2031 cardinales,
1219 1980 1296 2032 qui
1329 1983 1434 2022 sunt
1462 1979 1550 2032 hic,
1580 1979 1716 2032 quod,
1748 1979 1785 2022 si
1817 1978 2048 2033 contingat

277 2062 410 2092 casus
437 2049 596 2092 mortis
624 2050 665 2092 d.
693 2051 838 2092 nostri
866 2063 1001 2103 pape,
1028 2063 1120 2092 non
1147 2051 1323 2103 eligent
1349 2050 1504 2102 alium,
1529 2062 1679 2103 usque
1706 2063 1796 2103 quo
1821 2049 2048 2103 videatur,

277 2134 335 2162 an
378 2133 464 2174 per
505 2121 625 2163 viam
669 2121 893 2164 cessionis
936 2122 1133 2163 aliorum
1176 2121 1583 2174 supervivencium
1625 2121 1771 2174 possit
1812 2121 1914 2163 dari
1955 2133 2048 2174 pax

272 2192 482 2234 ecclesie.
516 2192 569 2234 Et
590 2193 628 2234 si
649 2191 888 2233 videretur
907 2191 1101 2234 concilio
1120 2192 1293 2245 utilius,
1315 2193 1436 2245 quod
1458 2192 1627 2244 aliquis
1647 2190 1916 2245 eligeretur,
1935 2191 2050 2234 obli-

275 2263 449 2315 gabunt
474 2275 580 2305 eum
609 2263 667 2305 ad
695 2262 814 2305 viam
843 2263 1070 2306 cessionis
1096 2263 1437 2316 procurandam
1467 2266 1512 2305 et
1539 2262 1802 2306 faciendam
1831 2263 1876 2305 in
1905 2263 2048 2305 omni-

275 2334 376 2386 bus,
407 2337 544 2387 prout
574 2333 804 2387 obligatus
836 2337 906 2376 est
937 2334 978 2375 d.
1010 2337 1169 2376 noster
1200 2347 1301 2376 cum
1333 2333 1664 2376 constitucione
1695 2337 2047 2387 procuratorum

277 2405 324 2447 in
350 2405 491 2447 simili
518 2404 682 2447 forma.

394 2477 443 2518 R.
494 2475 886 2518 Deliberaverunt
920 2488 1013 2517 non
1049 2475 1225 2528 aliquid
1261 2488 1367 2518 esse
1402 2475 1682 2518 faciendum.

395 2547 509 2589 Item
539 2546 738 2598 interim,
768 2559 1009 2599 quousque
1039 2545 1266 2598 videatur,
1297 2559 1354 2588 an
1384 2559 1469 2599 per
1497 2546 1618 2589 viam
1645 2547 1872 2589 cessionis
1900 2546 2048 2600 possit

276 2617 374 2660 dari
404 2631 496 2672 pax
523 2617 734 2671 ecclesie,
762 2630 855 2660 non
883 2617 1211 2669 consentietur,
1240 2617 1362 2670 quod
1390 2620 1607 2659 creentur
1634 2617 1741 2660 novi
1767 2617 2045 2660 cardinales.

393 2689 442 2731 R.
488 2688 730 2730 Provisum
761 2692 807 2730 et
839 2701 925 2742 per
958 2687 1214 2730 concilium.

397 2760 509 2802 Item
540 2759 825 2812 generaliter
856 2758 1078 2812 offerunt,
1111 2759 1233 2812 quod
1266 2759 1434 2812 omnia,
1466 2771 1555 2812 que
1589 2759 1871 2802 deliberabit
1901 2758 2046 2802 conci-

275 2831 386 2872 lium
417 2843 521 2874 esse
552 2831 685 2873 utilia
715 2834 760 2873 et
789 2833 1050 2883 opportuna
1081 2830 1138 2872 ad
1168 2829 1521 2883 expedicionem
1552 2829 1737 2872 unionis
1767 2829 2045 2883 supradicte,

275 2901 591 2953 procurabunt
619 2914 705 2955 per
735 2902 775 2943 d.
806 2904 1014 2943 nostrum
1045 2913 1212 2954 papam
1243 2900 1456 2953 expediri
1487 2901 1631 2942 eciam
1662 2901 1747 2942 sub
1775 2900 1918 2943 bulla.

392 2972 442 3014 R.
488 2973 573 3014 Ille
604 2973 755 3026 placet
786 2971 1001 3014 omnibus
1032 2971 1157 3014 iuxta
1189 2972 1539 3013 avisamentum.

379 3081 408 3101 a*
431 3078 460 3102 (¹.
491 3076 523 3101 11·
541 3075 666 3102 ccdulc.
726 3076 756 3102 ln
787 3076 834 3100 11‘:
857 3074 986 3102 noviter
1008 3074 1138 3101 tradite.
1198 3083 1225 3099 ι’»
1251 3076 1396 3101 Anium-t
1417 3075 1496 3108 fehlt
1519 3075 1600 3101 rim-h
1623 3075 1654 3100 in
1684 3074 1724 3100 11’.
