2227 3434
594 200 632 236 C.
674 201 765 236 Acta
792 201 942 238 concilii
968 202 1037 235 des
1065 200 1106 236 G.
1134 202 1181 236 de
1209 201 1338 236 Turre.
1764 201 1849 243 365

86 323 177 364 tive
217 322 379 364 relata.
433 321 488 363 Et
527 319 698 362 deinde
739 320 812 361 die
855 320 1034 362 sabbati
1077 320 1216 362 XXV.
1262 319 1366 361 Maii
1408 318 1495 360 fuit
1535 321 1660 360 tenta
1703 318 1850 360 sessio

84 391 320 445 generalis
353 424 362 433 .
398 425 406 433 .
442 425 450 434 .

204 463 290 505 Die
319 462 547 505 dominica
577 456 787 515 XXVIJ)
821 461 924 503 Maii
955 462 1147 503 fuerunt
1175 461 1278 503 misi
1308 464 1352 503 et
1383 460 1601 502 destinati
1631 473 1688 503 ex
1720 463 1850 513 parte

87 533 192 576 dicti
219 534 336 576 sacri
364 533 544 575 concilii
571 532 709 586 legati
737 532 794 574 ad
821 533 969 574 locum
992 532 1052 573 de
1080 532 1225 574 Cellis
1250 531 1628 575 Constanciensis
1654 531 1853 572 diocesis

87 604 144 646 ad
174 604 215 647 d.
245 604 506 647 Johannem
535 615 703 657 papam
732 606 776 644 et
804 603 885 645 illa
914 603 988 644 die
1017 603 1355 655 applicuerunt.

205 675 259 718 Et
294 676 341 718 in
378 674 579 718 erastino
613 674 962 727 requisiverunt
997 673 1166 715 dictum
1203 673 1244 715 d.
1281 673 1541 715 Johannem
1577 676 1622 714 et
1658 673 1715 715 ab
1752 673 1853 726 ipso

88 757 364 799 responsum
390 745 666 797 habuerunt,
690 748 829 798 prout
855 745 901 785 in
929 744 1236 786 instrumento
1263 744 1475 796 sequenti
1501 747 1686 786 tenetur
1714 778 1721 785 .
1759 778 1766 785 .
1802 744 1850 796 .¹)

192 874 222 903 a)
245 873 289 900 Hs
308 872 438 900 XXXVl.

206 934 237 976 ¹)
272 933 348 969 Von
371 934 441 969 der
463 934 584 968 sessio
606 933 798 977 yeneralis
823 934 913 968 1415
937 934 1029 968 Maii
1052 934 1096 968 29
1123 933 1214 967 tcird
1242 933 1436 973 ber-lehre&
1459 934 1533 978 das}
1557 941 1713 975 „omnes
1736 933 1856 966 cardi-

88 992 196 1026 nales
221 992 400 1027 videlicet
427 992 550 1035 XVII,
574 993 715 1036 prelati
741 991 912 1026 mithrati
938 994 1088 1026 centum
1115 994 1151 1026 et
1179 991 1306 1026 XXV“
1335 991 1581 1025 teilnahmen.
1631 990 1707 1025 Von
1732 991 1780 1025 da
1808 989 1855 1022 ab

86 1048 217 1093 folyen
249 1061 318 1085 nur
348 1051 458 1085 mehr
486 1051 549 1086 die
581 1050 755 1085 Bericlzte
785 1052 854 1085 der
884 1050 1077 1084 sessiones
1108 1050 1308 1092 ,qenerales
1341 1051 1391 1083 im
1423 1048 1634 1093 offiziellen
1665 1049 1757 1083 stile
1790 1049 1855 1082 mil

87 1107 189 1143 allen
220 1108 353 1144 Tileln.
381 1110 444 1144 die
477 1109 595 1143 nichls
626 1119 742 1144 neues
773 1108 910 1143 bielen.
