2227 3434
89 425 169 498 C.
189 423 357 496 'Der
391 424 864 496 literarische
895 424 1171 512 Kampf
1199 445 1326 496 um
1366 424 1485 496 die
1514 424 1858 513 Stellung

441 544 578 614 des
632 542 950 630 Papstes
997 563 1169 614 zum
1224 543 1504 619 Konzil.

496 721 535 753 a.
582 710 652 753 De
680 721 802 764 pape
833 713 879 753 et
909 710 1091 753 concilii
1124 711 1441 764 mai01·itate.³¹)

203 803 292 840 Cod,
318 802 560 845 Petersbura.
587 803 612 846 Ϊ.
640 804 695 838 87.

208 874 258 916 111
279 874 594 916 ecclesiastica
609 873 781 935 policia
803 874 978 926 duplex
1000 875 1235 927 reperitur
1256 878 1462 927 potestas
1485 874 1656 917 scilicet
1678 874 1855 915 ordinis

86 948 131 987 et
158 944 511 997 iurisdiccionis,
539 956 628 997 que
655 944 884 986 differunt
912 945 958 986 in
985 945 1141 988 multis
1167 948 1214 987 et
1241 945 1506 997 specialiter
1534 945 1580 986 in
1608 946 1706 999 hoc,
1734 944 1855 997 quod

85 1018 291 1068 potestas
319 1015 497 1057 ordinis
526 1028 619 1057 non
648 1015 769 1057 inest
798 1015 888 1057 nisi
917 1028 1118 1068 persone
1150 1028 1275 1068 vere,
1305 1019 1509 1068 potestas
1540 1019 1692 1057 autem
1725 1015 1856 1057 iuris-

85 1085 305 1128 diccionis
334 1085 460 1128 *inest
492 1086 639 1127 eciam
666 1098 872 1138 persone
906 1086 1013 1129 ficte
1049 1086 1179 1128 sicud
1209 1086 1407 1139 collegio
1440 1087 1514 1127 vel
1548 1087 1855 1127 universitati.

86 1156 313 1210 Suprema
354 1160 560 1210 potestas
603 1157 942 1199 iurisdiccionis
986 1157 1187 1199 continet
1230 1157 1492 1198 eminenter
1535 1170 1696 1199 omnes
1740 1157 1856 1199 alias

85 1227 297 1270 eiusdem
322 1228 511 1280 generis
538 1231 806 1280 potestates,
832 1231 1038 1280 potestas
1067 1228 1245 1270 ordinis
1271 1240 1363 1269 non
1390 1231 1462 1270 est
1488 1228 1633 1270 maior
1663 1229 1708 1269 in
1735 1240 1856 1280 papa

85 1309 222 1350 quam
254 1298 300 1339 in
331 1299 425 1340 alio
454 1298 617 1350 quovis
648 1298 881 1351 episcopo,
914 1298 997 1340 sed
1030 1299 1150 1340 bene
1181 1302 1386 1351 potestas
1419 1298 1755 1341 iurisdiccionis
1788 1301 1857 1339 est

86 1369 232 1411 maior
260 1369 307 1410 in
335 1381 390 1410 eo
418 1381 555 1421 quam
583 1369 630 1410 in
660 1369 817 1422 aliquo
845 1369 949 1411 alio.

202 1439 343 1492 Papa,
372 1439 641 1483 cardinales
671 1443 715 1482 et
747 1440 826 1482 alii
856 1440 1026 1492 prelati
1060 1443 1166 1482 sunt
1196 1440 1244 1481 in
1276 1440 1444 1482 virtute
1475 1443 1596 1482 totus
1627 1440 1781 1482 clerus
1812 1442 1856 1480 et

85 1513 413 1563 representant
443 1510 490 1551 in
521 1510 696 1552 effectu
727 1514 866 1553 totam
898 1510 1259 1553 ecclesiasticam
1288 1511 1519 1564 policiam‚
1551 1511 1598 1551 in
1630 1523 1719 1563 qua
1751 1515 1856 1553 sunt

86 1579 271 1623 diverse
302 1584 570 1634 potestates,
601 1581 827 1624 inferiore
859 1581 1092 1634 superiori
1123 1581 1441 1623 subordinata.

207 1651 258 1693 In
293 1652 398 1705 hiis,
434 1664 524 1704 que
559 1655 844 1694 concernunt
878 1652 1023 1694 fidem
1059 1657 1105 1695 et
1138 1652 1240 1694 eius
1275 1653 1548 1704 accessoria,
1586 1652 1659 1694 isti
1695 1664 1856 1694 omnes

84 1722 323 1764 collective
354 1726 683 1775 representant
713 1726 852 1765 totam
883 1723 1235 1766 universitatem
1266 1723 1480 1764 fidelium
1511 1726 1556 1764 et
1587 1722 1856 1765 catholicam

85 1793 330 1835 ecclesiam
365 1797 449 1835 etc.
499 1793 813 1846 Congregacio
850 1794 1054 1836 omnium
1090 1794 1282 1836 istorum
1321 1793 1457 1835 simul
1497 1794 1543 1835 in
1581 1806 1856 1846 quocunque

86 1863 206 1906 facta
244 1876 295 1906 ac
333 1877 493 1906 eorum
532 1864 691 1917 partis,
731 1864 978 1906 dummodo
1016 1864 1136 1906 facta
1175 1864 1233 1906 sit
1271 1864 1356 1906 sub
1394 1865 1580 1906 nomine
1619 1865 1856 1917 generalis

85 1935 267 1976 concilii
293 1947 379 1976 nec
407 1935 465 1977 sit
491 1934 794 1988 clandestina,
823 1938 893 1977 set
918 1934 1194 1988 significata,
1221 1935 1283 1977 ita
1308 1938 1355 1976 ut
1383 1935 1701 1977 verisimiliter
1728 1940 1857 1988 potu-

84 2005 173 2048 erit
205 2005 264 2047 ad
295 2005 499 2047 omnium
531 2005 747 2047 noticiam
780 2006 1031 2059 pervenire
1063 2009 1109 2048 et
1141 2018 1199 2047 ex
1233 2006 1384 2048 causis
1418 2005 1781 2048 racionabilibus
1812 2007 1857 2046 et

83 2087 187 2117 cum
223 2077 424 2118 termino
461 2076 715 2119 sufficienti
756 2080 800 2118 et
839 2077 896 2118 ad
936 2077 1085 2118 locum
1125 2076 1372 2129 ydoneum,
1412 2089 1677 2129 supremam
1717 2076 1856 2118 habet

84 2146 424 2189 iurisdiccionis
449 2147 761 2189 ecclesiastice
787 2150 1076 2200 potestatem.
1115 2147 1170 2190 Et
1194 2147 1231 2188 si
1257 2147 1489 2200 contingat
1514 2147 1650 2189 simul
1676 2147 1783 2188 fieri
1809 2148 1854 2188 in

84 2216 299 2269 pluribus
329 2217 443 2260 locis
472 2217 737 2259 huiusmodi
766 2218 1172 2270 congregaciones‚
1202 2217 1298 2270 illa,
1330 2230 1419 2270 que
1450 2217 1586 2270 plura
1614 2217 1856 2270 supposita

83 2288 300 2340 continet,
326 2300 591 2340 supremam
617 2288 794 2330 obtinet
819 2291 1109 2341 potestatem,
1135 2301 1227 2330 non
1253 2289 1479 2341 obstante,
1505 2289 1628 2341 quod
1654 2288 1773 2330 facta
1799 2288 1855 2330 sit

84 2358 204 2400 forte
241 2371 326 2411 per
362 2371 482 2412 eum,
518 2358 595 2411 qui
632 2371 725 2401 non
761 2359 901 2401 habet
937 2359 1254 2402 auctoritatem
1291 2359 1573 2401 convocandi
1609 2360 1854 2400 concilium

83 2429 320 2482 generale,
349 2429 473 2482 quia,
504 2429 542 2472 si
573 2429 846 2471 convocacio
875 2442 959 2472 seu
989 2428 1277 2482 significacio
1306 2429 1425 2471 facta
1456 2433 1527 2471 est
1555 2441 1641 2482 per
1670 2429 1853 2470 modum

83 2512 225 2552 supra
245 2500 483 2552 scriptum,
505 2500 934 2552 quomodocumque
957 2500 1220 2553 reperiatur
1242 2503 1583 2553 congregatum,
1607 2499 1853 2541 dummodo

85 2570 142 2613 sit
171 2570 369 2612 liberum
397 2574 444 2612 et
469 2568 618 2624 tunc'')
648 2571 773 2613 racio
800 2571 970 2612 habeat
997 2570 1378 2612 convocacionem
1409 2571 1506 2612 sive
1536 2571 1855 2623 congregacio-

83 2652 188 2682 nem
216 2640 273 2682 de
302 2653 351 2683 se
379 2640 561 2693 factam,
588 2641 917 2684 nichilominus
945 2654 1078 2684 suum
1105 2641 1177 2684 ius
1203 2641 1379 2683 obtinet
1407 2645 1489 2683 etc.
1529 2641 1621 2682 Hec
1649 2644 1853 2694 potestas

85 2711 206 2754 inest
232 2711 321 2753 sibi
347 2714 580 2763 tamquam
608 2711 898 2753 universitati
925 2724 1019 2754 non
1048 2712 1233 2753 racione
1263 2711 1458 2753 alicuius
1480 2712 1597 2754 certi
1626 2710 1851 2764 suppositi

85 2779 232 2833 ipsius
257 2781 574 2824 universitatis
599 2785 644 2824 et
672 2782 791 2835 ideo,
818 2782 925 2824 licet
950 2782 1214 2823 huiusmodi
1244 2782 1535 2823 universitati
1563 2784 1852 2833 congregate,

83 2863 172 2903 que
196 2852 461 2904 appellatur
481 2853 725 2893 concilium
747 2853 985 2905 generale,
1008 2865 1129 2905 papa
1154 2853 1210 2895 sit
1233 2852 1396 2905 capud,
1419 2852 1525 2904 quia
1549 2851 1851 2904 principalior

84 2933 301 2974 persona,
326 2934 415 2974 que
440 2922 498 2964 sit
518 2922 568 2963 in
592 2934 662 2975 eo,
686 2925 840 2964 tamen
864 2935 956 2964 non
981 2923 1088 2975 plus
1113 2923 1252 2964 habet
1276 2923 1399 2964 vocis
1427 2923 1471 2962 in
1498 2922 1692 2963 concilio
1715 2934 1850 2973 quam

82 2992 203 3034 alius
231 2991 496 3044 quicunque
525 2991 742 3035 minimus
768 2993 828 3034 de
858 2992 1065 3045 concilio,
1096 2992 1202 3045 quia
1233 2992 1289 3033 de
1320 2993 1504 3034 racione
1536 2991 1849 3033 universitatis

188 3111 218 3137 a)
247 3107 311 3133 Von
329 3108 416 3133 einer
435 3109 584 3140 epiiteren
605 3108 713 3133 Ilaml.
781 3107 813 3140 b)
834 3108 881 3134 Hs
902 3107 1157 3134 attremit-ichen.
