2102 3444
275 136 358 178 122
808 136 833 170 I.
860 136 1071 171 Abschnitt.
1110 136 1510 180 Konzilstagebiicher.

241 298 252 309 θ
275 253 675 306 ambassiatorum‚
703 254 938 296 doctorum
966 258 1011 296 et
1037 254 1240 297 omnium
1268 254 1453 307 publica
1480 256 1725 308 presencia
1754 267 1779 296 a
1806 267 1901 297 rev.
1928 267 1970 308 p.
1999 254 2041 296 d.

276 328 431 366 sancte
460 325 508 368 R.
539 337 578 366 e.
607 325 976 377 prothonorariis
1005 337 1146 366 unum
1175 329 1219 367 et
1247 326 1382 378 plura
1412 326 1692 378 requirimus
1723 326 2041 367 instrumenta.

276 395 360 436 Die
392 395 582 437 XXVII.
615 395 741 437 Junii
774 395 1152 438 M.CCCC.XVII.

393 465 567 507 Eodem
608 466 684 507 die
723 466 953 508 dominica
994 469 1098 519 post
1136 466 1384 519 prandium
1426 467 1592 508 iterum
1634 465 1898 519 congregati
1938 468 2044 509 sunt

274 536 470 588 predicti
498 536 761 578 cardinales
790 536 928 589 legati
955 540 1000 578 et
1025 537 1247 579 naciones
1275 537 1320 578 in
1348 537 1528 590 palacio
1554 540 1598 578 et
1626 539 1854 578 venerunt
1882 537 2043 590 plures

273 619 331 648 cx
360 610 492 660 parte
521 607 645 660 regis
673 610 951 650 excusantes
981 619 1139 661 regem
1168 610 1213 649 et
1241 607 1462 660 dicentes,
1491 608 1613 660 quod
1642 608 1762 649 bene
1791 607 2043 659 videretur,

275 678 312 719 si
347 678 458 720 talia
492 681 652 720 essent
684 678 809 731 vera,
844 678 951 731 quia
985 678 1106 720 forie
1139 681 1272 720 erant
1306 678 1502 720 conficta
1535 678 1592 720 ad
1626 677 1907 720 turbandum
1940 690 2044 719 con-

274 747 429 789 cilium
457 751 502 790 et
527 748 650 801 quod
678 761 761 790 rex
790 748 1093 791 mandaverat
1121 748 1390 801 episcopum
1417 749 1817 791 Sarisberiensem
1845 749 2043 790 alterum

275 830 333 859 ex
359 818 589 861 iudicibus
612 818 1019 871 committentibus,
1046 820 1124 872 qui
1152 819 1352 861 asseruit
1378 819 1466 861 sibi
1493 819 1634 860 nichil
1663 818 1796 871 scire,
1823 818 1895 861 cui
1921 818 2043 860 idem

274 902 357 930 rex
391 889 643 931 adhibebat
675 889 863 943 fidema)
899 893 943 931 et
975 890 1014 931 si
1046 902 1138 932 non
1172 893 1297 932 esset
1327 902 1504 941 verum,
1536 890 1816 943 punirentur
1848 889 1933 942 illi,
1965 889 2043 942 qui

276 960 382 1002 talia
421 959 665 1012 fingebant
704 963 884 1013 petens,
925 960 1048 1013 quod
1085 960 1440 1002 nominarentur
1480 960 1563 1014 illi,
1603 961 1681 1013 qui
1723 959 1879 1002 dicunt
1916 959 2040 1002 talia.

273 1030 376 1072 Fuit
400 1043 693 1083 responsum,
718 1031 841 1083 quod
865 1034 998 1073 erant
1023 1044 1152 1083 vera3
1180 1031 1263 1073 sed
1287 1031 1598 1083 nesciebatur,
1625 1031 1662 1073 si
1686 1034 1821 1073 erant
1844 1031 1902 1072 de
1927 1030 2042 1073 scitu

272 1102 411 1154 regis,
435 1104 481 1143 et
506 1101 628 1154 quod
654 1102 715 1144 ita
740 1101 1025 1143 credendum
1052 1102 1158 1144 aliis
1184 1102 1299 1144 sicut
1325 1101 1664 1144 Sarisberiensi
1690 1101 1922 1155 episcopo.
1960 1101 2043 1143 Hic

273 1175 439 1225 autem,
464 1171 542 1224 qui
567 1171 739 1225 scribit,
764 1175 1006 1214 attestatur
1031 1185 1080 1215 se
1104 1172 1277 1215 vidisse
1302 1176 1347 1214 et
1370 1172 1578 1215 tenuisse
1604 1172 1784 1215 litteras
1807 1174 2042 1226 grossatas

275 1244 319 1284 in
353 1255 653 1296 pergameno,
687 1255 776 1296 que
810 1243 1117 1296 portabantur
1151 1243 1208 1285 ad
1242 1243 1423 1296 aliquos
1457 1243 1516 1285 ad
1548 1243 1816 1296 videndum,
1850 1242 1888 1286 si
1921 1243 2044 1285 bene

272 1316 463 1366 starent,
492 1313 608 1356 sicut
636 1314 832 1366 portitor
862 1313 1115 1356 referebat.

394 1385 444 1426 In
470 1385 723 1426 crastinum
749 1384 823 1426 die
851 1385 961 1426 lune
986 1384 1203 1427 XXVIII.
1229 1384 1355 1427 Junii
1381 1384 1468 1426 fuit
1494 1384 1551 1426 de
1577 1397 1714 1426 mane
1741 1385 2043 1438 congregacio

272 1454 517 1497 nacionum
549 1455 596 1497 in
628 1455 728 1498 loco
760 1455 968 1498 nacionis
1000 1455 1265 1497 Germanie.
1311 1455 1365 1497 Et
1396 1455 1483 1496 fuit
1515 1454 1578 1496 ibi
1610 1467 1710 1508 rex,
1742 1457 1787 1496 et
1818 1467 1879 1497 ex
1910 1457 2042 1508 parte

273 1526 456 1579 collegii
489 1526 796 1568 cardinalium
829 1529 876 1568 et
905 1525 1152 1568 nacionum
1183 1526 1352 1578 Ytalie,
1387 1526 1540 1568 Gallie
1573 1528 1619 1567 et
1648 1525 1875 1579 Hispanie
1908 1525 2045 1579 plura

273 1596 511 1650 proposita
538 1597 595 1639 de
622 1596 784 1650 modis,
812 1597 890 1650 qui
916 1597 1211 1650 tenebantur,
1238 1596 1445 1650 rogando
1472 1608 1645 1650 regem,
1672 1596 1795 1649 quod
1821 1609 1847 1639 a
1873 1596 2045 1638 talibus

272 1671 478 1710 cessaret
505 1671 550 1710 et
576 1667 867 1721 permitteret
894 1667 1137 1710 concilium
1164 1667 1314 1709 libere
1342 1680 1496 1721 agere,
1523 1670 1570 1709 et
1596 1667 1729 1709 daret
1756 1667 2043 1720 securitates,

273 1751 388 1790 quas
434 1739 726 1791 promiserat.
785 1739 839 1781 Et
884 1738 1125 1791 proposuit
1171 1738 1423 1780 cardinalis
1468 1737 1680 1780 Pisanus.
1738 1737 1839 1780 Rex
1884 1737 2044 1791 petivit

273 1809 374 1851 dari
407 1809 453 1851 in
488 1809 684 1862 scriptis.
729 1809 832 1851 Fuit
864 1809 1067 1851 locutum
1099 1809 1156 1851 de
1190 1810 1271 1851 illa
1305 1808 1647 1861 commissione;
1681 1808 2045 1851 Sarisberiensis

273 1881 513 1922 excusavit
544 1893 609 1933 se,
643 1880 766 1933 quod
798 1893 892 1922 non
925 1879 1132 1922 dederat.
1179 1880 1233 1922 Et
1264 1892 1427 1921 verum
1459 1882 1542 1932 est,
1577 1879 1700 1933 quod
1731 1892 1824 1921 non
1857 1879 2045 1921 fuerant

274 1950 489 2004 sigillata.
542 1951 668 1992 Dixit
705 1954 874 2003 tamen,
913 1951 1037 2003 quod
1073 1951 1277 1993 habebat
1314 1953 1591 2004 potestatem
1626 1950 1853 2003 puniendi
1891 1950 2045 1992 turba-

273 2025 399 2064 tores
426 2021 606 2063 concilii
634 2024 678 2063 et
707 2022 768 2063 ita
797 2021 1069 2063 intendebat
1096 2021 1267 2063 facere.
1309 2022 1364 2063 Et
1391 2021 1477 2063 fuit
1505 2020 1688 2073 dictum,
1717 2020 1840 2074 quod
1867 2021 2044 2062 nullam

273 2093 476 2134 habebat
495 2095 784 2146 potestatem,
808 2095 852 2134 et
874 2105 1040 2134 revera
1060 2093 1237 2134 nullam
1257 2092 1398 2134 habet
1420 2095 1710 2145 potestatem.
1743 2091 2045 2134 Pistoriensis

274 2163 403 2215 dixit,
429 2163 550 2216 quod
578 2163 701 2204 idem
728 2163 924 2215 dicebat,
951 2166 999 2204 ut
1025 2162 1403 2204 Sarisberiensis.
1441 2162 1712 2205 Bisuntinus
1739 2161 2045 2215 archiepisco-

274 2246 362 2286 pus
398 2235 516 2275 alter
554 2237 599 2275 et
635 2231 813 2286 primus
851 2233 1274 2275 commissariorum
1310 2236 1487 2275 temere
1526 2234 1705 2275 locutus
1741 2236 1827 2285 est,
1864 2232 2042 2276 dicens:

276 2305 372 2357 Ego
391 2317 485 2353 non
507 2317 679 2346 excuso
701 2317 788 2356 me,
811 2307 856 2346 et
878 2307 1002 2346 certe
1025 2316 1111 2357 ego
1132 2304 1298 2346 faciam
1321 2303 1415 2356 illa,
1438 2316 1528 2357 que
1552 2317 1636 2346 rex
1658 2303 1732 2345 vel
1755 2304 1913 2346 sanior
1934 2316 2045 2357 pars

274 2374 455 2416 concilii
490 2375 601 2416 mihi
634 2375 863 2428 precipiet
897 2378 941 2416 et
975 2374 1167 2427 capiam,
1203 2387 1317 2427 quos
1353 2374 1454 2428 capi
1488 2374 1732 2428 precipiet!
1782 2373 2045 2417 Cardinalis

276 2446 332 2487 de
374 2445 626 2488 Challanco
665 2449 885 2499 presente
928 2458 1037 2499 rege
1078 2445 1333 2498 respondit,
1374 2445 1497 2498 quod
1538 2446 1659 2487 male
1699 2444 1882 2487 dicebat
1921 2445 2043 2487 velle

275 2528 444 2569 capere
478 2516 815 2559 ecclesiasticos
852 2516 909 2558 ad
946 2515 1211 2558 mandatum
1247 2516 1384 2569 regis,
1421 2516 1497 2569 qui
1534 2516 1711 2558 nullam
1745 2516 1887 2558 habet
1919 2518 2046 2569 pote-

276 2590 440 2629 statem
465 2587 512 2628 in
536 2599 764 2640 personas
788 2599 942 2640 neque
967 2587 1013 2628 in
1038 2599 1115 2629 res
1139 2586 1478 2629 ecclesiasticas
1503 2590 1547 2629 et
1571 2587 1812 2640 eleganter
1837 2586 2042 2630 deduxit.

276 2658 330 2699 Et
358 2657 419 2700 ita
447 2670 684 2700 recessum
714 2660 797 2700 est.

394 2729 568 2771 Eadem
590 2728 665 2770 die
688 2730 797 2770 lune
820 2732 923 2782 post
945 2728 1192 2782 prandium
1215 2728 1504 2781 congregatis
1526 2728 1856 2780 cardinalibus,
1879 2728 2045 2781 legatis

276 2803 320 2841 et
341 2800 491 2842 tribus
514 2799 786 2842 nacionibus
810 2801 882 2841 vel
908 2799 1122 2852 pluribus
1145 2812 1204 2840 ex
1229 2799 1324 2841 illis
1347 2799 1392 2840 in
1417 2798 1610 2852 palacio,
1635 2799 1855 2852 magister
1877 2798 2043 2840 civium

276 2873 321 2911 et
345 2870 561 2912 consules
584 2873 668 2912 etc.
694 2870 1039 2923 responderunt
1064 2869 1302 2922 requisitis
1326 2873 1371 2911 et
1395 2882 1452 2911 ex
1477 2872 1610 2922 parte
1635 2869 1772 2912 totius
1796 2869 2045 2911 communi-

276 2941 382 2983 tatis
417 2940 598 2994 civium,
632 2941 755 2994 quod
790 2941 1009 2983 volebant
1043 2953 1233 2983 servare
1269 2940 1511 2982 concilium
1547 2943 1592 2982 et
1626 2952 1787 2983 omnes
1821 2940 1869 2982 in
1903 2940 2044 2993 plena

381 3046 411 3071 a)
433 3045 465 3070 et
485 3064 490 3069 .
512 3064 517 3070 .
539 3065 543 3069 .
565 3044 659 3071 tidem
681 3044 760 3077 fehlt
782 3045 818 3071 D.
