2227 3434
493 173 536 207 A.
576 172 774 208 Fillastres
803 173 919 208 Gesta
945 170 1096 208 concilii
1123 172 1437 208 Constantiensis.
1765 175 1847 217 127

83 290 210 334 ensis
234 294 279 333 et
302 291 430 333 curie
453 291 500 333 in
529 291 620 332 IIII
647 291 758 334 locis
783 291 962 334 litteras
987 303 1095 334 suas
1118 291 1381 334 securitatis
1405 292 1491 333 sub
1517 292 1671 345 sigillo
1696 305 1780 334 suo
1804 296 1850 334 et

81 361 123 404 X
142 361 404 415 principum
426 361 625 414 imperii,
647 374 737 414 que
757 362 820 403 ibi
843 364 1084 415 steterunt,
1106 375 1253 415 usque
1276 362 1334 404 ad
1349 361 1596 415 prandium
1612 366 1657 404 et
1672 366 1847 404 remote

81 444 167 486 pro
206 432 404 485 prandio
445 435 490 474 et
531 432 706 474 raffixe
747 436 850 485 post
891 432 1138 485 prandium
1180 436 1394 486 patenter
1435 433 1624 475 cuilibet
1663 433 1847 474 volente

81 503 256 545 habere
281 503 474 556 copiam.
511 502 713 554 Quarum
739 506 872 545 tenor
897 504 1003 544 talis
1029 506 1116 545 est:

197 573 522 627 Sigismundus
546 611 553 618 .
589 607 598 615 .
634 607 642 615 .
666 574 1130 628 vicecancellarius.¹)

198 645 305 687 Post
337 645 422 687 has
456 644 716 686 securitatis
750 644 929 687 litteras
962 644 1236 697 publicatas,
1269 657 1548 698 quamquam
1582 657 1674 687 non
1708 646 1848 698 plane

81 715 357 758 sufficerent
379 715 651 757 nacionibus
674 716 823 757 tribus
845 715 1065 768 predictis
1088 719 1132 757 et
1155 715 1486 768 cardinalibus,
1509 719 1663 758 tamen
1687 728 1848 757 omnes

79 787 404 829 concluserunt
449 786 637 839 procedi
684 786 741 828 ad
786 786 1034 828 ferendum
1081 787 1366 828 sentenciam
1414 786 1459 827 in
1506 799 1645 829 causa
1689 789 1847 827 contra

83 858 268 900 Petrum
295 857 352 899 de
378 857 522 910 Luna,
548 860 594 899 et
619 857 741 910 quod
767 869 859 898 non
885 856 1176 899 differretur.

196 928 287 971 Sed
307 928 467 970 incidit
487 929 669 981 questio
690 928 811 970 inter
833 929 1008 981 legatos
1032 927 1235 970 Castelle
1256 941 1315 969 ex
1337 941 1428 970 una
1451 931 1581 981 parte
1604 931 1648 970 et
1670 929 1846 981 legatos

78 999 310 1052 Aragonie
338 1011 397 1041 ex
425 999 586 1051 altera,
616 1011 705 1051 que
735 999 793 1041 ab
822 999 1024 1041 adventu
1052 998 1423 1040 Castellanorum
1453 999 1677 1052 pependit
1706 1011 1846 1052 super

78 1071 377 1113 concessione
405 1070 524 1112 facta
553 1069 717 1122 legatis
744 1069 976 1122 Aragonie
1005 1069 1062 1111 de
1091 1069 1359 1111 auctoritate
1388 1082 1548 1111 vocum
1577 1071 1623 1111 in
1651 1070 1845 1111 nacione

79 1141 314 1195 Hyspanie
351 1141 555 1183 omnium
592 1141 879 1193 prelatorum
916 1144 961 1182 et
998 1140 1194 1182 aliorum
1233 1144 1558 1182 consuetorum
1595 1141 1749 1182 vocari
1788 1139 1846 1182 ad

77 1212 299 1266 generale
327 1211 569 1254 concilium
598 1211 654 1253 de
684 1211 898 1253 omnibus
926 1212 1083 1264 regnis
1111 1214 1155 1252 et
1183 1211 1401 1253 dominiis
1428 1212 1552 1264 regis
1580 1212 1846 1264 Aragonum

78 1282 190 1326 citra
213 1286 259 1325 et
281 1282 404 1324 ultra
429 1294 575 1334 mare;
605 1283 651 1323 in
678 1294 767 1335 qua
792 1283 1093 1324 concessione
1119 1282 1244 1323 venit
1271 1294 1463 1334 regnum
1489 1281 1658 1334 Sicilie,
1685 1281 1846 1323 videli-

79 1356 148 1396 cet
173 1353 325 1395 insule
353 1353 607 1405 Trinacrie,
633 1352 864 1405 Sardinie,
893 1352 1094 1405 Corcice,
1120 1356 1166 1394 et
1192 1365 1281 1405 que
1309 1355 1415 1394 sunt
1441 1352 1593 1394 insule
1622 1352 1773 1394 Ytalie
1799 1355 1845 1393 et

82 1424 417 1467 Maioricarum.
454 1424 521 1466 De
547 1436 637 1477 qua
661 1424 960 1466 concessione
984 1423 1183 1465 habetur
1206 1423 1253 1464 in
1275 1423 1448 1465 unione
1472 1422 1844 1476 Aragonensium

78 1493 124 1536 in
149 1506 310 1537 mense
335 1494 544 1537 Octobris
569 1494 744 1547 ultimo,
769 1507 854 1547 per
879 1507 1016 1547 quam
1043 1494 1391 1536 concessionem
1417 1494 1555 1546 legati
1583 1493 1706 1546 regis
1732 1493 1845 1534 Ara-

75 1577 243 1618 gonum
275 1565 543 1607 necessario
573 1565 803 1607 haberent
833 1565 880 1606 in
911 1568 1139 1618 potestate
1171 1567 1310 1606 totam
1342 1564 1585 1606 nacionem
1618 1563 1845 1616 Hyspani-

77 1647 187 1678 cam.
230 1635 363 1678 Unde
395 1636 535 1689 legati
565 1636 689 1689 regis
720 1636 939 1688 Castelle,
971 1635 1047 1688 qui
1079 1648 1129 1678 se
1160 1635 1304 1677 multo
1334 1635 1535 1676 maiores
1567 1634 1723 1675 dicunt
1753 1646 1845 1675 om-

76 1706 203 1748 nium
227 1706 567 1760 Hyspanorum,
593 1710 637 1748 et
663 1706 724 1749 ita
750 1709 869 1759 sunt,
897 1706 1052 1748 dicunt
1078 1718 1272 1758 regnum
1299 1718 1432 1747 suum
1459 1706 1624 1757 lesum,
1648 1717 1753 1757 ymo
1779 1704 1844 1745 in-

39 1830 45 1837 ·
79 1777 293 1820 iuriatum
336 1780 381 1819 et
421 1780 584 1830 petunt
626 1777 779 1819 onmia
822 1776 1044 1829 revocari,
1086 1779 1358 1829 protestant,
1401 1775 1524 1829 quod
1566 1775 1624 1817 ad
1663 1775 1843 1816 nullum

78 1850 225 1891 actum
247 1848 570 1901 procederent,
594 1848 739 1890 donec
764 1848 821 1890 sit
844 1850 1059 1889 revocata
1082 1847 1163 1889 illa
1186 1847 1437 1889 concessio.
1475 1846 1529 1888 Et
1552 1846 1659 1887 licet
1682 1846 1843 1898 plures

77 1917 266 1961 fuerunt
301 1922 522 1961 tractatus
561 1917 805 1960 concordie
844 1921 889 1959 et
927 1918 1089 1970 plures
1127 1917 1422 1969 mediatores,
1462 1929 1555 1958 non
1593 1918 1843 1969 potuerunt

77 1989 358 2031 concordari.
397 1990 451 2031 Et
477 1989 720 2031 concilium
747 1988 984 2041 deputavit
1009 1988 1065 2029 de
1093 1988 1300 2040 qualibet
1325 1987 1519 2030 nacione
1544 1990 1589 2029 et
1615 1987 1672 2028 de
1699 1986 1844 2028 cardi-

76 2059 274 2113 nalibus,
307 2059 391 2102 sed
422 2072 515 2101 non
549 2059 635 2101 fuit
666 2059 792 2101 finis.
839 2058 1093 2101 Castellani
1126 2059 1269 2100 nichil
1303 2059 1563 2110 voluerunt,
1597 2058 1687 2098 nisi
1720 2056 1843 2109 quod

78 2129 215 2172 fieret
235 2130 415 2173 iusticia
435 2133 481 2172 et
501 2133 692 2183 propter
714 2130 799 2171 hoc
819 2133 1048 2171 cessatum
1070 2132 1153 2181 est,
1176 2141 1261 2170 nec
1282 2128 1470 2181 procedi
1493 2127 1638 2181 potuit
1660 2127 1717 2169 ad
1740 2139 1842 2168 sen-

77 2200 270 2242 tenciam
292 2200 339 2242 in
360 2213 499 2243 causa
520 2203 678 2242 contra
701 2200 886 2242 Petrum
910 2200 968 2241 de
991 2200 1134 2252 Luna,
1157 2199 1264 2252 quia
1286 2211 1379 2240 non
1402 2199 1598 2241 haberet
1619 2197 1840 2240 effectum

76 2271 163 2313 nisi
199 2271 293 2313 illis
331 2271 610 2314 Castellanis
647 2270 1066 2313 consencientibus.
1116 2270 1170 2312 Et
1206 2269 1370 2323 agitur,
1406 2269 1528 2322 quod
1566 2281 1702 2311 cause
1741 2280 1840 2320 cog—

76 2337 193 2384 nicio
213 2345 258 2384 et
279 2341 497 2383 iudicium
519 2342 769 2384 summarie
792 2344 836 2383 et
858 2341 915 2382 de
937 2341 1078 2394 plano
1099 2340 1406 2382 committatur
1426 2339 1660 2392 aliquibus
1681 2339 1839 2380 iudici-

77 2409 161 2453 bus
186 2412 243 2454 de
269 2412 587 2454 cardinalibus
612 2415 657 2454 et
683 2411 890 2464 qualibet
917 2411 1130 2462 nacione;
1159 2414 1204 2452 et
1229 2411 1290 2452 ita
1316 2410 1486 2452 factum
1512 2412 1595 2452 est.

195 2482 348 2525 Multis
370 2482 536 2525 diebus
557 2482 917 2535 precedentibus
940 2484 985 2523 et
1008 2481 1222 2534 pluribus
1244 2480 1421 2522 vicibus
1443 2481 1604 2533 plures
1627 2491 1685 2520 ex
1708 2482 1839 2532 parte

77 2552 198 2605 regis
223 2552 534 2595 Romanorum
560 2552 779 2594 dixerunt
805 2552 1039 2604 aliquibus
1065 2551 1394 2603 cardinalibus,
1420 2551 1543 2603 quod
1571 2562 1653 2591 rex
1680 2550 1839 2591 Roma-

74 2633 236 2664 norum
265 2624 457 2665 multum
487 2622 736 2665 diffidebat
765 2622 822 2664 de
852 2623 922 2665 eis
949 2625 995 2664 et
1020 2621 1226 2674 timebat,
1255 2622 1292 2663 si
1322 2624 1447 2663 esset
1474 2633 1609 2674 papa,
1639 2621 1715 2673 qui
1747 2631 1837 2661 non

73 2696 196 2735 esset
227 2693 376 2736 bonus
410 2693 582 2735 amicus
616 2693 754 2746 regis,
788 2692 875 2746 ipsi
910 2692 1172 2734 cardinales
1206 2691 1454 2733 tenderent
1488 2691 1545 2732 ad
1578 2689 1836 2731 nocendum

75 2763 187 2816 regi,
210 2767 430 2816 quantum
455 2766 659 2817 possent.
695 2762 975 2804 Attendebat
999 2762 1122 2803 enim
1146 2775 1244 2814 rex,
1269 2761 1392 2814 quod
1416 2773 1582 2803 revera
1606 2760 1710 2802 illos
1733 2772 1837 2801 con-

76 2833 393 2886 temptibiliter
427 2836 705 2876 tractaverat
739 2836 784 2875 et
817 2833 933 2874 illud
968 2832 1112 2874 eciam
1147 2832 1302 2874 odium
1338 2831 1649 2884 suggerebant
1683 2829 1835 2871 eidem

74 2903 170 2956 regi
203 2904 346 2957 aliqui
382 2904 505 2956 mali,
541 2916 736 2956 quorum
771 2902 976 2945 consiliis
1012 2915 1095 2944 rex
1131 2902 1360 2954 utebatur,
1394 2905 1439 2943 et
1475 2901 1550 2953 qui
1588 2899 1833 2942 manifeste

74 2975 474 3027 prosequebantur
507 2974 613 3016 odio
646 2973 924 3025 cardinales,
958 2973 1175 3014 videlicet
1208 2972 1471 3025 patriarcha
1504 2970 1833 3020 Anstochenus,

191 3066 223 3110 ²)
249 3046 439 3111 Ανοιῖεἶν.
464 3068 596 3102 &stem
623 3066 757 3101 Gesch.
782 3066 837 3108 59,
861 3066 1010 3101 38—41.
