2102 3444
172 157 255 198 430
527 156 571 189 ll.
606 155 814 189 Abs-chniu.
857 157 1061 188 Sermones
1092 154 1238 189 concilii
1272 154 1591 191 Constanciensis.

172 272 393 315 estimans
421 308 428 315 .
465 308 472 315 .
510 308 516 315 .
544 274 845 325 ymaginabor
872 274 1048 325 tacitus,
1075 274 1184 326 quid
1210 277 1334 316 tante
1360 275 1576 317 novitatis
1602 276 1814 329 prodigia
1839 289 1942 329 pre-

173 346 411 396 sagirent.
448 378 455 385 .
493 379 499 386 .

291 416 416 456 Licet
438 415 557 456 inter
581 428 715 467 reges
738 418 781 456 et
805 415 1040 467 principes
1063 416 1179 457 lianc
1202 416 1334 458 navis
1358 420 1494 469 atque
1520 417 1659 458 maris
1682 418 1942 470 tranquilli-

171 490 309 527 tatem
346 489 685 538 prosequentes
723 486 1137 529 christianissimus
1173 487 1337 529 merito
1375 487 1436 529 sic
1475 488 1622 529 dictus
1662 488 1941 530 Francorum

173 569 253 597 rex
293 556 468 598 iteratis
505 557 683 598 vicibus
719 557 835 598 hanc
872 569 1037 598 navem
1076 557 1324 599 laceratam
1361 561 1404 599 et
1441 558 1635 600 divisam
1673 558 1717 599 in
1755 559 1942 601 unitatis

171 627 364 679 gloriam
408 627 649 668 reduxerit
693 661 700 668 .
738 664 744 670 .
782 661 789 668 .
834 627 940 669 licet
982 631 1199 680 preterea
1244 628 1573 670 invictissimus
1618 630 1751 671 navis
1796 630 1942 683 ipsius

171 698 311 750 pugil,
345 701 576 749 protector
610 701 746 750 atque
781 698 1004 739 defensor
1036 698 1358 752 Sigismundus
1394 734 1401 741 .
1438 733 1445 740 .
1482 733 1489 740 .
1527 700 1570 740 in
1604 712 1742 742 unam
1776 712 1941 742 navem

170 769 409 821 dispersas
442 768 688 810 reduceret
718 769 942 821 reliquias
979 769 1171 822 Israhel,
1201 773 1393 822 propter
1425 783 1514 823 que
1545 774 1589 812 et
1621 771 1711 813 alia
1742 771 1942 824 plurima

170 852 253 891 pro
279 851 335 880 eo
361 840 460 881 sine
492 839 836 881 intermissione
863 840 1073 893 profecto
1100 841 1155 882 ad
1184 840 1420 882 dominum
1449 841 1612 883 devote
1640 854 1775 884 orare
1804 842 1942 884 debe-

171 914 237 952 ret
268 910 416 951 omnis
445 911 642 952 ecclesia
672 914 934 952 sanctorum
967 946 974 952 .
1011 945 1018 952 .
1055 945 1062 952 .

167 1016 467 1062 Feh.16.-
506 1017 789 1058 Dietrich
845 1031 948 1059 ron
1000 1018 1291 1059 Mitvnster.

289 1098 312 1130 ἰ’
329 1100 413 1131 em
434 1108 444 1131 .·
483 1098 543 1131 Miz
568 1099 656 1132 5421
679 1100 704 1141 f.
730 1099 811 1135 Μὰ
841 1100 947 1133 1342]
968 1100 993 1142 7·-
1015 1100 1076 1136 .·27,·
1101 1100 1168 1132 Paz
1188 1102 1256 1133 :3955
1275 1100 1300 1142 l'-
1330 1100 1409 1136 ma·
1432 1102 1499 1133 :2115
1519 1099 1545 1143 f.
1570 1102 1653 1137 1102-
1676 1100 1745 1133 Rei
1764 1100 1809 1134 23
1828 1100 1853 1143 r.
1874 1101 1938 1140 95,-

168 1158 229 1189 ¹&lu
260 1158 303 1189 .'){›'
330 1159 354 1198 Ῑ,
384 1157 445 1193 67,-
481 1156 518 1189 W
545 1157 637 1191 :5759
664 1157 688 1199 f.
717 1158 802 1195 305ς
838 1157 930 1190 Wille
960 1158 1004 1190 45
1031 1158 1056 1200 7'.
1085 1158 1138 1190 52.

285 1215 349 1247 l)1·
367 1225 385 1248 u
404 1225 419 1248 e
438 1214 459 1247 h·
479 1224 489 1248 .·
533 1215 654 1248 Walcle
682 1214 711 1248 Ι.
733 1218 766 1250 3,
789 1216 844 1249 517.

286 1273 306 1313 I
329 1286 350 1314 η
371 1273 394 1313 h
416 1286 439 1314 α
457 1274 470 1315 l
488 1278 501 1314 t
520 1287 531 1315 .·
579 1273 781 1326 Reform.

290 1344 375 1385 Ite
418 1348 474 1386 et
512 1357 617 1386 vos
660 1345 717 1385 in
757 1344 1000 1387 vineam
1040 1357 1224 1387 meam
1268 1346 1428 1399 (Math.
1456 1346 1561 1401 XX)
1595 1380 1602 1387 .
1639 1379 1647 1387 .
1683 1380 1691 1388 .

165 1450 275 1492 Feb.
311 1450 378 1492 23.
417 1477 465 1480 —
502 1451 542 1491 A
560 1463 585 1491 n
604 1463 626 1492 ο
648 1464 773 1503 nym
791 1452 911 1504 uS.¹)

286 1533 310 1565 Τ
327 1534 411 1565 emt
432 1542 441 1566 .·
482 1532 543 1565 Miz
570 1533 659 1566 :3421
683 1532 708 1575 s.
738 1534 818 1571 155,-
843 1533 899 1566 Νῑῑ
924 1534 970 1566 4⁸
992 1534 1016 1575 f.
1045 1534 1128 1571 144,·
1159 1533 1196 1565 W
1220 1534 1313 1568 4955
1335 1534 1360 1576 f.
1384 1534 1438 1566 49.

286 1591 569 1643 Fratres,
609 1591 893 1632 libenter
932 1591 1239 1634 suffertis
1277 1591 1568 1644 insipientes,
1594 1604 1695 1633 cum
1723 1592 1824 1634 sitis
1852 1589 1940 1644 ipsi

169 1663 419 1714 sapientes.
467 1663 623 1704 Verba
660 1666 766 1704 sunt
802 1662 1003 1704 doctoris
1039 1663 1266 1715 gencium,
1305 1663 1361 1705 de
1399 1676 1491 1715 quo
1525 1663 1702 1706 Seneca
1740 1662 1799 1705 ad
1834 1674 1940 1704 eum

168 1734 377 1775 scribens
408 1733 662 1775 admiratur
692 1737 783 1775 tam
815 1734 985 1775 arduas
1016 1734 1279 1775 sentencias
1309 1736 1464 1787 totque
1496 1735 1588 1776 alta
1617 1733 1825 1776 misteria
1854 1733 1940 1776 sub

166 1804 419 1846 humilibus
449 1808 493 1846 et
522 1805 652 1857 quasi
685 1804 962 1847 inordinatis
992 1805 1150 1846 verbis
1180 1817 1442 1846 resonasse.
1485 1805 1539 1846 Et
1567 1805 1697 1847 cuius
1726 1803 1862 1846 hodie
1893 1803 1938 1845 in

167 1875 380 1916 oracione
417 1875 504 1917 cito
539 1876 658 1917 dicta
693 1888 777 1928 per
812 1876 1083 1928 pontificem
1120 1876 1337 1928 implorat
1372 1876 1571 1917 ecclesia
1606 1875 1939 1928 protectionem
1994 1904 1998 1905 ν

167 1945 336 1998 scripta
372 1946 413 1986 II
445 1946 502 1988 ad
535 1946 636 1988 Cor.
668 1947 731 1988 XI
763 1950 808 1988 et
838 1947 1075 1988 recitative
1107 1947 1154 1988 in
1184 1946 1412 1988 dominica
1444 1947 1718 1999 occurrenti,
1748 1949 1796 1988 ut
1826 1946 1939 1987 cari-

168 2016 270 2058 tatis
299 2016 481 2058 fervide
511 2029 850 2070 consequamur
879 2018 1073 2070 premia,
1103 2018 1224 2071 quia,
1254 2017 1441 2067 fratres,
1470 2020 1519 2059 ut
1545 2016 1782 2070 paciencie
1810 2017 1938 2059 beni-

166 2088 269 2128 vole
300 2099 564 2129 mereamur
593 2088 776 2140 gaudia,
807 2089 915 2141 quia
945 2088 1147 2130 libenter
1179 2088 1405 2141 suffertis,
1437 2091 1484 2130 ut
1514 2087 1750 2141 sapiencie
1781 2087 1938 2129 divine

167 2158 407 2210 cupiamus
429 2171 636 2210 munera,
658 2159 765 2211 quia
788 2172 888 2200 cum
912 2160 1012 2201 sitis
1036 2160 1123 2212 ipsi
1148 2160 1401 2212 sapientes.
1425 2163 1571 2201 mater
1595 2158 1679 2200 Dei
1702 2158 1832 2212 virgo
1852 2170 1938 2211 per

166 2241 251 2271 nos
278 2229 550 2281 suppliciter
578 2232 811 2281 exoretur,
838 2233 886 2271 ut
913 2230 970 2271 ab
996 2229 1097 2271 eius
1124 2230 1364 2282 unigenito
1388 2230 1543 2282 gracia
1571 2229 1726 2272 divina
1753 2229 1938 2271 facilius

168 2300 453 2351 impetretur.

286 2371 353 2411 Ex
384 2370 552 2422 quibus
583 2370 740 2414 verbis
770 2372 857 2413 tria
889 2371 1094 2413 breviter
1125 2370 1421 2424 colliguntur:
1457 2371 1611 2412 Primo
1642 2370 1844 2413 caritatis
1876 2370 1940 2411 in-

167 2444 299 2482 terne
343 2441 594 2493 apostolica
639 2442 846 2483 doctrina
891 2476 898 2483 .
936 2476 942 2483 .
980 2476 1002 2494 .,
1046 2442 1250 2483 secundo
1291 2442 1526 2495 paciencie
1568 2442 1766 2494 gratuite
1809 2440 1938 2483 tolle-

168 2513 323 2553 rancia
352 2513 557 2554 virtuosa
586 2546 593 2554 .
630 2546 637 2553 .
674 2546 697 2565 .,
725 2512 868 2554 tercio
895 2513 1130 2565 sapiencie
1160 2513 1345 2554 radiose
1376 2514 1535 2555 lucens
1564 2512 1812 2566 margarita
1841 2546 1849 2554 .
1885 2544 1893 2553 .
1928 2543 1936 2552 .

293 2583 337 2623 ln
374 2583 506 2624 vobis
537 2595 629 2623 non
663 2586 733 2625 est
766 2595 877 2625 vera
911 2583 1092 2635 caritas,
1128 2587 1196 2625 set
1229 2584 1506 2636 malignitas,
1540 2595 1633 2625 non
1666 2583 1835 2635 unitaS,
1869 2583 1937 2625 set

169 2652 431 2705 diversitas,
459 2665 551 2694 non
579 2653 764 2695 dilectio
791 2657 861 2695 set
887 2654 1128 2705 emulacio,
1155 2666 1247 2695 non
1275 2654 1548 2707 coniunctio,
1576 2653 1659 2696 sed
1686 2652 1938 2703 contencio,

170 2736 259 2764 non
284 2723 619 2766 benevolencia
645 2724 727 2765 sed
754 2724 941 2775 invidia,
966 2737 1057 2765 non
1083 2724 1340 2776 concordia,
1365 2728 1436 2766 set
1460 2725 1575 2777 rixa,
1600 2736 1693 2766 non
1717 2736 1846 2767 amor
1869 2725 1939 2766 set

169 2794 338 2846 odium,
374 2806 465 2836 non
502 2794 753 2836 attenditur
788 2795 957 2836 bonum
994 2807 1235 2836 commune
1271 2798 1339 2836 set
1375 2795 1619 2847 privatum,
1656 2794 1790 2836 divisi
1826 2793 1938 2836 estis

286 2937 315 2976 ¹)
349 2936 449 2968 naza
485 2935 674 2968 vermer-lsi
705 2935 760 2968 Nu
791 2936 836 2968 48
864 2935 888 2977 7¹.
927 2936 1005 2969 160:
1051 2934 1211 2977 Explicit
1243 2945 1368 2969 sermo
1400 2935 1530 2978 pulcer
1559 2938 1594 2969 et
1625 2935 1747 2969 bonus
1776 2934 1824 2968 de
1853 2933 1934 2976 ipsa

173 2993 363 3034 paciencia
407 2995 526 3027 faetus
566 3003 689 3027 (orani
731 2993 889 3027 concilio
930 2992 1218 3026 Conslanciensi
1258 3003 1357 3027 anno
1403 2992 1656 3028 MCCCCXVI
1698 2992 1830 3026 finitus
1869 2998 1937 3034 per

171 3050 216 3082 M.
245 3051 286 3083 Η.
317 3051 355 3084 V.
