2227 3434
772 172 857 208 Feb.
882 173 925 208 24
951 195 991 199 -
1020 173 1120 209 Man
1145 175 1198 208 11.
1782 179 1866 220 403

98 291 220 334 Miirz
253 290 292 334 3.
331 318 379 323 -
418 291 782 344 Reliqiosus
832 305 1182 346 anonymus

216 372 276 406 Er
293 383 324 407 ee
339 374 362 407 ἅ
377 373 397 407 lc
418 375 465 407 n!
485 383 495 407 .·
535 373 630 407 Hist.
654 373 785 408 Jahrb.
815 373 878 415 XI,
904 374 982 409 277.

217 431 281 474 ln
298 431 323 474 h
343 431 460 474 alt:
502 432 660 475 Cessio
689 431 911 476 Johanns.

222 514 398 557 Beati
452 516 554 568 qui
607 515 871 557 audiunt
922 516 1174 557 verbum
1231 515 1337 557 Dei
1390 520 1445 558 et
1499 516 1865 559 custodiunt

99 585 262 628 illud
305 585 432 640 (Luc.
461 585 564 639 XI).

96 691 218 734 Miirz
253 691 319 734 10.
358 718 406 723 ——
443 691 793 745 Episcopus
836 694 1230 746 anonymusst)

216 761 396 796 Erwiih
417 763 465 795 nt
485 772 495 796 .·
538 762 633 796 Hist.
663 762 795 797 Jahrb.
825 761 890 803 XI,
920 763 997 797 2251.

215 820 279 863 1η
296 821 321 862 h
341 823 457 864 alt:
499 820 670 864 Kirche
702 822 796 864 und
826 821 980 875 Papst.

214 903 438 945 Letare
482 903 839 945 Jerusalem
888 903 968 951 (Is.
1003 903 1096 956 66).

94 1009 216 1052 Miirz
252 1010 318 1053 11.
357 1037 405 1041 —-
442 1009 683 1052 Ge'rard
729 1010 799 1051 du
846 1009 967 1064 Puy
1016 1011 1139 1063 ep.²)
1192 1009 1745 1052 CarcassonenSiS.

215 1079 341 1114 Text
362 1089 372 1113 .·
417 1079 481 1114 Erz
512 1080 580 1114 676
607 1080 633 1122 f.
667 1081 727 1119 263
762 1079 824 1113 Mn
857 1079 947 1113 5424
978 1080 1004 1122 r.
1038 1080 1121 1122 172.-
1155 1079 1222 1114 Ραῑ
1253 1080 1320 1115 575
1349 1080 1374 1123 f.
1410 1081 1493 1121 105‚·
1529 1080 1568 1112 W
1598 1080 1691 1115 3296
1720 1080 1746 1123 r.
1778 1081 1863 1114 259:

101 1137 139 1170 W
162 1138 254 1172 4710
277 1137 303 1181 f.
329 1138 414 1179 264,·
444 1137 483 1170 W
507 1138 600 1172 4922
622 1138 648 1181 7.
677 1139 760 1176 133,-
792 1138 831 1170 W
855 1138 948 1173 4958
970 1138 995 1180 r.
1021 1138 1087 1171 281
1116 1148 1148 1171 ιι.
1174 1138 1242 1172 430
1267 1138 1530 1179 (Fraqment):
1562 1138 1640 1171 ιντο
1663 1137 1688 1180 r.
1714 1138 1793 1172 360.

191 1195 219 1230 Ε
231 1205 257 1230 a·
271 1205 288 1230 c
303 1206 324 1230 e
339 1205 357 1229 r
370 1206 395 1239 p
410 1198 421 1229 t
441 1206 452 1230 .·
490 1196 695 1239 Leidinqer
718 1196 796 1230 251.

213 1254 469 1308 Di-ssipa
527 1255 998 1308 colligaciones
1060 1254 1440 1307 impietatis,
1502 1255 1676 1296 solve
1738 1254 1864 1295 fas-

94 1326 335 1370 cicul-os
389 1325 852 1380 deprimentes,
906 1325 1153 1367 dimitte
1207 1338 1338 1378 eos,
1391 1327 1493 1378 qui
1546 1325 1863 1368 confracti

95 1400 261 1450 sunt,
305 1396 552 1440 liberos
594 1401 654 1439 et
697 1409 856 1438 omne
901 1409 1054 1439 onus
1097 1396 1419 1450 disrumpe
1464 1400 1547 1439 etc.
1593 1397 1688 1438 Hec
1719 1395 1863 1437 verba

95 1468 360 1511 scribuntur
393 1468 534 1511 Ysaie
570 1469 737 1511 LVIII.
769 1472 816 1510 et
849 1468 1101 1510 recitantur
1134 1469 1182 1510 in
1213 1469 1415 1521 epistola
1446 1468 1598 1521 prime
1631 1467 1751 1509 ferie
1785 1467 1862 1508 VI.

93 1538 464 1593 quadragesime.
508 1539 784 1582 Beatissime
813 1543 948 1593 pater
979 1543 1024 1581 et
1051 1539 1342 1582 sanctissime
1373 1539 1561 1581 domine
1589 1541 1763 1590 noster,
1793 1551 1864 1580 se-

94 1610 434 1665 renissimeque
470 1611 691 1664 princeps
725 1614 772 1652 et
807 1611 1107 1653 invictissime
1144 1610 1454 1652 Romanorum
1492 1622 1590 1661 rex,
1626 1612 1862 1652 annuente

94 1681 279 1724 Christo
298 1681 455 1724 future
479 1683 524 1723 in
545 1683 760 1735 proximo
781 1682 1033 1734 imperator
1057 1684 1264 1734 auguste,
1285 1682 1503 1734 gloriose,
1527 1680 1864 1722 reverendissi-

93 1765 166 1796 ma
208 1753 356 1795 eciam
400 1757 447 1795 et
491 1753 803 1796 sacratissima
846 1753 1130 1795 universalis
1174 1753 1374 1795 ecclesie
1419 1751 1624 1804 synodus
1672 1751 1863 1804 spiritus

94 1824 252 1878 sanct-i,
279 1837 374 1878 quo
400 1824 583 1866 ducitur
610 1827 739 1876 nutu,
768 1824 841 1865 hic
868 1823 1120 1865 celebriter
1149 1826 1426 1876 congregata
1456 1857 1463 1864 .
1500 1856 1507 1864 .
1545 1856 1552 1864 .

215 1895 266 1937 In
292 1907 488 1949 quorum
516 1895 765 1937 verborum
794 1895 985 1947 aliquali
1016 1894 1354 1936 introductione
1384 1894 1441 1935 ad
1469 1894 1759 1946 propositum
1785 1893 1863 1934 ob-

94 1967 248 2009 missis
277 1966 554 2019 quibusdam
581 1966 894 2008 divisionibus
922 1969 969 2008 et
997 1965 1395 2007 subdivisionibus
1424 1968 1469 2006 et
1497 1964 1696 2006 obscuro
1724 1964 1863 2004 dicta-

94 2037 217 2080 mine
236 2049 326 2091 pro
344 2037 554 2091 presenti
578 2049 682 2078 meo
700 2036 872 2078 iudicio
893 2036 1172 2089 perniciosis
1193 2039 1239 2077 et
1261 2035 1503 2077 inutilibus
1526 2046 1860 2087 usquequaque

92 2107 322 2162 triplicem
347 2109 393 2150 in
417 2107 621 2150 medium
643 2106 1072 2149 consideracionem
1097 2106 1330 2148 deducere
1352 2105 1654 2147 conformiter
1678 2104 1734 2147 ad
1758 2117 1862 2157 pre-

93 2178 212 2222 dicta
239 2179 478 2233 proposui.

240 2249 394 2292 Prima
411 2249 731 2292 consideracio
751 2253 820 2291 est
841 2249 897 2290 de
920 2261 1113 2301 corpore
1131 2248 1309 2290 mistico
1324 2247 1606 2289 universalis
1621 2246 1860 2288 militantis

94 2321 290 2363 ecclesie
313 2324 359 2362 et
381 2321 485 2373 quis
503 2322 610 2363 eius
632 2325 766 2374 caput
789 2324 833 2362 et
856 2333 945 2373 que
970 2320 1191 2361 membra.
1227 2318 1439 2361 Secunda
1463 2317 1780 2359 consideracio
1804 2316 1860 2357 de

94 2393 377 2444 auctoritate,
402 2394 629 2445 potestate
653 2395 700 2433 et
720 2391 997 2433 evocacione
1019 2389 1191 2441 debita,
1217 2390 1370 2432 fructu
1392 2393 1437 2432 et
1460 2388 1656 2430 utilitate
1678 2387 1857 2429 concilii

92 2463 341 2516 generalis.
378 2462 543 2505 Terei-a
564 2462 622 2504 de
645 2462 750 2514 hiis,
775 2474 864 2515 que
889 2462 1112 2515 precipue
1137 2461 1182 2501 in
1206 2460 1401 2502 concilio
1423 2459 1633 2513 generali
1658 2460 1860 2511 pertrac-

91 2532 231 2576 tanda
252 2536 364 2576 sunt
384 2536 432 2576 et
454 2532 764 2575 terminanda.

208 2603 342 2647 Circa
375 2604 575 2658 primam
611 2603 1039 2646 consideracionem
1077 2605 1147 2645 est
1185 2601 1560 2655 premsttendum,
1600 2599 1721 2652 quod
1762 2633 1769 2640 .
1807 2633 1813 2639 .
1851 2632 1857 2639 .

92 2674 211 2717 circa
231 2675 485 2717 subiectam
507 2675 748 2717 materiam
770 2674 959 2727 proprie
980 2674 1225 2715 ecclesiam
1248 2672 1519 2714 militantem
1542 2669 1855 2723 accipiendam

90 2756 197 2787 esse
227 2757 398 2788 censeo
425 2757 514 2798 pro
542 2745 713 2788 Christi
745 2744 950 2786 fidelium
981 2743 1275 2785 multitudine
1306 2742 1404 2784 fide
1433 2745 1480 2783 et
1508 2742 1699 2783 caritate
1731 2738 1857 2780 unita

181 2849 190 2858 .
243 2815 450 2858 Ecclesia
479 2818 631 2858 autem
662 2815 866 2858 militans
894 2815 978 2857 hoc
1007 2814 1143 2856 modo
1171 2816 1353 2866 sumpta
1383 2812 1494 2854 facit
1519 2823 1661 2853 unum
1690 2821 1857 2862 corpus

93 2885 317 2928 misticum
347 2920 355 2928 .
391 2920 399 2927 .
436 2920 443 2928 .
477 2886 524 2927 In
552 2899 609 2928 eo
636 2887 693 2928 sit
719 2886 874 2928 debita
902 2885 1214 2926 membrorum
1243 2883 1443 2925 armaria
1471 2879 1857 2935 proporcionalis-

208 3015 240 3057 ¹)
270 3014 344 3049 Die
370 3012 525 3058 Prediyl
555 3015 650 3048 icit-d
679 3017 836 3057 propter
863 3013 1065 3056 strepitum
1096 3012 1228 3055 populi
1261 3021 1342 3045 cnm
1374 3010 1486 3053 Papsl
1519 3006 1807 3042 urzcerbrocleen.

207 3073 240 3113 ²)
271 3071 563 3106 Franzo'sischer
592 3069 944 3114 Koniqsyesandter
971 3080 1036 3103 :ur
1067 3068 1307 3111 Einfnhruny
1335 3069 1405 3101 der
1434 3063 1737 3106 Gesctndtschay'r.

1564 3123 1641 3164 026*
