2227 3434
561 183 606 219 A.
646 184 844 219 Finastres
873 184 988 219 Gesta
1015 184 1166 219 concilii
1193 184 1508 220 Constantiensis.
1862 188 1915 229 91

271 302 396 344 Tunc
431 301 682 344 cardinalis
718 301 966 355 presidens
1004 302 1239 344 mandavit
1276 303 1367 355 legi
1404 315 1489 355 per
1527 304 1796 356 episcopum
1835 304 1919 345 Do-

155 373 332 415 lensem
356 372 567 414 cedulam
591 371 715 414 infra
740 373 898 426 scripti
923 372 1116 414 tenoris:

268 443 364 484 Hec
404 446 695 485 sacrosancta
736 442 954 495 synodus,
994 443 1223 496 premissa
1266 477 1274 484 .
1310 477 1317 484 .
1354 478 1362 485 .
1403 445 1712 496 oportunum.¹

269 512 366 564 Qua
391 514 507 555 lecta
533 513 656 554 idem
679 513 720 555 d.
746 513 995 566 presidens
1019 526 1104 566 pro
1128 516 1220 555 toto
1244 514 1439 556 concilio
1464 514 1721 566 respondit:
1749 515 1917 557 Placet.

270 595 323 636 Et
356 594 624 647 notandum,
659 595 782 648 quod
817 598 1008 648 propter
1043 595 1300 637 discordias
1334 596 1579 638 nacionum
1613 597 1841 649 Hispanie
1876 600 1920 638 et

151 664 333 718 Anglie,
363 677 452 718 que
483 665 610 718 prior
640 665 966 718 responderet:
1012 666 1168 708 Placet
1197 669 1241 708 et
1272 666 1328 708 de
1361 666 1464 709 aliis
1495 668 1804 720 prerogativis
1834 667 1920 708 fuit

151 747 236 788 per
263 735 483 778 naciones
512 738 557 777 et
585 735 849 778 cardinales
878 735 1154 789 ordinatum,
1184 737 1307 789 quod
1335 736 1583 790 presidens
1613 737 1920 790 responderet

152 818 237 859 pro
254 808 348 848 toto
369 806 580 848 concilio:
603 807 761 849 Placet
780 809 824 848 et
847 807 904 849 ad
926 808 1008 849 hoc
1030 820 1173 860 super
1194 807 1402 860 quolibet
1424 810 1524 849 actu
1546 808 1705 850 fiendo
1725 809 1919 850 haberet

152 888 429 918 consensum
464 876 772 919 cardinalium
809 881 854 918 et
887 877 1099 919 cedulam
1135 877 1263 920 illius
1300 881 1426 920 actus
1462 878 1687 931 signatam
1722 891 1807 932 per
1843 892 1920 920 no-

151 947 294 990 tarios
321 947 567 990 nacionum
595 950 641 989 et
667 947 903 989 conferret
930 961 1031 990 cum
1060 948 1250 1001 lectura,
1281 961 1369 1001 que
1399 948 1556 1000 fieret3
1587 952 1631 991 et
1659 949 1720 991 ita
1749 949 1919 991 factum

152 1020 222 1060 est
246 1018 293 1059 in
315 1030 454 1060 causa
478 1017 765 1060 Tridentina.
803 1019 857 1060 Et
880 1018 961 1060 illo
984 1019 1058 1060 die
1082 1018 1224 1060 nichil
1250 1019 1377 1061 aliud
1400 1022 1471 1061 est
1494 1019 1678 1062 factum.

269 1100 355 1142 Die
385 1100 602 1142 mercurii
632 1100 810 1143 decima
841 1101 1001 1143 Marcii
1031 1101 1153 1143 sedit
1181 1101 1425 1143 concilium
1454 1101 1593 1143 etiam
1623 1115 1725 1143 cum
1755 1102 1921 1143 solem-

152 1171 308 1224 nitate,
333 1170 543 1224 presedit
566 1170 793 1214 Ostiensis
817 1171 1083 1225 cardinalis,
1109 1184 1218 1225 rege
1244 1175 1464 1225 presente
1490 1175 1534 1214 et
1558 1172 1713 1214 nuncii
1738 1185 1789 1214 ac
1813 1185 1920 1214 exe-

149 1243 332 1284 cutores
360 1241 597 1284 citacionis
625 1245 783 1284 contra
813 1242 1000 1284 Petrum
1030 1242 1086 1284 de
1117 1242 1261 1295 Luna,
1290 1242 1367 1295 qui
1398 1243 1525 1284 illam
1553 1242 1823 1285 citacionem
1851 1243 1921 1284 fu-

151 1315 287 1354 erunt
309 1312 512 1365 exequti,
537 1325 637 1354 cum
664 1313 839 1355 auxilio
864 1312 987 1366 regis
1012 1313 1277 1366 Aragonum
1304 1313 1361 1355 ad
1387 1326 1635 1366 personam
1661 1314 1767 1355 dicti
1794 1314 1917 1355 Petri

151 1382 209 1424 de
243 1382 373 1425 Luna
406 1382 453 1424 in
488 1385 639 1425 castro
674 1383 917 1425 Paniscole
953 1396 1095 1436 supra
1130 1396 1258 1426 mare
1295 1384 1596 1426 Dertusense.
1646 1384 1920 1425 Retulerunt

147 1465 416 1506 processum
454 1466 615 1495 eorum
652 1466 737 1507 per
774 1467 996 1507 organum
1037 1454 1078 1496 d.
1117 1454 1343 1496 Bernardi
1380 1454 1539 1496 vicarii
1578 1454 1915 1508 archiepiscopi

151 1523 529 1577 Burdegalensis,
560 1524 852 1566 decretorum
881 1524 1095 1577 doctoris,
1126 1538 1151 1567 a
1180 1525 1255 1567 die
1285 1538 1498 1567 recessus
1528 1538 1689 1567 eorum
1719 1525 1774 1566 de
1806 1525 1920 1567 Con-

150 1595 325 1637 stancia
355 1607 504 1648 usque
538 1595 596 1637 ad
629 1608 789 1637 eorum
824 1608 1091 1648 regressum
1124 1599 1169 1637 et
1201 1596 1413 1648 impensa
1446 1596 1516 1637 eis
1550 1595 1784 1638 beneficia
1816 1599 1861 1637 et
1894 1609 1918 1638 a

151 1665 332 1718 quibus,
361 1668 409 1708 et
437 1668 658 1719 quantum
690 1667 748 1708 ad
778 1678 876 1707 rem
907 1666 1122 1719 pertinet,
1155 1667 1430 1718 retulerunt,
1460 1666 1583 1719 quod
1614 1666 1704 1708 duo
1735 1679 1794 1708 ex
1826 1667 1920 1708 illis

152 1735 256 1778 aliis
277 1736 334 1778 de
356 1749 495 1779 causa
517 1737 716 1779 Dertuse
738 1737 1090 1779 remanentibus
1112 1750 1213 1778 cum
1235 1737 1416 1779 duobus
1438 1737 1676 1789 militibus,
1699 1749 1814 1790 quos
1836 1750 1918 1779 rex

150 1806 416 1860 Aragonum
443 1807 512 1850 eis
539 1807 859 1861 assignaverat
885 1820 970 1861 pro
998 1807 1237 1860 conductu,
1268 1808 1558 1850 intraverunt
1584 1808 1681 1849 XX.
1709 1807 1919 1849 Januarii

151 1877 309 1920 villam
339 1878 597 1931 Paniscole,
628 1878 675 1919 in
705 1878 834 1921 cuius
863 1881 995 1931 porta
1027 1882 1159 1920 erant
1190 1878 1319 1920 multi
1351 1878 1515 1920 armati
1546 1879 1603 1920 ab
1635 1878 1757 1920 omni
1788 1882 1918 1931 parte

152 1951 197 1990 et
229 1947 309 1991 illa
344 1949 418 1990 die
454 1962 546 1990 non
580 1948 846 1991 habuerunt
881 1962 1116 1991 accessum
1152 1949 1210 1991 ad
1246 1949 1415 1991 dictum
1451 1949 1493 1990 d.
1531 1949 1732 2001 Petrum,
1768 1952 1837 1991 set
1873 1950 1918 1990 in

150 2019 399 2061 crastinum
421 2019 543 2062 XXI.
568 2019 821 2073 ‚Ianuariia)
847 2020 961 2062 hora
986 2023 1144 2062 octava
1168 2023 1465 2062 accesserunt
1480 2019 1537 2061 ad
1553 2033 1673 2071 eum,
1690 2032 1826 2072 quem
1844 2020 1919 2061 sti-

149 2091 304 2142 patum
332 2089 521 2132 armatis
549 2090 670 2132 ultra
697 2093 879 2132 centum
908 2094 953 2132 et
981 2090 1257 2132 associatum
1285 2090 1435 2132 tribus
1462 2090 1558 2132 suis
1587 2089 1917 2141 cardinalibus,

149 2159 363 2213 pluribus
393 2161 659 2203 doctoribus
689 2164 734 2203 et
765 2161 869 2203 aliis
900 2161 1141 2203 sedentem
1174 2162 1220 2202 in
1250 2161 1470 2203 cathedra
1502 2174 1629 2202 more
1661 2160 1817 2214 papali
1849 2173 1918 2201 re-

149 2231 390 2283 perierunt
424 2235 469 2273 et
505 2232 586 2273 illo
620 2244 705 2284 per
739 2244 820 2273 eos
856 2232 1054 2273 salutato
1088 2244 1190 2273 cum
1226 2231 1531 2273 inclinacione
1567 2232 1731 2284 capitis
1768 2232 1915 2273 solum

150 2299 279 2343 illum
304 2301 532 2344 allocutus
555 2305 627 2344 est
650 2302 692 2344 d.
721 2302 995 2344 Lambertus
1020 2302 1077 2344 de
1103 2301 1280 2355 Stipite,
1306 2302 1434 2355 prior
1460 2302 1517 2344 de
1544 2303 1780 2354 Bertreya,
1805 2301 1917 2343 Leo-

150 2370 325 2415 diensis
354 2372 645 2414 decretorum
675 2373 831 2415 doctor
859 2386 944 2426 per
973 2373 1134 2414 verba:
1165 2372 1309 2414 Rev¹¹¹‘’
1337 2375 1483 2426 pater.
1526 2373 1579 2414 Et
1608 2373 1783 2414 bullam
1815 2384 1916 2413 con-

149 2441 240 2484 cilii
268 2443 581 2485 continentem
609 2443 879 2485 citacionem
908 2444 1019 2496 legit
1048 2444 1106 2485 ad
1136 2444 1320 2496 longum
1350 2456 1503 2485 coram
1532 2444 1628 2496 illo,
1656 2444 1733 2496 qui
1763 2442 1916 2484 omnia

149 2512 386 2565 pacienter
417 2513 593 2556 audivit
622 2526 770 2567 usque
802 2514 860 2556 ad
892 2514 1049 2566 verba,
1083 2514 1252 2566 quibus
1284 2514 1524 2556 dicebatur
1555 2513 1840 2556 scismaticus
1873 2516 1915 2555 et

150 2581 395 2636 hereticus,
421 2584 590 2637 quibus
615 2585 870 2637 respondit,
895 2597 987 2626 non
1013 2597 1118 2627 esse
1144 2597 1319 2626 verum.

266 2666 363 2717 Qua
384 2667 502 2709 lecta
522 2666 644 2708 idem
666 2667 824 2709 doctor
846 2667 1100 2708 secundum
1121 2668 1319 2720 primam
1339 2667 1478 2709 unius
1498 2666 1676 2718 cedule,
1699 2679 1834 2719 quam
1858 2666 1914 2707 ad

150 2735 234 2778 hoc
263 2740 586 2790 composuerat
615 2741 661 2779 et
687 2736 816 2791 legit,
848 2737 1003 2780 citavit
1034 2737 1164 2779 illum
1196 2737 1450 2779 secundum
1483 2737 1679 2779 formam
1713 2736 1912 2777 mandati

151 2805 208 2848 ad
236 2808 597 2860 comparandum
628 2807 942 2860 personaliter
974 2807 1249 2850 Constancie
1281 2807 1339 2850 ad
1372 2808 1761 2860 septuagesimam
1793 2807 1913 2848 diem

152 2876 209 2918 ab
232 2876 312 2920 illa
337 2878 426 2931 die,
451 2891 539 2931 que
566 2878 667 2920 dies
693 2878 779 2920 erit
804 2879 953 2932 prima
978 2879 1155 2931 Aprilis
1180 2881 1224 2920 et
1248 2878 1385 2931 peciit
1410 2878 1715 2920 instrumenta
1741 2890 1767 2919 a
1790 2880 1915 2919 nota-

257 3016 286 3047 a)
307 3017 346 3050 B,
368 3018 399 3050 O,
421 3018 450 3044 D
471 3017 594 3045 Marcii.

272 3076 304 3120 ¹)
330 3077 451 3113 Hardt
474 3077 540 3120 IV,
568 3078 676 3121 1144;
705 3078 830 3112 Mansi
857 3076 1015 3119 XXVII,
1043 3077 1142 3112 1032.
