2227 3434
531 198 575 232 A.
615 198 812 232 Fillastres
841 197 957 232 Gesta
984 197 1133 232 concilii
1161 197 1476 232 Constantiensis.
1803 200 1886 242 105

124 317 176 360 Et
212 316 422 359 recitavit
454 316 592 369 plura
628 318 757 369 gesta
793 327 878 368 per
915 327 1073 368 regem
1109 315 1303 357 Francie
1340 328 1425 368 pro
1461 315 1632 357 unione
1670 316 1884 366 ecclesie3

121 386 307 429 tandem
336 385 572 437 conclusit,
602 386 723 438 quod
753 385 799 426 in
828 385 1022 427 concilio
1051 389 1185 427 erant
1213 386 1375 438 plures
1405 386 1485 427 alii
1515 398 1573 427 ex
1602 389 1734 439 parte
1764 386 1887 439 regis

125 457 316 499 Francie
348 459 393 498 et
422 456 686 498 cardinales
717 460 762 498 et
794 456 889 508 alii,
920 468 1022 497 cum
1054 455 1221 508 quibus
1256 457 1355 508 ipse
1389 456 1686 498 deliberaret.
1731 456 1887 509 Legati

92 527 290 580 —Anglie
325 527 558 579 dixerunt,
593 526 715 580 quod
750 526 810 568 ita
846 526 985 568 fieret
1019 529 1064 568 et
1099 526 1221 579 quod
1256 527 1313 568 ad
1348 527 1498 579 ipsum
1534 539 1691 580 regem
1727 527 1887 569 Roma-

122 610 286 640 norum
322 598 543 650 pertinet;
584 598 723 650 legati
760 597 1041 650 Aragonum,
1080 597 1203 649 quod
1241 597 1588 649 deliberabunt;
1630 597 1767 650 legati
1806 598 1889 639 Na-

123 680 258 710 varre
278 680 378 709 cum
401 680 510 721 rege
531 667 862 719 Romanorum;
886 667 1024 720 legati
1044 667 1168 720 regis
1190 667 1380 709 Polonie
1403 667 1544 719 idem3
1569 669 1748 721 legatus
1768 680 1887 710 unus

123 738 261 781 Dacie
294 738 435 787 idem;
468 741 513 780 et
544 739 605 780 ita
634 738 895 791 creditum)
929 738 1051 790 quod
1084 738 1383 790 requirentur
1414 737 1692 780 cardinales.

239 820 293 862 Et
317 823 539 873 quantum
566 819 623 862 ad
650 820 890 862 materiam
916 820 1238 873 principalem,
1264 820 1480 862 videlicet
1507 820 1584 873 qui
1610 824 1746 863 erunt
1772 821 1890 862 elec-

122 894 260 943 tores,
287 903 448 932 verum
475 894 559 944 est,
587 891 709 944 quod
737 891 778 932 d.
807 890 1071 933 cardinales
1099 890 1458 943 responderunt,
1487 891 1611 944 quod
1638 904 1780 944 super
1805 891 1890 933 hoc

123 974 173 1004 se
206 961 479 1004 referebant
512 961 570 1004 ad
604 961 720 1014 iura,
753 974 845 1003 non
880 974 965 1014 pro
999 961 1277 1003 defensione
1314 961 1383 1004 sui
1417 961 1545 1014 iuris,
1580 962 1653 1003 vel
1687 974 1772 1015 pro
1807 975 1889 1004 suo

123 1031 368 1085 interesse,
392 1035 461 1075 set
484 1032 633 1074 solum
657 1033 765 1085 quia
789 1032 1035 1074 videbatur
1057 1033 1127 1074 eis
1151 1032 1231 1074 ille
1256 1032 1419 1074 modus
1443 1032 1620 1086 iustior,
1642 1033 1824 1075 facilior
1847 1036 1891 1074 et

124 1102 330 1146 securior
370 1115 628 1156 carensque
672 1104 796 1145 omni
840 1103 1059 1156 scrupulo
1102 1103 1161 1145 ad
1202 1103 1458 1156 perfectam
1501 1106 1546 1145 et
1586 1103 1889 1145 indubitatam

125 1174 343 1216 unionem
367 1174 743 1226 consequendam
767 1177 812 1215 et
835 1186 909 1226 ne,
932 1177 980 1215 ut
1003 1173 1111 1216 dicit
1133 1177 1288 1216 textus
1312 1173 1516 1225 canonis,
1542 1174 1697 1227 aliqua
1723 1177 1891 1216 retrac-

123 1244 233 1287 tatio
265 1256 348 1287 seu
381 1244 532 1297 quivis
565 1245 813 1297 scrupulus
848 1245 893 1286 in
929 1244 1160 1286 mentibus
1194 1245 1432 1286 hominurn
1466 1244 1684 1287 resideat.
1733 1242 1888 1298 Cum¹‘)

124 1315 248 1357 enim
282 1314 389 1357 dicti
424 1314 466 1357 d.
499 1315 765 1357 cardinales
797 1316 882 1357 hoc
918 1315 1115 1357 durante
1151 1315 1363 1357 scismate
1399 1316 1567 1358 multos
1601 1328 1685 1369 pro
1718 1316 1890 1358 unione

123 1385 319 1427 ecclesie
346 1386 548 1438 labores,
576 1386 718 1428 multa
744 1386 960 1439 dampna,
986 1387 1128 1428 multa
1155 1386 1359 1439 denique
1384 1386 1593 1439 pericula
1619 1386 1764 1428 eciam
1789 1398 1893 1439 per-

125 1468 342 1498 sonarum
372 1455 628 1509 subierunt,
657 1456 893 1499 beneficia
921 1457 1230 1510 perdiderunt
1259 1460 1396 1509 atque
1426 1459 1680 1510 proventus
1710 1468 1892 1498 camere

125 1526 375 1580 apostolice
402 1528 493 1569 iam
518 1527 736 1569 diuturno
760 1531 989 1580 tempore;
1016 1540 1102 1569 nec
1127 1530 1251 1569 certe
1277 1527 1468 1569 fuerunt
1492 1531 1537 1569 et
1563 1531 1668 1569 sunt
1692 1527 1765 1569 hic
1791 1528 1891 1570 sine

126 1598 303 1651 magnis
331 1597 553 1651 expensis
581 1601 626 1640 et
652 1598 886 1651 gravibus,
914 1598 1024 1651 quin
1052 1611 1156 1651 ymo
1184 1599 1330 1640 eciam
1358 1599 1488 1640 multi
1517 1598 1708 1640 fuerunt
1734 1598 1893 1640 affecti

126 1668 417 1711 contumeliis
442 1672 486 1711 et
510 1669 776 1722 opprobriis
799 1672 844 1711 et
868 1669 1053 1722 publice
1079 1673 1124 1711 et
1147 1669 1341 1722 private,
1368 1681 1456 1722 que
1483 1669 1636 1711 omnia
1661 1682 1746 1722 pro
1770 1682 1893 1711 asse-

125 1739 310 1792 quenda
347 1740 519 1781 unione
557 1739 902 1793 pacientissime
942 1740 1263 1782 sustinuerunt
1300 1743 1345 1781 et
1382 1739 1624 1792 sustinent,
1664 1740 1786 1793 quod
1823 1743 1893 1781 est

127 1822 234 1863 spes
263 1810 458 1853 martirii
490 1810 640 1864 (ferre
669 1811 792 1852 enim
821 1811 1139 1863 contumelias,
1167 1811 1380 1853 odientes
1409 1811 1606 1863 diligere
1636 1811 1893 1853 martirium

126 1881 217 1935 est)
243 1881 289 1923 in
310 1881 487 1923 occulta
507 1881 788 1935 cogitacione
810 1882 968 1924 nullus
990 1882 1226 1923 existimet
1246 1881 1372 1934 ipsos
1394 1885 1610 1934 pretextu
1633 1882 1703 1923 sui
1726 1881 1891 1934 privati

128 1951 241 1995 iuris
269 1952 344 1994 vel
376 1952 606 1995 interesse
638 1952 704 1993 illi
737 1952 809 1993 vie
841 1952 955 1994 iuris
984 1953 1286 2006 pertinaciter
1316 1952 1548 2004 insistere,
1580 1952 1662 1994 sed
1693 1965 1820 1994 mere
1850 1955 1894 1993 et

128 2034 242 2076 pure
264 2035 349 2076 pro
371 2023 595 2065 securiori
620 2023 755 2065 modo
775 2023 961 2065 unionis
983 2023 1291 2076 assequende.
1328 2023 1382 2065 Et
1404 2026 1719 2076 quantumque
1743 2023 1893 2076 place-

128 2093 193 2136 bit
213 2105 344 2136 sacro
365 2094 573 2145 concilio,
596 2094 680 2136 hoc
701 2097 772 2135 est
793 2094 961 2136 ceteris
983 2094 1040 2135 de
1064 2094 1271 2146 concilio,
1294 2095 1424 2135 cuius
1448 2093 1536 2147 ipsi
1561 2097 1666 2136 sunt
1688 2106 1812 2146 pars,
1835 2094 1892 2135 de

128 2163 207 2206 illa
233 2165 427 2207 materia
455 2164 714 2206 deliberate
743 2176 897 2218 agere,
928 2165 1015 2217 ipsi
1043 2165 1193 2218 parati
1223 2168 1372 2217 erunt,
1402 2168 1447 2206 et
1476 2177 1526 2206 se
1555 2164 1764 2207 offerunt
1791 2177 1894 2206 con-

128 2233 253 2276 ferre
279 2247 380 2276 cum
407 2235 577 2277 inclitis
602 2235 876 2278 nacionibus
902 2235 1139 2277 caritative
1167 2248 1308 2288 super
1333 2235 1418 2277 hoc
1445 2247 1627 2277 omnem
1655 2236 1776 2277 viam
1803 2247 1893 2276 am-

128 2304 278 2358 plecti,
302 2318 388 2359 per
412 2318 549 2358 quam
575 2306 784 2348 securius
809 2309 853 2348 et
878 2306 1064 2348 facilius
1089 2319 1139 2348 ac
1164 2307 1265 2348 sine
1291 2307 1510 2359 scrupulo
1534 2319 1659 2359 vera,
1684 2306 1892 2358 perfecta

128 2377 170 2417 et
206 2375 463 2419 indubitata
496 2377 608 2418 unio
642 2376 811 2429 poterit
847 2377 1110 2430 provenire.
1160 2377 1250 2418 Nec
1286 2376 1510 2428 dubitant,
1547 2377 1584 2419 si
1624 2377 1667 2418 in
1704 2375 1891 2418 caritate

128 2449 300 2499 agatur,
333 2447 602 2500 postpositis
635 2446 1021 2489 extraordinariis
1056 2447 1306 2488 affectibus
1339 2450 1384 2488 et
1417 2447 1536 2489 odiis
1569 2460 1620 2489 ac
1653 2447 1892 2489 favoribus

128 2515 478 2570 quibuscunque
515 2520 645 2571 grata
684 2521 729 2559 et
767 2521 995 2571 oportuna
1035 2521 1256 2570 sequetur
1294 2517 1538 2560 concordia
1577 2518 1634 2560 ad
1674 2518 1893 2560 unionem

128 2588 218 2629 tam
248 2587 479 2634 diuturnis
509 2589 798 2641 temporibus
830 2588 1130 2641 concupitam.

243 2668 343 2711 Hiis
376 2669 542 2713 diebus
577 2682 660 2711 rex
696 2670 1005 2712 Romanorum
1041 2671 1323 2723 intelligens,
1358 2670 1480 2723 quod
1515 2669 1768 2712 Castellani
1802 2669 1893 2710 for-

133 2738 235 2781 titer
258 2738 533 2782 insistebant
557 2740 808 2782 certificari
833 2741 890 2782 de
917 2741 1051 2783 modo
1076 2741 1325 2783 eleccionis
1350 2740 1493 2783 futuri
1519 2753 1638 2793 pape
1664 2744 1708 2782 et
1734 2752 1893 2793 procu-

131 2813 361 2863 raverunt,
386 2811 509 2863 quod
532 2810 796 2853 cardinales
819 2815 863 2853 et
888 2812 1021 2853 nacio
1044 2811 1285 2853 Gallicana
1311 2811 1368 2853 ad
1393 2812 1475 2853 hoc
1501 2810 1726 2852 dederant
1752 2810 1892 2861 depu-

130 2880 259 2932 tatos,
292 2882 558 2923 convocavit
594 2882 771 2934 legatos
806 2882 1010 2924 omnium
1045 2894 1220 2935 regum,
1256 2882 1430 2923 scilicet
1467 2882 1675 2932 Francie,
1710 2881 1908 2932 Anglie,·

129 2951 173 2992 e't
197 2949 444 3005 Aragonie,
469 2952 691 3004 Nauarre,
720 2952 925 3004 Polonie,
952 2952 1106 3005 Dacie,
1130 2953 1296 2994 ducum
1323 2952 1635 3004 Bourgundie,
1660 2950 1891 2993 Sabaudie

234 3101 264 3134 a)
286 3101 333 3127 D:
353 3101 571 3130 concluditur.
612 3103 642 3135 b)
663 3103 742 3129 Hier
762 3104 839 3130 netz&
860 3102 881 3130 O
903 3102 1020 3129 wieder
1042 3102 1100 3129 ein.
