2102 3444
211 135 267 178 40
732 137 756 170 Ι.
799 137 1009 171 Absciinitt.
1064 136 1462 181 Konzilstagebiicher.

331 253 587 296 Concilium
613 255 758 296 eciam
786 255 909 297 misit
934 255 992 297 ad
1017 268 1185 308 papam
1212 256 1270 298 ad
1296 256 1465 298 dictum
1495 257 1641 298 locum
1669 256 1794 299 Selle
1820 240 1978 310 plures

212 325 417 376 prelatos
450 328 494 366 et
526 325 738 368 doctores
771 325 827 367 ad
860 326 1175 367 exhibendum
1210 327 1295 368 sibi
1333 327 1550 370 articulos
1584 328 1906 380 inquisicionis
1936 322 1979 370 et

213 395 526 437 attestacionis
569 397 755 437 testium
799 396 1103 449 offerendum,
1147 398 1184 439 si
1229 398 1371 439 vellet
1415 398 1575 439 venire
1620 398 1678 440 ad
1721 399 1977 450 concilium,

212 465 454 507 audiretur
477 466 523 507 in
549 467 645 508 suis
668 466 1039 509 defensionibus.
1078 467 1203 521 Papa
1229 469 1483 521 respondit,
1508 469 1630 521 quod
1654 468 1795 510 nichil
1821 468 1978 511 videre

144 567 150 573 .
212 536 410 589 volebat,
434 537 541 589 quia
564 537 745 579 videret
768 550 897 580 suam
920 538 1241 580 confusionem
1264 542 1309 581 et
1331 539 1454 592 quod
1476 539 1719 581 concilium
1743 539 1979 592 iudicaret,

213 607 328 649 sicut
350 607 519 649 iustum
541 607 793 650 videretur.
834 609 937 661 Ipse
961 612 1105 651 staret
1129 610 1298 652 iudicio
1319 610 1499 652 concilii
1524 623 1607 652 nec
1631 610 1817 652 volebat
1839 611 1980 653 alium

212 677 525 723 defensorem.

329 750 682 802 Consequenter
743 743 816 792 dic
878 752 1095 793 mercurii
1156 752 1395 794 XXVIIII.
1462 752 1565 793 Maii
1627 764 1749 794 anno
1808 751 1981 794 domini

218 820 564 874 M⁰CCCC⁰XV⁰,
588 834 677 874 que
702 822 789 863 suit
811 821 969 874 vigilia
991 822 1100 864 festi
1125 835 1255 865 sacre
1278 823 1573 875 eucharistie,
1599 822 1717 865 sedit
1739 822 1982 865 concilium

211 894 431 943 presente
459 904 569 945 rege
596 892 868 945 presidente
896 892 1134 935 cardinale
1161 893 1363 936 Ostiensi
1390 897 1435 936 et
1461 894 1566 936 tulit
1593 894 1879 936 sentenciam
1905 893 1983 936 de-

211 962 461 1014 posicionis
484 975 605 1016 pape
630 963 982 1016 pronunciatam
1006 977 1092 1017 per
1114 965 1386 1018 episcopum
1409 965 1768 1007 Atrebatensem
1791 968 1984 1018 propter

212 1046 369 1075 vocem
398 1034 538 1076 altam
566 1036 612 1076 et
636 1046 860 1087 grossam,
888 1035 1018 1077 cuius
1045 1039 1179 1078 tenor
1205 1036 1312 1078 talis
1338 1038 1425 1078 est:

325 1105 384 1147 ,In
417 1104 605 1147 nomine
641 1138 650 1147 .
686 1139 694 1146 .
730 1139 738 1147 .
772 1105 1106 1160 procedatur.1)

329 1177 427 1228 Qua
449 1177 682 1219 sententia
701 1177 818 1219 lecta
839 1178 1083 1219 concilium
1104 1178 1229 1219 misit
1249 1178 1307 1220 ad
1327 1191 1496 1231 papam
1517 1178 1755 1220 detentum
1776 1177 1824 1219 in
1844 1177 1984 1231 opido

211 1247 337 1289 Solle
368 1251 414 1289 et
445 1260 566 1301 papa
599 1248 837 1290 sentencie
871 1248 1100 1301 acquievit
1130 1251 1175 1290 et
1205 1261 1264 1290 ex
1295 1248 1585 1290 habundanti
1617 1247 1907 1290 renunciavit
1937 1248 1983 1290 in

212 1318 362 1361 forma
389 1319 685 1361 instrumenti
713 1318 822 1361 inde
849 1319 1060 1362 confecti.

332 1391 439 1432 Post
458 1390 544 1432 hec
565 1394 719 1432 autem
740 1393 890 1432 actum
911 1394 981 1432 est
1000 1393 1159 1433 contra
1179 1391 1440 1432 Johannem
1461 1392 1572 1443 Hus,
1592 1390 1716 1443 quod
1736 1393 1807 1432 est
1825 1392 1984 1433 contra

213 1474 354 1503 unum
379 1461 650 1514 hereticum,
675 1462 733 1503 de
759 1474 850 1514 quo
876 1474 1032 1515 supra,
1057 1465 1102 1503 et
1127 1462 1361 1503 convictus
1386 1465 1457 1503 est
1483 1462 1541 1503 de
1566 1461 1784 1514 pluribus
1808 1461 1985 1504 heresi-

213 1532 299 1575 bus
331 1536 376 1574 et
409 1532 650 1575 erroribus
682 1536 775 1574 tam
807 1545 893 1586 per
925 1536 1083 1586 testes,
1117 1545 1255 1585 quam
1287 1545 1372 1586 per
1405 1533 1576 1574 librum
1609 1545 1695 1585 per
1727 1544 1835 1574 eum
1867 1544 1985 1574 com-

212 1603 426 1656 positum,
461 1615 599 1656 quem
633 1603 898 1646 intitulavit:
935 1604 993 1646 de
1026 1604 1239 1656 ecclesia,
1274 1616 1414 1646 manu
1449 1616 1531 1645 sua
1566 1603 1787 1656 scriptum
1820 1606 1867 1645 et
1898 1614 1985 1656 per

212 1687 318 1716 eum
343 1675 549 1727 agnitum
574 1678 619 1716 et
642 1675 827 1729 voluita)
857 1679 980 1717 stare
1006 1674 1293 1717 ordinacioni
1316 1675 1514 1727 concilii,
1541 1677 1611 1716 set
1635 1674 1682 1716 in
1705 1673 1984 1727 quibusdam

213 1746 322 1788 fecit
356 1746 673 1788 difficultatem
709 1746 969 1799 abiurandi,
1005 1746 1112 1799 quia
1148 1746 1329 1788 dicebat
1363 1758 1455 1788 non
1489 1745 1681 1799 dixisse,
1717 1748 1786 1788 set
1820 1745 1986 1799 proba-

213 1817 349 1859 batur
381 1817 677 1859 contrarium.

334 1889 449 1930 Item
476 1892 624 1930 actum
651 1891 722 1931 est
747 1889 805 1930 de
831 1889 1073 1930 erroribus
1101 1889 1207 1931 aliis
1234 1888 1403 1930 Wiclef
1429 1888 1486 1930 de
1516 1887 1737 1931 CCLXVI
1763 1886 1986 1939 articulis,

213 1959 272 2002 de
297 1960 468 2012 quibus
493 1972 648 2012 supra.

336 2031 447 2073 Item
480 2033 712 2072 venerunt
743 2030 802 2072 ad
835 2042 993 2083 regem
1028 2030 1180 2072 littere
1214 2030 1345 2072 ducis
1378 2029 1646 2083 Burgundie
1680 2029 1985 2081 continentes,

213 2102 336 2155 quod
365 2101 728 2144 ambassiatores
758 2100 829 2143 sui
860 2101 906 2142 in
936 2100 1129 2142 concilio
1159 2101 1445 2153 scripserant
1476 2100 1565 2143 sibi
1595 2101 1758 2142 ducem
1788 2098 1984 2142 Bavarie

213 2173 510 2225 Ludovicum,
531 2173 723 2214 fratrem
746 2171 905 2225 regine
931 2171 1137 2223 Francie,
1158 2171 1332 2213 dixisse
1356 2173 1468 2224 regi,
1489 2171 1625 2224 quod,
1647 2171 1686 2213 si
1705 2170 1793 2213 iret
1811 2170 1985 2213 Niciam

215 2244 273 2286 ad
298 2244 659 2285 convencionem
686 2255 788 2284 cum
816 2244 914 2296 regi
943 2242 1209 2295 Aragonum
1237 2245 1281 2283 et
1309 2242 1530 2284 transiret
1556 2254 1643 2295 per
1670 2241 1985 2294 Burgundiam

215 2315 289 2357 vel
313 2314 609 2367 Sabaudiam,
634 2314 756 2355 idem
782 2314 875 2355 dux
899 2313 1262 2365 conspiraverat,
1288 2312 1411 2365 quod
1433 2312 1735 2354 occideretur.
1772 2312 1827 2354 Et
1849 2324 1986 2354 excu-

215 2387 347 2428 sabat
371 2399 420 2428 se
444 2385 568 2427 idem
593 2385 687 2426 dux
711 2397 932 2427 asserens
956 2384 1126 2426 salsum
1152 2388 1196 2425 et
1220 2396 1457 2437 nunquam
1482 2383 1708 2436 cogitasse
1732 2395 1818 2425 nec
1840 2383 1983 2435 velle;

216 2460 285 2499 set
311 2458 441 2498 illum
466 2457 719 2498 honoraret
741 2468 827 2508 pro
851 2468 1004 2508 posse.
1043 2455 1141 2496 Rex
1167 2455 1409 2508 proposuit
1435 2454 1612 2496 litteras
1638 2455 1686 2496 in
1711 2453 1986 2496 nacionibus

215 2531 260 2569 et
288 2528 527 2570 excusavit
555 2528 718 2569 ducem
748 2527 945 2568 Bauarie
977 2525 1275 2578 Ludouicum,
1305 2525 1428 2578 quod
1457 2526 1518 2567 ita
1549 2525 1638 2567 sibi
1666 2537 1759 2567 non
1789 2524 1986 2578 dixerat,

217 2601 287 2641 set
309 2598 505 2651 dixerat,
529 2598 652 2651 quod
674 2598 767 2640 dux
791 2598 979 2639 Austrie
1005 2596 1296 2649 FredericuS,
1320 2596 1378 2638 de
1403 2609 1493 2648 quo
1516 2608 1672 2649 supra,
1695 2596 1781 2638 hec
1803 2595 1986 2638 dixerat

216 2670 370 2711 eidem
392 2669 495 2711 duci
519 2669 753 2711 Ludouico
776 2672 821 2710 et
842 2669 965 2721 quod
988 2668 1110 2710 idem
1134 2667 1228 2710 dux
1251 2667 1453 2719 Austrie,
1476 2680 1577 2709 curn
1599 2669 1725 2709 esset
1747 2667 1794 2708 in
1815 2678 1986 2720 guerra

216 2753 317 2782 cum
354 2753 478 2793 rege,
514 2740 668 2782 fuerat
703 2752 893 2782 consors
928 2739 1045 2781 dicte
1081 2738 1460 2792 conspiracionis.

335 2811 433 2853 Hiis
462 2812 574 2854 actis
603 2823 686 2852 rex
716 2810 1022 2864 reassumpsit
1051 2809 1292 2852 materiam
1321 2810 1541 2851 heresum
1569 2812 1615 2851 et
1644 2809 1836 2862 rogavit,
1864 2807 1987 2862 quod

217 2895 378 2924 omnes
411 2882 605 2924 hereses
640 2881 1002 2935 extirparentur.
1050 2881 1103 2922 Et
1138 2893 1250 2933 sepe
1286 2880 1440 2922 fuerat
1474 2883 1622 2922 actum
1658 2880 1715 2922 de
1751 2878 1986 2933 aliquibus

322 2974 352 3002 a)
375 2974 405 3006 Ο,
429 2974 474 3000 D:
496 2973 602 3001 voluit
623 2981 782 3001 revocare
803 2976 836 3000 ot
856 2974 1020 3004 abiurare=
1041 2977 1097 3000 set.

337 3023 369 3064 1)
394 3023 514 3057 Hardt
539 3022 603 3064 IV,
626 3023 806 3064 280—85;
832 3022 957 3056 Man-si
981 3021 1139 3063 XXI'II,
1163 3023 1230 3056 715
1244 3021 1269 3066 ἲ.
