2102 3444
294 187 378 230 754
730 181 797 215 III.
829 179 1040 214 Abschnitt.
1083 177 1238 212 Reform
1269 178 1347 211 und
1379 176 1628 221 Verfassung.

294 305 413 346 inter
449 316 562 356 quos
599 312 786 353 semper
821 298 924 350 sint,
962 297 999 340 si
1037 309 1142 339 esse
1177 295 1425 347 voluerint,

294 374 436 427 aliqui
468 386 526 415 ex
557 370 756 413 dominis
788 367 1105 411 cardinalibus
1134 370 1181 409 et
1210 366 1274 408 ibi
1306 366 1426 408 dicta

294 445 457 487 cedula
484 444 647 485 iterum
676 441 912 493 relegatur
936 442 980 480 et
1006 439 1044 481 si
1071 437 1128 480 sit
1148 438 1311 490 valiqua
1336 436 1426 478 dis-

294 514 536 567 crepancia
563 514 682 554 inter
706 514 809 553 vota
833 510 1079 552 nacionum
1105 520 1247 561 super
1270 507 1427 549 huius-

295 585 415 627 modi
452 584 629 635 cedula‚
668 581 754 635 ipsi
791 580 1088 634 presidentes
1125 582 1170 621 et
1205 577 1426 632 deputati,

294 655 478 708 quando
510 652 747 695 commode
778 653 1010 704 poterunt,
1043 650 1101 692 ad
1131 649 1426 691 concordiam

295 726 515 767 reducant
544 727 588 766 et
618 724 801 765 demum
834 723 1000 764 iterum
1029 720 1087 763 a=d
1115 720 1336 762 naciones
1364 719 1427 761 le-

294 796 490 849 gendam
516 797 768 847 reportent,
795 794 855 835 ita
880 792 1001 845 quod
1023 803 1214 844 semper
1236 790 1427 832 ultimus

295 868 421 908 locus
446 865 767 916 correccionis,
791 863 870 905 ubi
898 864 1112 916 legantur
1136 861 1428 904 concorditer

293 935 588 989 expedienda
621 936 666 976 in
684 934 909 986 sessione,
922 934 1018 975 sint
1029 932 1134 986 'ipse
1148 932 1426 986 naciones,²²)

292 1007 381 1048 nisi
423 1006 553 1059 quasi
594 1017 681 1058 per
719 1004 904 1046 modum
939 1003 1259 1056 compromissi
1295 1003 1430 1045 aliter

293 1077 338 1118 in
377 1076 514 1119 certis
551 1076 736 1118 casibus
774 1075 1078 1117 convenirent
1119 1087 1179 1116 ex
1221 1073 1430 1116 condicto

294 1147 488 1189 comuni.

471 1229 639 1281 Placet,
675 1232 813 1281 prout
847 1228 976 1270 iacet.

382 1311 460 1352 De
526 1310 855 1363 deputatis
921 1310 1189 1352 aliarum
1238 1311 1430 1352 omni—

296 1394 380 1422 um
418 1379 882 1436 materiarum.¹¹)

387 1463 497 1504 Item
519 1463 731 1516 'deputati
757 1476 899 1516 super
924 1463 1255 1507 exorbvitanciis
1283 1468 1326 1507 et
1351 1464 1430 1506 alii

294 1533 500 1586 deputati
522 1547 669 1587 isuper
695 1534 895 1577 diversis
919 1535 1126 1576 materiis
1152 1535 1430 1577 occurrenti-

294 1604 382 1646 bus
407 1605 581 1657 eligant
605 1608 784 1647 certum
811 1605 976 1659 locum,
1004 1605 1105 1648 dies
1133 1609 1178 1648 et
1204 1606 1344 1648 horas
1370 1605 1429 1648 ad

295 1687 344 1716 se
373 1675 747 1728 congregandum
776 1679 820 1718 et
849 1675 1048 1718 maxime
1078 1676 1285 1730 deputati
1314 1676 1430 1718 fidei

294 1748 337 1787 et
373 1746 530 1798 ceteri,
566 1746 643 1798 quri
678 1746 853 1790 habent
889 1746 1221 1800 deputaciones
1256 1748 1430 1801 ponde-

295 1828 426 1857 rosas
464 1819 546 1858 ete.
599 1816 653 1859 Et
691 1816 738 1858 in
778 1817 986 1870 qualibet
1023 1818 1332 1871 deputacione
1373 1819 1431 1860 sit

294 1898 413 1927 unus
445 1886 692 1939 presidens
723 1888 844 1929 inter
874 1901 955 1931 eos
986 1888 1042 1930 de
1074 1889 1282 1942 qualibet
1310 1889 1431 1931 naci-

294 1968 396 2009 one,
431 1957 508 2009 qui
524 1969 609 2009 per
624 1957 916 2000 ebdomatam
933 1959 1172 2011 presideat
1185 1959 1308 2002 inter
1324 1973 1432 2003 suos

296 2027 642 2081 condeputatOS,
681 2029 798 2071 sicut
832 2029 887 2071 fit
924 2030 970 2071 in
1007 2030 1349 2073 reformacione
1386 2035 1432 2073 et

297 2097 465 2139 dictum
491 2103 561 2142 est
587 2099 643 2140 de
666 2099 903 2152 deputatis
927 2101 1230 2153 generalibus
1254 2104 1299 2144 et
1323 2102 1432 2144 faci-

297 2171 374 2210 ant
408 2169 517 2221 poni
553 2169 743 2212 cedulas
778 2173 858 2215 etc,
896 2172 970 2213 vel
1006 2172 1227 2215 mandent
1257 2172 1432 2226 <singuli

298 2238 506 2291 singulis,
547 2240 732 2292 quando
773 2240 881 2283 fieri
919 2241 1114 2285 debebit
1153 2243 1228 2284 wel
1271 2244 1431 2285 omitti.

298 2308 612 2362 Congregacio
646 2311 853 2363 ipsorum
889 2315 934 2354 et
955 2325 1130 2361 *omnes
1164 2313 1239 2355 isti
1272 2317 1318 2356 et
1352 2314 1432 2356 alii

298 2378 504 2431 deputati
542 2381 749 2434 exceptis
786 2382 1089 2435 generalibus
1126 2386 1172 2426 et
1209 2384 1434 2427 reforma-

298 2449 401 2490 torii
431 2455 770 2504 congregentur
798 2456 901 2506 post
930 2454 1179 2506 prandium
1208 2455 1282 2496 vel
1312 2458 1432 2509 ante,

299 2519 440 2572 horis,
478 2521 524 2561 in
562 2521 730 2574 quibu-s
766 2535 859 2564 non
897 2524 1152 2577 impediant
1184 2538 1239 2567 se
1274 2529 1433 2567 mutuo

300 2601 384 2630 nec
408 2590 524 2632 alios
541 2595 627 2634 etc.

476 2672 645 2726 Placet,
669 2678 805 2726 prout
828 2674 957 2718 iacet.

341 2746 368 2770 ⁶
390 2752 467 2794 De
507 2753 697 2797 bulla.

392 2833 518 2887 Item,
549 2840 768 2888 quantum
801 2841 1037 2882 concernit
1066 2854 1200 2883 usum
1231 2842 1359 2884 bulle
1390 2846 1434 2885 et

300 2905 578 2947 exercicium
604 2907 805 2962 illorum,
826 2910 888 2951 »ad
912 2923 1002 2963 que
1025 2912 1238 2955 ordinata
1263 2913 1432 2965 existit,

299 2973 428 3016 cuius
460 2977 694 3028 regulacio
727 2983 903 3022 constat
935 2993 1041 3024 esse
1074 2984 1227 3036 magni
1260 2983 1433 3036 ponde-

407 3078 437 3110 υ)
460 3079 529 3105 Das
548 3080 697 3113 folycmle
717 3082 797 3114 fehlt
820 3083 855 3114 B,
931 3084 961 3115 b)
982 3084 1039 3111 Am
1068 3086 1189 3112 Raude.

1500 932 1735 974 naciones.

1704 1887 1869 1942 (fehlt)

1568 2846 1682 2888 Item
1715 2879 1724 2888 .
1760 2879 1812 2888 ..
