2102 3444
225 142 310 185 272
761 142 786 176 I.
815 141 1024 177 Abschnitt.
1063 141 1464 185 Konzilstagebiicher.

227 260 603 313 solempnissima
625 263 669 302 et
692 261 962 313 pulsacione
986 273 1315 313 campanarum
1337 273 1484 314 usque
1509 261 1567 303 ad
1589 260 1770 302 aurium
1794 260 1998 314 fatigaci-

227 343 362 372 onem
394 332 603 373 fecimus.
650 332 699 372 In
731 331 898 384 quibus
928 331 1142 373 omnibus
1172 331 1502 373 serenissimus
1534 332 1575 373 d.
1608 332 1860 384 imperator
1888 334 2000 373 tam-

227 414 365 454 quam
391 401 611 456 princeps
639 401 968 443 devotissimus
996 401 1084 444 fuit
1112 405 1156 444 et
1183 402 1330 454 pedes
1357 402 1529 455 ubique
1559 403 1652 454 ivit,
1681 402 1869 455 quique,
1895 414 1999 455 pro·
2043 451 2045 453 ¹

228 473 354 515 mitto
390 473 536 527 vobis,
572 473 782 525 infinitas
820 473 1122 515 melancolias
1156 485 1324 526 passus
1361 473 1447 515 fuit
1481 476 1526 515 et
1562 474 1706 515 multa
1742 472 1998 525 mendacia,

226 556 380 596 ymmo
405 547 451 586 et
477 543 789 597 prodiciones,
817 544 855 585 si
883 544 957 586 fas
986 547 1111 585 esset
1139 543 1310 597 dicere,
1338 544 1383 585 in
1413 544 1606 586 materia
1634 544 1756 586 facta
1782 543 1873 585 sibi
1900 543 2000 585 fue-

228 618 347 656 runt.
384 615 601 656 Attamen
624 627 711 668 pro
735 614 858 657 bono
882 615 1096 668 ecclesie,
1121 615 1289 668 omnia,
1316 619 1363 657 ut
1387 615 1448 657 ita
1476 616 1654 668 loquar,
1681 614 1797 657 bibit
1818 617 1866 657 et
1889 614 2000 656 fecit

228 686 538 728 humanitates
562 689 607 728 et
629 685 916 728 humilitates
939 686 1013 728 isti
1038 686 1237 739 dyabolo
1262 686 1399 728 Petro
1423 687 1479 728 de
1504 686 1634 728 Luna
1658 688 1702 727 et
1725 684 1999 727 obediencie

228 769 324 809 sue,
352 769 467 809 quas
493 757 695 810 simplex
722 757 857 799 miles
883 769 976 799 non
1004 757 1243 800 debuisset
1269 757 1453 799 fecisse.
1500 757 1549 798 In
1576 756 1770 798 veritate
1798 756 2000 798 inexter-

228 827 513 869 minabiliter
540 827 628 870 fuit
655 828 845 881 paciens
873 829 1060 870 attentis
1089 828 1135 870 in
1163 828 1400 881 publicum
1429 828 1774 881 improperatis,
1802 827 1860 869 de
1888 826 2000 869 actis

227 898 481 951 anquando
507 898 619 940 alibi
647 898 925 941 mirabiliter
954 912 1003 941 se
1033 899 1284 952 excusavit,
1313 899 1486 951 dicens,
1515 899 1638 952 quod
1664 898 1730 940 nil
1757 898 1882 952 fecit,
1909 898 1999 940 nisi

227 970 350 1022 quod
382 969 532 1012 solum
563 969 808 1011 concilium
841 970 1084 1012 ordinavit.
1129 970 1264 1012 Unde
1298 971 1400 1012 laus
1436 971 1546 1024 Deo,
1578 982 1665 1023 per
1696 970 1799 1012 eius
1831 970 2000 1012 bonam

228 1040 511 1093 pacienciam
537 1044 581 1083 et
605 1041 799 1083 virtutes
824 1041 940 1084 alias
965 1041 1023 1084 ad
1046 1042 1219 1083 bonum
1245 1041 1491 1083 deductum
1517 1044 1587 1083 est
1610 1041 1862 1094 negotium,
1886 1040 2000 1082 mul-

227 1111 284 1154 tis
306 1111 626 1164 consideratis,
650 1112 697 1153 in
720 1112 890 1165 quibus
910 1124 1021 1154 vere
1043 1125 1206 1155 omnes
1228 1113 1357 1154 missi
1381 1116 1426 1154 et
1448 1112 1578 1154 multi
1601 1112 1682 1154 alii
1704 1111 1777 1154 hic
1799 1111 2000 1154 existen·
2065 1137 2068 1139 -

227 1186 296 1224 tes
317 1182 660 1225 solemnissime
681 1195 732 1224 se
752 1183 1031 1236 habuerunt,
1052 1186 1101 1225 ut
1120 1183 1242 1225 bene
1262 1184 1432 1236 poterit
1452 1183 1601 1225 videri
1623 1195 1708 1236 per
1727 1194 1998 1236 processum

228 1256 274 1296 et
297 1254 426 1296 alias.
463 1253 613 1296 Hodie
637 1254 711 1295 vel
738 1266 840 1297 cras
865 1254 924 1296 ad
948 1254 1131 1308 longius
1154 1254 1330 1296 recedit
1354 1255 1395 1296 d.
1421 1255 1675 1307 imperator
1698 1254 1747 1296 in
1770 1253 1999 1296 Avinione

228 1324 347 1367 testa
380 1327 668 1378 recepturus,
702 1325 786 1367 sed
817 1325 858 1367 d.
892 1325 1041 1367 adhuc
1071 1325 1434 1368 ambassiatores
1466 1325 1702 1378 aliquibus
1733 1324 1900 1367 diebus
1931 1336 2002 1366 re-

228 1396 494 1438 manebunt.
541 1395 704 1449 Script.
738 1396 955 1439 Narbone
987 1396 1084 1438 XV.
1122 1395 1406 1439 Decembris.

1412 1467 1578 1510 Petrus
1613 1467 1670 1509 de
1706 1467 1910 1520 Trylhia.

342 1538 741 1581 Reverendissimi
789 1539 989 1592 patres¹)
1044 1572 1051 1580 .
1088 1572 1096 1580 .
1132 1572 1140 1581 .
1203 1538 1452 1592 Postquam
1500 1538 1665 1581 ultimo
1714 1572 1723 1580 .
1759 1572 1767 1580 .
1803 1572 1811 1580 .
1872 1538 2000 1580 Post-

226 1622 363 1662 quam
393 1612 640 1663 presentes
671 1609 864 1652 fuerunt
893 1610 1079 1663 scripte,
1110 1609 1198 1652 fuit
1228 1609 1505 1667 ordinatum,
1536 1608 1660 1662 quod
1690 1610 1777 1652 iste
1809 1609 1851 1651 d.
1884 1608 1999 1651 Con·
2060 1620 2063 1621 ⁷

226 1680 406 1735 radus2)
446 1684 713 1723 remaneret
747 1684 792 1723 et
826 1682 944 1723 lator
978 1681 1331 1734 presenciarum
1366 1680 1640 1723 mitteretur.
1977 1676 1980 1678 ’

342 1752 643 1795 Sacrosancte
682 1752 895 1805 generali
937 1751 1296 1811 Constanciensi
1330 1752 1508 1805 synodo
1547 1752 1595 1793 in
1636 1750 1801 1805 spiritu
1841 1753 1999 1794 sancto

226 1826 502 1876 congregate
536 1823 853 1866 universalem
887 1822 1133 1865 ecclesiam
1165 1822 1523 1876 representanti.

342 1893 668 1948 Sigismundus
705 1932 711 1938 .
749 1927 757 1935 .
794 1928 801 1936 .
838 1894 1037 1936 filialem
1072 1893 1394 1936 obedienciam
1430 1894 1634 1936 debitam
1670 1906 1771 1936 cum
1804 1893 1998 1936 honore.

226 1965 498 2018 Quanquam
549 1964 767 2018 pervigili
821 1978 930 2007 cura
973 1965 1192 2018 omnique
1234 1964 1546 2007 sollicitudine
1589 1967 1694 2018 post
1736 1965 1998 2018 ingressum

226 2039 435 2078 nostrum
461 2035 520 2078 ad
543 2039 695 2078 terras
721 2035 833 2078 istas
859 2048 945 2089 pro
970 2036 1092 2078 bono
1119 2035 1430 2078 sacratissime
1456 2036 1643 2078 unionis
1668 2035 1871 2078 feliciter
1896 2047 2000 2078 con-

226 2106 500 2149 summande
526 2119 621 2149 non
649 2106 1002 2159 cessaverimus,
1031 2106 1421 2160 quemadmodum
1448 2106 1589 2149 etiam
1619 2107 1666 2148 in
1693 2105 1811 2149 votis
1837 2105 1999 2148 habui-

227 2191 342 2231 mus,
377 2177 586 2219 fideliter
620 2177 851 2230 laborare,
889 2178 997 2230 quia
1031 2181 1186 2220 tamen
1221 2180 1441 2220 tractatus
1478 2178 1683 2231 desuper
1717 2177 1864 2220 habiti
1900 2176 1998 2219 Deo

226 2248 522 2301 permittente
553 2249 768 2291 continue
799 2249 1047 2291 mutacioni
1079 2248 1382 2291 subiacebant
1413 2283 1421 2290 .
1458 2283 1465 2289 .
1502 2282 1510 2291 .
1539 2262 1580 2291 v.
1612 2248 1689 2303 sa)
1721 2260 1865 2302 super
1893 2248 1999 2290 acti-

226 2319 332 2362 tatis
355 2332 380 2362 a
400 2322 526 2361 certo
547 2319 842 2372 nequivimus
866 2319 1081 2361 advisare
1106 2354 1113 2361 .
1150 2353 1158 2361 .
1195 2354 1202 2361 .
1236 2320 1426 2372 Verum,
1448 2320 1558 2372 quia
1578 2319 1788 2362 Christus
1811 2318 1997 2371 Jhesus,

227 2402 428 2443 sponsus
450 2390 662 2442 ecclesie,
684 2389 814 2432 cuius
837 2402 913 2433 res
937 2391 1100 2443 agitur,
1125 2390 1270 2433 oculis
1294 2390 1614 2433 misericordie
1638 2402 1721 2432 sue
1744 2402 1830 2433 nos
1851 2389 1998 2443 respi-

226 2473 332 2503 cere
366 2460 582 2514 dignatus
615 2463 699 2513 est,
734 2495 741 2502 .
778 2494 785 2502 .
822 2495 830 2503 .
863 2460 1164 2514 presentibus
1199 2461 1478 2514 intimamus,
1513 2461 1636 2514 quod
1669 2460 1743 2503 die
1776 2461 1999 2504 hesterna

227 2535 360 2585 parte
382 2534 542 2575 nostra
566 2534 611 2573 et
633 2532 909 2573 nunciorum
932 2531 1115 2585 prefate
1139 2545 1179 2573 v.
1204 2544 1238 2574 s.
1263 2544 1364 2573 cum
1388 2531 1803 2575 ambassiatoribus
1826 2534 1872 2575 et
1893 2544 1998 2585 pro-

226 2603 518 2646 curatoribus
542 2615 702 2656 regum
722 2605 770 2644 et
790 2602 1051 2655 principum
1075 2602 1349 2644 obediencie
1373 2602 1513 2656 illius,
1536 2615 1673 2656 quem
1696 2602 2011 2645 Benedictum

228 2673 481 2727 appellant,
509 2685 651 2727 super
677 2672 815 2716 certis
839 2672 1069 2726 capitulis,
1094 2673 1278 2726 punctis
1302 2676 1347 2715 et
1373 2673 1580 2717 articulis
1607 2707 1615 2716 .
1651 2711 1658 2717 .
1695 2707 1704 2716 .
1731 2673 1997 2716 conclusum

332 2782 361 2805 a)
382 2785 416 2805 30
439 2777 573 2804 deutlich
599 2778 635 2809 B,
659 2779 687 2803 (¹.

344 2826 376 2869 1)
409 2825 618 2861 Schrez'ben
645 2825 713 2860 des
742 2823 982 2868 Erzbischofs
1011 2833 1085 2859 von
1113 2824 1319 2859 Narbonae
1348 2834 1397 2858 αη
1424 2824 1488 2859 die
1517 2826 1539 2860 5
1568 2822 1780 2859 Kardiniile
1808 2823 1906 2858 iiber
1933 2822 1998 2857 die

228 2884 415 2928 Ee'nigyuny
446 2885 514 2919 mil
544 2885 621 2919 den
649 2883 886 2926 Anhc'inyern
918 2882 1136 2917 Benedikls.
1182 2882 1307 2917 Mansz'
1339 2881 1498 2925 XXVII,
1528 2882 1607 2918 824.
1650 2883 1755 2918 Doch
1784 2882 1883 2926 fehlt
1913 2880 1998 2916 dort

227 2942 296 2976 cler
320 2943 504 2977 Nachsatz
528 2945 729 2986 postquam
755 2968 762 2975 .
791 2968 797 2974 .
826 2968 832 2975 .
859 2941 1084 2976 mitteretur.
1122 2942 1150 2975 C
1174 2943 1266 2975 selzt
1292 2942 1382 2975 noch
1412 2941 1543 2975 hinzu:
1573 2941 1710 2975 Vester
1734 2941 1854 2976 frater
1876 2939 1997 2975 archi-

228 3001 430 3045 episcopus
460 3000 760 3043 Narbonnensis,
789 3010 816 3034 s.
847 3001 886 3034 R.
916 3010 948 3035 e.
979 2999 1223 3035 camerarius.

345 3059 378 3101 2)
408 3057 564 3094 Konrad
592 3068 665 3093 von
693 3058 811 3094 Soest.
