2227 3434
265 159 304 195 C.
343 159 423 194 Der
446 158 686 194 literarische
713 158 855 202 Kampf
880 168 943 193 um
970 158 1033 193 die
1059 157 1232 202 Stellung
1258 159 1326 191 des
1353 157 1512 200 Papstes
1537 167 1621 191 zum
1651 157 1795 190 Konzil.
1830 158 1910 199 731

148 277 434 330 principales
481 280 527 320 et
572 276 806 320 notabiles
853 275 1049 318 ecclesie
1096 278 1313 318 vacantes
1362 275 1658 328 reperiantur
1704 277 1913 327 tempore

147 348 390 390 electionis
414 347 611 401 papalis,
636 347 746 400 quin
770 360 875 400 ymo
900 346 1156 396 tollendum
1181 349 1251 388 est
1276 358 1411 387 omn-e
1437 346 1711 387 retiaculum
1737 345 1844 386 mali
1871 348 1915 386 et

149 418 300 461 omnis
319 419 406 470 via,
427 431 513 471 per
532 430 670 470 quam
691 418 749 460 ad
771 418 941 459 malum
962 420 1121 470 posset
1142 416 1393 469 perveniri.
1429 416 1483 458 Et
1503 428 1604 457 cum
1627 415 1799 457 domini
1819 428 1916 457 car-

146 489 330 532 dinales
360 488 682 531 contineantur
712 488 797 531 sub
826 487 1112 540 nacionibus,
1142 500 1336 539 quarum
1367 490 1486 539 sunt,
1516 499 1601 528 nec
1630 486 1803 528 faciant
1832 498 1916 539 per

149 572 199 601 se
222 559 478 612 nac-ionem,
499 571 661 601 eorum
683 558 856 612 petitus
875 562 946 600 est
969 570 1191 600 assensus
1212 570 1306 599 non
1326 557 1385 599 de
1410 556 1694 609 auctoritate,
1718 559 1788 598 set
1808 557 1915 609 quia

147 630 323 672 electus
355 629 499 671 voluit
529 629 598 672 eis
630 629 820 671 deferre
853 628 900 670 in
930 629 1015 670 hoc
1047 633 1092 671 et
1124 641 1203 670 eos
1236 628 1483 680 honorare,
1515 627 1638 680 quod
1669 627 1759 669 sibi
1793 626 1915 680 apud

147 712 228 742 eos
252 700 478 753 prodesse
504 700 660 751 debet3
686 712 771 741 nec
796 712 883 752 per
905 699 989 740 hoc
1015 711 1065 740 se
1091 698 1320 750 astrinxit,
1343 703 1394 742 ut
1420 699 1625 751 ipsorum
1650 698 1916 750 requiratur

146 783 403 814 consensus
435 774 480 812 et
512 770 618 812 ideo
650 770 769 812 facta
801 781 887 823 per
920 769 1139 812 naciones
1171 769 1346 811 habent
1378 769 1520 811 robur
1553 781 1684 811 suum
1718 771 1763 810 et
1795 767 1915 819 dato,

146 841 268 894 quod
300 840 425 882 IIIIta
451 840 584 883 nacio
609 852 846 893 nunquam
874 840 1195 882 consentisset.

263 911 469 964 Septimo
502 910 719 963 quoniam
754 914 799 952 et
833 911 871 953 si
906 910 1109 952 variacio
1143 911 1189 951 in
1224 909 1439 952 omnibus
1472 914 1543 952 est
1576 909 1778 961 vitanda,
1813 921 1916 962 pre-

146 982 280 1035 cipue
307 982 351 1023 in
376 981 717 1034 ecclesiasticis,
743 985 913 1034 quanto
937 981 1085 1023 maius
1109 984 1180 1022 est
1203 980 1390 1024 vitanda
1416 981 1462 1021 in
1486 980 1682 1033 prelatis
1705 983 1750 1022 et
1774 979 1916 1021 subli-

146 1052 297 1095 mibus
332 1052 445 1095 vlris
480 1053 725 1094 ecclesiam
762 1052 1079 1094 universalem
1114 1051 1550 1104 representantibus
1585 1054 1631 1092 et
1665 1050 1713 1092 in
1750 1050 1914 1103 spiritu

145 1123 247 1166 eius
273 1122 576 1176 congregatis,
603 1122 732 1165 cuius
760 1135 901 1164 unum
928 1123 1015 1164 ista
1043 1122 1099 1164 de
1129 1122 1261 1164 dictis
1289 1122 1387 1164 suis
1413 1134 1505 1163 non
1530 1122 1745 1174 preterit:
1776 1120 1912 1174 quita)

145 1194 312 1246 plura‘?
352 1193 397 1236 Si
425 1193 564 1235 fieret
589 1192 926 1246 qualiscunque
953 1193 1150 1235 mutacio
1175 1192 1250 1234 vel
1278 1192 1458 1245 dilacio,
1485 1192 1609 1245 quod
1635 1192 1761 1233 Deus
1787 1204 1915 1234 aver-

143 1265 237 1306 tat‘?
295 1264 345 1306 In
386 1276 569 1306 omnem
610 1268 782 1307 terram
824 1263 970 1306 exibit
1011 1276 1152 1305 sonus
1194 1263 1473 1305 vari‘acionis
1513 1266 1559 1305 et
1600 1262 1915 1304 instabilitatis

145 1335 296 1389 huius,
340 1334 676 1388 efeminatique
719 1335 806 1377 viri
851 1334 1052 1377 fortasse
1097 1334 1460 1377 nominabuntur
1503 1333 1913 1386 distrahenturque

143 1405 352 1447 universi
390 1406 512 1447 velle
551 1406 706 1458 aliqua
746 1418 885 1458 agere
924 1418 1024 1446 cum
1061 1405 1256 1447 concilio
1294 1404 1574 1458 dubitantes,
1612 1404 1735 1457 quod
1771 1416 1913 1457 opere

142 1488 265 1528 pene
308 1476 536 1529 completo
580 1488 833 1529 paucorum
876 1475 1080 1518 variacio
1123 1476 1338 1518 concluse
1381 1474 1719 1517 deliberacioni
1763 1475 1915 1516 valeat

144 1546 386 1601 derogare.

261 1617 443 1671 Octavo,
470 1618 577 1671 quia
603 1617 709 1660 d-ato
734 1631 857 1670 caSU,
884 1617 1006 1671 quod
1032 1618 1276 1659 concilium
1302 1620 1453 1670 potest
1477 1616 1773 1669 confirmare,
1798 1616 1915 1657 sicut

145 1701 310 1732 revera
335 1692 381 1730 et
406 1692 571 1742 potest,
598 1701 760 1731 omnes
786 1701 936 1742 reges,
962 1688 1213 1741 principes,
1240 1687 1570 1730 universitates
1596 1690 1641 1729 et
1667 1687 1915 1730 communi-

143 1762 262 1803 tates
285 1773 371 1813 pro
394 1759 512 1802 dicta
535 1760 763 1802 electione
788 1759 1110 1801 confirmanda
1130 1759 1452 1812 supplicantes
1475 1762 1727 1812 potuerunt
1751 1757 1915 1800 merito

144 1830 201 1872 de
233 1830 428 1872 concilio
460 1831 580 1872 male
615 1830 890 1872 contentari:
937 1843 1133 1883 quorum
1166 1833 1320 1872 tamen
1354 1829 1677 1871 benivolencia
1709 1832 1779 1871 est
1813 1841 1915 1881 cap-

142 1901 297 1954 tanda,
326 1904 390 1954 ut,
421 1913 524 1942 cum
558 1901 821 1954 supplicent
852 1914 939 1954 pro
971 1902 1070 1943 sola
1102 1900 1234 1942 brevi
1267 1900 1448 1943 iusticia
1480 1899 1791 1953 expedienda,
1824 1912 1914 1952 que

144 1971 324 2015 iusticia
352 1975 423 2014 est
450 1971 714 2014 examinata
742 1984 826 2025 per
855 1972 939 2014 hoc
969 1984 1149 2014 sacrum
1179 1971 1437 2023 concilium,
1466 1971 1837 2024 supplicemque,
1871 1973 1914 2012 ut

143 2046 301 2096 pastor
332 2042 468 2084 detur
498 2042 694 2085 ecclesie
726 2043 904 2084 vacanti
939 2043 985 2084 in
1018 2042 1185 2095 spiritu
1214 2046 1375 2085 sancto
1408 2041 1610 2095 legitime
1643 2042 1833 2093 electus,
1869 2042 1912 2082 in

144 2112 287 2156 nimio
312 2113 523 2166 profecto
549 2113 793 2155 concilium
821 2113 953 2155 dictis
979 2113 1270 2166 principibus
1296 2112 1557 2166 defficeret,
1585 2113 1785 2154 maxime
1812 2124 1913 2153 cum

145 2183 349 2237 ipsorum
374 2185 637 2237 aliquorum
660 2184 983 2238 principaliter
1006 2184 1189 2226 intersit
1212 2187 1256 2226 et
1277 2197 1362 2237 pro
1381 2196 1469 2226 suo
1492 2183 1719 2237 singulari
1741 2182 1914 2236 suppli-

142 2258 247 2298 cent
272 2255 514 2299 interesse.

259 2325 402 2378 Nono,
428 2325 548 2378 quia,
576 2338 676 2367 cum
702 2325 962 2379 prIncipale
990 2325 1345 2367 fundamentum
1374 2326 1574 2377 illorum,
1602 2325 1679 2377 qui
1708 2323 1911 2365 nondum

143 2401 483 2440 consenserunt
503 2396 549 2438 in
572 2397 671 2449 hoc,
694 2396 765 2449 sit,
788 2396 894 2449 quia
918 2396 1291 2449 preiudicaretur
1313 2396 1494 2438 iuribus
1516 2399 1560 2438 et
1582 2395 1747 2437 honori
1769 2395 1912 2437 eccle-

144 2467 212 2508 sie
246 2466 466 2520 Romane,
502 2480 602 2508 cum
638 2479 797 2508 eorum
834 2467 1106 2509 reverencia
1142 2467 1300 2520 pocius
1332 2469 1406 2509 est
1439 2469 1581 2508 totum
1617 2466 1912 2517 contrarium,

143 2537 265 2590 quia,
295 2550 396 2579 cum
427 2537 484 2579 de
517 2538 616 2579 iure
649 2537 818 2590 scripto
848 2541 893 2580 et
922 2537 1332 2579 constitucionibus
1363 2540 1625 2579 sanctorum
1655 2540 1837 2589 patrum
1868 2539 1913 2577 et

142 2608 441 2650 conciliorum
469 2608 758 2661 generalium
786 2608 1085 2650 confirmacio
1111 2611 1157 2650 et
1182 2607 1475 2650 consecracio
1503 2608 1909 2659 suffraganeorum

144 2677 375 2731 pertineat
409 2678 466 2720 ad
500 2679 883 2731 metropolitanos
915 2682 960 2720 et
994 2678 1231 2732 primates,
1267 2679 1330 2720 sic
1363 2681 1550 2719 econtra
1585 2678 1831 2730 primatum
1868 2680 1911 2717 et

144 2748 604 2802 metropolitanorum
626 2749 683 2791 ad
705 2749 1048 2802 suffraganeos,
1068 2752 1112 2791 et
1134 2761 1234 2790 cum
1256 2761 1377 2801 papa
1397 2748 1481 2790 hoc
1503 2747 1611 2790 facit
1631 2760 1722 2789 non
1743 2744 1907 2799 quod'’)

144 2819 246 2861 iure
272 2832 356 2862 suo
383 2822 452 2861 set
478 2819 746 2872 usurpative
772 2820 857 2861 hoc
884 2819 1007 2872 facit,
1035 2822 1082 2861 ut
1107 2831 1334 2871 expresse
1362 2819 1445 2860 hoc
1473 2818 1629 2859 dicunt
1653 2818 1910 2870 glosatores

144 2888 427 2942 principales
458 2889 572 2932 iuris
600 2890 828 2931 canonici:
873 2890 951 2931 alii
985 2889 1031 2930 in
1063 2889 1168 2931 aliis
1198 2888 1407 2930 ecclesiis
1440 2889 1528 2929 iam
1561 2888 1694 2929 electi
1727 2887 1799 2928 vel
1831 2886 1910 2927 eli-

142 2959 280 3012 gendi
310 2962 519 3012 tempore
547 2959 684 3002 huius
711 2959 892 3001 concilii
920 2964 966 3003 et
991 2959 1136 3001 eciam
1165 2958 1276 3000 sede
1307 2958 1557 3011 apostolica
1585 2958 1724 3010 plena
1753 2957 1910 2998 viden-

252 3063 283 3096 a)
303 3043 350 3089 ilc
371 3042 422 3089 so.⁶
447 3043 454 3045 -
491 3043 536 3095 Vb)
559 3062 604 3089 He
624 3069 669 3089 ευ.
