2102 3444
232 148 316 190 734
668 141 733 175 Ill.
767 138 976 173 Abschnitt.
1018 136 1170 171 Reform
1204 137 1280 170 und
1314 134 1562 179 Verfassung.

234 268 440 317 urgente,
465 261 634 303 nedum
661 262 991 301 extranearum
1015 268 1121 308 ymo
1142 258 1189 297 et
1213 254 1337 307 quod
1358 254 1547 308 gravius
1572 257 1642 296 est
1666 254 2000 308 intranearum,

234 337 268 376 si
299 338 366 376 cst
394 346 584 374 necesse
613 329 808 371 ecclesie
836 327 1135 380 Lugdunensi
1163 326 1341 368 habere
1368 329 1603 378 pastorem
1630 328 1675 367 et
1701 325 1999 367 defensorem

235 405 484 458 proprium,
517 402 592 454 qui
625 399 847 442 defendat
878 402 923 440 et
952 401 1150 449 tueatur,
1183 400 1230 439 ut
1264 397 1308 437 in
1342 409 1391 437 re
1424 395 1628 449 propria,
1659 408 1753 437 non
1785 399 1854 438 est
1885 408 2002 449 opus

237 476 428 517 ulterius
454 473 667 526 probare.

356 556 536 597 Decimo
570 556 714 605 sexto,
750 551 966 604 quoniam
1001 550 1223 603 precipue
1257 550 1341 591 hec
1376 549 1575 591 ecclesia
1607 561 1700 590 non
1736 548 1885 591 solum
1918 560 2003 601 pro

235 642 282 668 sc
322 628 420 679 ipsa
456 629 524 667 cst
561 624 778 665 dit't'idata
813 635 919 675 ymo
954 625 1000 663 et
1034 633 1120 674 pro
1155 620 1276 662 facto
1312 619 1509 662 ecclesie
1545 619 1751 661 Romane
1787 618 2003 661 videlicet

235 711 315 751 per
346 696 642 749 magnificum
672 699 716 736 et
746 696 982 746 potentem
1012 692 1163 733 virum
1195 691 1430 732 dominum
1462 690 1737 732 Randonum
1767 689 2003 732 dom-lnum

234 769 466 810 Gaudiose
491 766 681 808 militem
704 764 943 806 occasione
967 762 1306 816 stipendiorum
1330 774 1519 803 suorum
1538 774 1626 814 per
1648 774 1754 802 eum
1777 764 1822 804 et
1841 761 2004 814 plures

233 840 348 881 :ilios
381 838 646 890 capitaneos
676 835 923 888 petitorum
955 846 1103 886 usque
1136 833 1194 875 ad
1226 845 1451 875 sumniam
1482 831 1640 873 XXX¹a
1671 831 1850 873 milium
1880 830 2005 873 fran-

233 922 387 951 corum
416 913 459 950 et
487 909 607 950 ultra
636 907 683 948 in
712 905 1075 958 recuperacione
1104 903 1302 946 civitatis
1328 902 1663 945 Auinionensis
1692 906 1738 945 et
1761 902 2004 944 comitatus

233 980 471 1031 Venesini,
500 978 677 1031 proprii
706 981 750 1019 et
778 976 1031 1029 peculiaris
1056 974 1326 1028 patrimonii
1350 973 1551 1016 ecclesie
1580 974 1801 1026 Romane,
1830 973 2004 1026 impen-

233 1064 386 1092 sorum
435 1053 478 1091 et
526 1062 614 1102 que
663 1060 839 1089 summa
886 1047 1133 1100 petebatur
1180 1046 1238 1087 ab
1284 1045 1566 1087 execucione
1614 1044 1735 1086 bone
1782 1043 2003 1085 memorie

234 1122 405 1163 domini
429 1119 679 1163 cardinalis
701 1119 757 1160 de
782 1119 999 1171 Thureyo
1020 1122 1126 1160 tunc
1145 1116 1276 1159 »sedis
1294 1117 1552 1169 *apostolice
1574 1115 1727 1168 legati,
1749 1115 1828 1168 qui
1850 1114 2004 1157 omnia

233 1193 352 1234 bona
388 1205 469 1233 sua
505 1190 789 1243 consumpsit
823 1192 867 1230 et
903 1202 1070 1241 corpus
1105 1187 1311 1241 perdidit
1344 1187 1390 1228 in
1427 1187 1547 1229 dicta
1579 1185 1927 1239 prosecucione,
1960 1188 2005 1227 et

233 1264 416 1304 demum
446 1262 588 1316 petita
619 1263 810 1303 fuerunt
839 1260 959 1302 dicta
987 1259 1146 1300 XXXta
1175 1258 1353 1300 milium
1385 1271 1410 1300 a
1439 1257 1627 1299 domino
1655 1256 2005 1310 archiepiscopo

233 1333 533 1387 Lugdunensi
556 1345 677 1374 nunc
700 1331 933 1384 defuncto,
957 1330 1103 1372 fratre
1129 1329 1236 1372 dicti
1261 1329 1435 1371 domini
1459 1327 1612 1382 legati,
1637 1328 1715 1381 q-ui
1737 1327 1825 1370 fuit
1848 1339 2005 1369 excer-

232 1406 346 1447 citus
378 1417 462 1457 pro
493 1403 690 1446 ecclesia
721 1403 928 1444 Romana
959 1402 1105 1444 eciam
1136 1413 1284 1453 usqu-e
1316 1400 1374 1442 ad
1402 1398 1583 1453 proprii
1615 1397 1856 1452 sanguinis
1887 1397 2005 1440 effu-

232 1477 424 1517 sionem.
465 1475 591 1516 Nunc
621 1477 774 1516 autem
803 1473 922 1515 dicta
951 1484 1130 1515 summa
1154 1484 1242 1525 per
1271 1471 1416 1513 dictos
1444 1470 1637 1513 militem
1665 1472 1711 1511 et
1738 1469 2006 1522 capitaneos

232 1548 289 1589 ab
326 1546 525 1588 ecclesia
562 1545 864 1598 Lugdunensi
901 1544 1074 1597 petitur
1110 1555 1204 1585 non
1239 1541 1497 1584 secundum
1535 1541 1651 1583 iuris
1687 1540 1900 1582 ordinem
1934 1541 2006 1581 set

232 1617 485 1659 secundum
519 1617 768 1658 militarem
801 1614 1199 1657 consuetudinem.
1245 1613 1375 1664 Quod
1408 1615 1562 1654 autem
1594 1612 1680 1654 hec
1710 1610 1910 1653 ecclesia
1941 1609 2006 1652 sic

231 1689 417 1730 viduata
449 1692 495 1731 et
526 1688 687 1730 orbata
721 1686 995 1728 deffensore
1030 1685 1200 1727 iniuste
1234 1683 1524 1737 opprimatur
1555 1695 1642 1736 pro
1670 1681 1805 1736 puris
1837 1680 2006 1723 debitis

231 1760 427 1802 ecclesie
461 1759 667 1800 Romane
699 1760 744 1800 et
775 1756 972 1799 ecclesia
1004 1757 1211 1798 Romana
1245 1755 1333 1797 sibi
1362 1755 1567 1808 <deneget
1594 1754 1746 1796 *solam
1779 1751 2005 1795 iusticiam

232 1834 275 1872 et
302 1830 503 1884 pastoris
535 1828 770 1882 solacium,
799 1827 965 1869 durum
995 1830 1078 1880 est,
1103 1826 1153 1868 rin
1183 1825 1317 1868 civile
1347 1829 1392 1867 et
1417 1825 1478 1867 ‘ab
1506 1824 1630 1867 omni
1659 1824 1841 1866 ratione
1868 1822 2005 1865 etiam

230 1901 433 1944 naturali
470 1901 689 1953 alienum5
726 1899 928 1941 maxime
966 1911 1067 1939 cum
1100 1910 1190 1950 *pro
1225 1896 1474 1938 libratione
1507 1895 1746 1949 presentis
1783 1893 1927 1936 debiti
1961 1895 2006 1935 et

235 1972 487 2014 Intimanda
529 1971 834 2013 diffidacione
876 1969 1023 2011 dictus
1064 1969 1240 2011 electus
1281 1980 1367 2020 pro
1404 1970 1540 2020 parte
1584 1964 1921 2019 archiepiscopi
1960 1966 2006 2006 et

231 2042 420 2096 capituli
459 2041 786 2094 Lugdunensis
823 2053 1005 2082 necnon
1044 2040 1260 2081 dominus
1298 2038 1563 2080 Anthonius
1599 2035 1815 2079 Virronis
1851 2035 2005 2088 legum

233 2113 389 2155 doctor
430 2116 475 2155 et
514 2113 687 2155 nobilis
729 2112 969 2154 -Johannes
1013 2110 1267 2153 Cabassola
1306 2121 1367 2150 ex
1408 2111 1540 2162 parte
1582 2107 1778 2150 civitatis
1819 2105 2005 2148 Auinio-

232 2184 393 2227 nensis
424 2183 601 2225 fuerint
630 2183 761 2225 missi
793 2183 851 2224 ad
882 2182 1144 2224 Johannem
1176 2180 1349 2223 XXIII.
1381 2183 1488 2222 tunc
1521 2191 1690 2232 papam
1721 2178 1769 2220 in
1799 2175 2005 2219 Bononia

234 2255 517 2296 residentem
558 2257 603 2296 et
643 2254 702 2296 ad
741 2266 923 2295 sacrum
963 2252 1223 2306 collegium,
1262 2254 1312 2293 ut
1347 2249 1654 2304 providerent
1692 2261 1835 2302 super
1874 2246 2006 2290 dictis

234 2325 402 2368 debitis
433 2330 477 2368 et
508 2324 811 2366 dit'fidacione
841 2328 885 2366 et
915 2324 1215 2365 consulerent
1240 2320 1568 2374 *indempnitati
1599 2320 1797 2362 ecclesie
1828 2317 2006 2372 Lugdu-

234 2397 408 2438 nensis.
437 2395 584 2437 Nicliil
612 2398 766 2436 tamen
796 2394 1029 2447 proficere
1056 2396 1323 2447 potuerunt,
1350 2405 1455 2445 ymo
1483 2391 1632 2434 adhuc
1658 2390 1858 2432 ecclesia
1887 2400 2006 2440 mag—

234 2467 305 2508 nis
339 2467 546 2508 subiacet
578 2465 838 2518 dispendiis
870 2469 1006 2518 atque
1041 2464 1308 2508 incomodis.

351 2621 513 2661 Nunc
557 2622 759 2662 restat
804 2617 1200 2671 respondere
1246 2615 1619 2658 racionibus
1663 2626 1773 2667 per
1819 2610 2006 2654 domi-

234 2704 343 2734 nos
384 2690 754 2732 cardinales
797 2688 1117 2741 allegatis.

352 2774 405 2815 Et
436 2774 642 2827 primo,³¹)
676 2772 798 2825 quod
828 2772 1051 2813 utendum
1083 2775 1152 2813 est
1183 2770 1326 2812 rebus
1355 2769 1413 2812 ad
1444 2781 1592 2821 usum,
1621 2767 1681 2810 ad
1713 2778 1849 2820 quem
1881 2761 2005 2807 insti-

234 2847 328 2886 tute
359 2847 481 2886 sunt:
525 2847 594 2886 set
622 2844 707 2885 hoc
733 2843 979 2885 concilium
1008 2842 1267 2884 institutum
1294 2844 1365 2883 est
1395 2843 1440 2882 et
1468 2842 1677 2881 vocatum
1706 2850 1792 2891 pro
1819 2836 2005 2885 unione,

236 2915 576 2957 reformacione
609 2927 659 2956 ac
692 2914 940 2956 heresibus
973 2912 1279 2965 extirpandis,
1326 2911 1448 2964 Ergo
1478 2913 1561 2952 etc.

341 3056 370 3087 a)
393 3054 486 3080 unire
505 3054 610 3080 hintes
631 3053 760 3088 primo?
