2227 3434
473 144 517 179 D.
562 142 1211 187 Geschaftsordnungs-Vorschlage
1243 143 1305 177 fiir
1334 144 1402 177 das
1434 142 1580 178 Konzil.
1826 142 1910 185 743

207 305 210 307 ,
266 261 394 314 Item,
429 261 543 303 sicut
577 261 634 303 ab
669 261 806 303 inicio
840 260 1020 303 concilii
1055 260 1141 302 fuit
1175 260 1360 313 factum,
1395 260 1677 313 deputantur
1711 259 1768 301 de
1804 272 1911 313 qua-

148 330 259 374 libet
283 331 477 374 nacione
505 334 719 384 quattuor
745 335 790 373 et
816 331 872 373 de
899 331 1099 392 domini-s
1124 330 1441 373 cardinalibus
1465 334 1562 373 tres
1590 330 1796 372 mutandi
1823 330 1912 372 sin-

146 401 266 454 gulis
296 401 551 454 mensibus,
578 398 857 444 uno'tamen
889 401 947 443 de
977 401 1184 454 qualibet
1213 401 1406 443 nacione
1439 405 1670 453 manente,
1701 401 1778 453 qui
1810 412 1913 453 pre-

149 470 335 514 videant
352 475 400 514 et
418 471 695 525 provideant
714 471 795 514 illa
817 472 873 514 de
896 472 1064 525 quibus
1087 471 1175 514 erit
1196 471 1425 524 agendum
1451 472 1495 513 in
1515 471 1712 513 concilio
1732 474 1779 513 et
1800 470 1913 512 deli-

147 540 406 584 berandum
445 542 493 583 in
533 542 808 585 nacionibus
849 547 894 585 et
935 543 1014 584 illa
1056 542 1102 584 in
1144 542 1328 595 scri-ptis
1366 542 1552 585 tradant
1593 541 1789 595 quilibet
1828 554 1912 584 sue

146 611 327 654 nacioni
359 615 406 655 et
434 612 692 665 presidenti
726 612 852 654 illius
885 613 942 654 ad
975 611 1331 654 deliberandum
1362 612 1409 654 in
1442 612 1535 655 illis
1565 612 1791 665 nullaque
1823 612 1913 653 alia

146 685 400 725 tractentur
421 683 466 724 in
486 683 776 735 nacionibus,
797 683 886 725 nisi
908 684 1097 736 previsa
1117 696 1203 736 per
1224 683 1482 736 deputatos,
1504 682 1593 725 nisi
1615 682 1736 724 forte
1758 683 1914 735 aliqua

145 757 455 807 emergerent,
488 766 577 806 que
610 754 851 795 nac-ionem
886 753 1013 795 illam
1045 756 1184 796 totam
1217 756 1565 795 concernerent.
1610 753 1665 795 Et
1694 756 1801 795 tunc
1835 753 1915 794 illa

146 822 481 875 prevideantur
527 826 571 866 et
615 823 950 876 provideantur
995 836 1081 876 per
1127 826 1343 877 quattuor
1389 823 1634 876 deputatos
1677 826 1725 866 et
1769 822 1915 876 presi-

147 892 332 936 dentem
361 893 488 937 illius
515 894 736 936 nacionis.
778 894 907 937 Alias
935 894 1077 936 nichil
1107 894 1153 935 in
1183 893 1531 936 deliberacione
1558 897 1772 947 ponatur.

268 964 380 1006 Item
422 964 544 1017 quod
585 964 653 1006 illi
692 965 940 1018 generales
981 964 1187 1018 deputati
1229 977 1372 1018 super
1413 966 1554 1007 rebus
1595 964 1916 1006 deliberandis

145 1035 323 1077 nullam
347 1037 526 1088 partem
552 1035 726 1088 eligant
748 1048 901 1088 neque
926 1035 1270 1077 conclusionem
1294 1036 1438 1077 ullam
1462 1035 1634 1078 faciant
1659 1035 1742 1077 sed
1766 1035 1914 1077 solum

146 1104 422 1158 provideant
461 1106 703 1149 materiam
745 1105 1100 1148 deliberandam
1142 1109 1187 1148 et
1228 1105 1446 1148 iudicium
1489 1106 1734 1148 nacionum
1776 1105 1916 1148 relin-

146 1178 289 1228 quant
317 1175 547 1229 integrum
577 1179 623 1219 et
650 1176 865 1219 liberum.

267 1246 380 1289 Item
404 1246 527 1300 quod
549 1246 671 1289 inter
695 1248 800 1290 illos
825 1247 1068 1300 deputatos
1094 1247 1290 1300 singulis
1315 1247 1587 1300 septimanis
1613 1250 1658 1289 et
1681 1247 1737 1289 de
1763 1247 1916 1300 singu-

147 1316 205 1360 lis
239 1317 513 1361 nacionibus
550 1318 810 1360 successive
846 1331 967 1361 unu-s
1003 1317 1254 1371 presideat.

267 1387 380 1430 Item
410 1391 516 1442 post
548 1388 789 1431 conclusas
823 1392 867 1430 et
900 1389 1200 1432 concordatas
1233 1389 1452 1432 materias
1482 1401 1569 1442 per
1603 1401 1764 1431 omnes
1795 1389 1917 1431 naci-

147 1470 261 1500 ones
297 1461 343 1501 et
376 1458 423 1500 in
461 1458 644 1513 scriptis
681 1459 968 1502 concordatis
1004 1459 1216 1502 redactas
1254 1462 1299 1502 et
1334 1460 1635 1513 subscriptas,
1670 1463 1720 1502 ut
1754 1462 1917 1513 postea

147 1528 339 1582 dicetur,
360 1529 531 1583 prefati
552 1531 801 1583 generales
823 1530 1030 1584 deputati
1052 1530 1174 1573 diem
1197 1533 1399 1573 statuant
1421 1530 1644 1573 sessionis
1665 1530 1917 1584 generalis,

145 1611 237 1652 que
270 1599 406 1642 aliter
437 1613 530 1643 non
564 1600 660 1653 fiat,
692 1601 781 1644 nisi
815 1614 900 1654 per
931 1600 1279 1643 ordinacionem
1313 1601 1499 1643 illorum
1532 1614 1686 1654 neque
1718 1600 1803 1643 fiat
1832 1613 1918 1654 pro

145 1683 238 1713 una
269 1682 421 1724 causa,
453 1671 537 1713 sed
567 1671 752 1725 quando
782 1673 917 1726 plura
949 1672 1209 1714 deliberata
1240 1672 1415 1715 fuerint
1446 1675 1490 1714 et
1520 1672 1749 1715 conclusa.
1793 1672 1918 1713 Tunc

148 1741 297 1784 sessio
322 1735 577 1786 ordinetur.

269 1811 381 1854 Item
413 1812 536 1866 quod
568 1813 739 1866 prefati
772 1813 978 1867 deputati
1010 1814 1188 1856 nullam
1221 1814 1359 1856 aliam
1392 1814 1597 1856 habeant
1626 1816 1916 1866 potestatem.

266 1882 333 1925 De
363 1883 638 1926 ambaxiatis
668 1887 820 1926 autem
850 1888 894 1928 et
922 1885 1104 1937 litteris,
1134 1897 1222 1938 que
1252 1885 1548 1927 mitterentur
1576 1884 1633 1927 ad
1660 1884 1918 1936 concilium,

146 1955 310 2006 postea
341 1953 532 1997 dicetur.

269 2024 382 2067 Item
417 2025 540 2077 quod
575 2038 667 2068 non
704 2026 853 2068 solum
891 2027 936 2067 in
973 2026 1263 2068 sessionibus
1299 2025 1653 2079 sollempnibus,
1687 2038 1840 2078 ymmo
1874 2028 1919 2067 et

149 2107 241 2136 non
267 2095 605 2149 sollempnibus
629 2109 816 2149 semper
838 2096 1076 2149 presideat
1099 2109 1234 2148 unus,
1258 2100 1415 2149 utpote
1439 2097 1483 2138 d.
1508 2096 1919 2138 Vlcecancellarius

149 2165 223 2207 vel
249 2165 331 2209 illo
350 2164 547 2209 absente
573 2170 651 2209 aut
676 2167 899 2220 impedito
922 2166 1225 2210 constituatur
1250 2166 1383 2219 alius,
1409 2168 1486 2219 qui
1512 2179 1740 2220 responsa
1766 2166 1918 2217 faciat,

149 2236 336 2289 quando
361 2237 513 2280 statim
539 2238 711 2291 poterit
737 2238 1014 2291 responderi
1043 2251 1142 2280 cum
1172 2238 1519 2280 deliberacione
1546 2238 1847 2290 prelatorum,
1875 2240 1920 2279 et

147 2310 466 2360 proponentes
507 2308 648 2353 faciat
688 2309 952 2362 secederea)
998 2310 1071 2351 vel
1115 2309 1357 2362 negocium
1400 2309 1603 2351 remittat
1645 2308 1702 2351 ad
1744 2307 1919 2350 delibe-

149 2377 345 2420 randum
372 2378 421 2420 in
448 2378 736 2422 nacionibus.

269 2448 382 2491 Item
413 2449 537 2502 quod
567 2449 849 2503 deputentur
880 2450 1024 2504 aliqui
1054 2450 1280 2503 doctores,
1312 2453 1522 2493 oratores
1550 2463 1653 2492 cum
1686 2448 1918 2502 aliquibus

149 2521 195 2561 et
221 2518 483 2563 ambaxiate
510 2520 650 2562 misse
676 2522 885 2573 concilio,
911 2522 987 2574 qui
1017 2521 1122 2564 illas
1149 2521 1334 2563 deferat
1358 2521 1592 2574 deputatis
1618 2519 1918 2573 generalibus

150 2602 236 2642 per
261 2603 403 2632 unum
431 2603 489 2633 ex
517 2591 624 2634 illis.
663 2591 746 2642 Qui
777 2591 980 2644 deputati
1010 2594 1153 2635 totum
1179 2591 1421 2634 concilium
1449 2591 1621 2633 faciant
1645 2590 1917 2643 congregari

151 2659 208 2702 ad
247 2660 354 2703 illas
390 2660 662 2704 audiendas.
716 2661 765 2703 In
804 2663 1033 2704 communi
1070 2662 1179 2704 illas
1215 2665 1370 2704 tamen
1408 2675 1499 2703 non
1540 2661 1729 2703 audiant
1766 2672 1917 2712 neque

151 2729 330 2773 litteras
359 2731 585 2784 aperiant,
615 2732 802 2784 quando
830 2745 922 2774 non
955 2733 1047 2774 illis
1076 2732 1161 2775 sed
1189 2733 1269 2774 toti
1299 2732 1494 2774 concilio
1523 2731 1793 2784 dirigantur.

273 2800 385 2843 Item
418 2801 540 2854 quod
574 2802 854 2855 deputentur
888 2802 1030 2855 aliqui
1064 2803 1275 2845 doctores
1308 2805 1516 2845 oratores
1549 2814 1650 2843 cum
1685 2800 1919 2853 aliquibus

152 2870 525 2914 abreviatoribus
556 2884 642 2925 pro
670 2873 905 2914 servando
937 2873 1042 2916 stilo
1072 2873 1277 2915 Romane
1311 2872 1436 2914 curie
1472 2873 1514 2912 in
1549 2869 1808 2921 scribendo,
1841 2869 1917 2921 qui

154 2953 295 2994 super
329 2940 602 2984 deliberatis
636 2945 681 2984 et
714 2943 944 2985 conclusis
974 2942 1023 2984 ¹in
1057 2943 1272 2985 omnibus
1307 2941 1580 2984 nacionibus
1614 2940 1782 2994 scripta
1816 2952 1918 2992 pro-

259 3045 288 3073 ἢ)
311 3043 351 3069 So
374 3043 427 3070 17⁸.
