2102 3444
211 165 296 207 452
565 164 611 198 Π.
643 163 853 199 Abschniu.
897 163 1102 197 Sermones
1132 163 1281 197 concilii
1313 163 1631 198 Constanciensis.

212 284 380 325 virtute
405 283 461 324 de
486 283 736 336 purissimo
759 282 984 335 sanguine
1008 281 1282 324 intemerate
1307 282 1499 336 virginis
1524 283 1569 323 in
1593 286 1755 324 ventre
1778 283 1979 336 puellari

212 354 459 395 formatum
490 354 589 395 fuit.
636 353 758 395 Deus
787 352 929 394 voluit
958 364 1062 395 esse
1093 353 1483 395 dimensionatum
1513 365 1733 395 carneum
1761 365 1854 395 non
1883 353 1982 396 fan-

211 424 435 477 tasticum,
470 424 691 466 membris
727 423 949 476 linitumss)
986 427 1031 464 et
1063 423 1275 476 partibus
1310 423 1641 477 quantitativis,
1675 424 1982 477 integralibus

211 486 396 537 ossibus
417 498 464 536 et
486 494 644 536 nervis
667 495 1053 547 compaginatum,
1077 495 1199 547 quod
1223 507 1249 536 a
1273 495 1466 536 mortuis
1492 507 1744 548 resurgens
1857 507 1982 537 reas-

211 567 419 619 sumpsit.
454 565 581 616 Quod
605 565 650 606 in
674 577 804 607 sacra
827 565 976 607 hostia
997 565 1208 618 partibus
1234 566 1436 618 undique
1460 569 1676 607 constans
1698 566 1980 619 impartibile

210 637 412 689 propriis
439 636 684 689 speciebus
709 639 755 678 et
778 636 1094 679 accidentibus
1118 640 1441 689 commoratur,
1463 637 1633 679 alienis
1657 641 1812 679 tamen
1834 638 1982 679 occul-

209 710 350 749 tatum
378 706 638 759 speciebus,
664 719 723 748 ne
751 719 857 748 caro
883 707 1026 749 cruda
1053 710 1097 749 et
1122 708 1256 750 vivus
1282 708 1472 760 sanguis
1497 707 1741 749 horrorem
1768 707 1981 761 ingerant
2014 758 2018 760 ,

209 777 512 829 sumentibus,
542 777 674 820 adest
701 777 845 820 celica
870 781 1112 831 potestate.
1154 778 1287 820 Unde
1315 791 1437 831 papa
1465 778 1684 821 Urbanus
1709 779 1788 820 ubi
1818 791 1977 832 supra:

211 849 510 891 Manducatur
532 849 687 902 itaque
709 862 733 891 a
749 848 967 891 fidelibus
984 862 1041 893 sc.
1061 849 1286 902 Christus,
1304 849 1387 890 sed
1402 849 1590 890 minime
1606 850 1852 903 laceratur,
1867 850 1980 904 quin

207 932 358 972 ymmo
393 919 541 960 diviso
576 923 866 961 sacramento
902 920 1081 973 integer
1116 921 1201 962 sub
1235 920 1444 972 qualibet
1477 920 1719 962 divisionis
1753 920 1979 974 particula

206 994 481 1043 perseverat
503 990 728 1033 Christus.
764 991 901 1043 Ergo:
927 1003 1142 1044 „carnem
1166 991 1303 1032 sumit
1326 1004 1459 1043 unus,
1476 995 1664 1034 sumunt
1677 991 1822 1044 mille,
1836 1003 1979 1044 quan-

208 1066 301 1103 tum
343 1062 431 1113 isti,
471 1064 646 1103 tantum
688 1062 767 1103 ille
810 1062 892 1103 sed
932 1065 1114 1114 sumpta
1155 1074 1247 1103 non
1287 1062 1615 1115 consumitur“,
1656 1074 1792 1115 quem
1832 1063 1978 1104 eciam

207 1136 421 1184 „sumunt
459 1132 581 1185 boni,
621 1136 809 1174 sumunt
847 1133 954 1174 mali
994 1136 1119 1175 sorte
1158 1136 1311 1174 tamen
1350 1133 1641 1186 inequali“.¹)
1695 1133 1817 1187 Ergo
1853 1136 1979 1186 patet

206 1203 413 1256 veritate,
440 1204 563 1256 quod
589 1204 688 1256 ipsa
715 1203 886 1245 Christi
913 1216 1019 1245 caro
1047 1205 1092 1244 in
1119 1216 1251 1246 sacra
1275 1204 1424 1246 hostia
1450 1208 1519 1246 est
1545 1204 1749 1246 fractura
1776 1203 1977 1257 imp-arti-

207 1274 313 1316 bilis
340 1287 549 1316 connexa
579 1287 637 1315 ex
665 1274 891 1327 partibus,
921 1278 965 1316 et
995 1275 1058 1316 sic
1088 1275 1237 1316 solum
1265 1279 1334 1316 est
1364 1275 1802 1328 comprehensibilis
1831 1275 1976 1317 oculis

205 1346 500 1399 mentalibus,
525 1346 648 1398 quod
671 1345 759 1387 fuit
783 1349 1010 1398 quartum.

321 1416 428 1458 Dixi
464 1416 637 1469 quinto,
673 1417 797 1468 quod
831 1416 1003 1458 Christi
1039 1429 1146 1458 caro
1179 1420 1250 1459 est
1284 1417 1331 1458 in
1367 1416 1528 1459 altaris
1563 1419 1852 1459 sacramento
1887 1415 1976 1459 situ

203 1487 572 1540 multiplicabilis
606 1487 806 1530 diversis
839 1486 1065 1530 altaribus
1100 1521 1108 1529 .
1145 1521 1152 1529 .
1188 1521 1197 1529 .

320 1558 426 1599 Dixi
457 1561 588 1600 sexto
616 1563 662 1601 et
687 1558 849 1600 ultimo
877 1571 1064 1600 carnem
1095 1558 1265 1601 Christi
1296 1559 1343 1600 in
1372 1561 1663 1600 sacramento
1690 1559 1853 1601 altaris
1881 1557 1974 1600 exi-

204 1632 326 1671 stere
354 1632 545 1682 pastura
572 1629 909 1671 comestibilem
938 1630 1130 1672 sacratis
1159 1629 1410 1672 affectibus
1439 1663 1448 1671 .
1484 1663 1492 1671 .
1528 1663 1536 1671 .
1577 1629 1784 1671 Tandem
1811 1629 1975 1671 volens

203 1713 287 1742 nos
310 1713 470 1742 omnes
495 1713 576 1742 sue
599 1700 958 1742 immortalitatis
982 1700 1090 1741 fieri
1112 1701 1380 1754 participes,
1403 1713 1570 1753 corpus
1595 1713 1728 1742 suum
1752 1701 1799 1742 in
1822 1700 1973 1742 cibum

203 1774 247 1813 et
272 1771 545 1824 sanguinem
571 1784 704 1813 suum
730 1771 776 1812 in
801 1775 958 1824 potum
984 1771 1175 1813 contulit
1199 1771 1334 1813 nobis
1360 1770 1407 1812 in
1433 1771 1641 1813 edulium
1668 1770 1974 1825 spiritualiter

202 1841 489 1893 refectivum,
516 1842 639 1894 quod
663 1845 733 1884 est
758 1842 838 1884 ille
864 1841 999 1895 panis
1022 1843 1129 1895 vite,
1155 1842 1233 1895 qui
1258 1842 1315 1883 de
1340 1843 1545 1884 celorum
1571 1854 1750 1884 summo
1774 1841 1972 1895 fastigio,

203 1912 258 1953 de
285 1912 515 1965 supremis
541 1913 598 1954 ad
621 1926 727 1965 yma
752 1913 1044 1954 descendens
1071 1914 1117 1954 in
1142 1916 1273 1955 utero
1298 1912 1495 1966 virginio
1520 1912 1749 1966 figuratus
1773 1916 1844 1956 est
1865 1925 1972 1955 caro

205 1983 330 2036 (Sap.
356 1984 394 2024 7.
420 1984 543 2037 cap‘J)
572 1987 618 2026 et
640 1996 782 2037 super
806 1984 981 2037 lignum
1006 1984 1053 2025 in
1078 1996 1158 2026 ara
1183 1984 1333 2026 crucis
1356 1983 1658 2026 acerbissima
1679 1983 1900 2037 passione
1924 1984 1971 2025 in

200 2054 382 2096 clibano
412 2054 749 2096 ferventissimi
779 2055 951 2097 amoris
980 2054 1194 2096 decoctus
1224 2058 1308 2108 est,
1338 2057 1385 2096 ut
1412 2055 1549 2097 nobis
1577 2054 1806 2096 tribueret
1831 2054 1971 2096 vitam

199 2125 503 2176 perhenniter
536 2124 819 2178 duraturam,
854 2125 960 2178 quia
993 2126 1070 2178 qui
1104 2126 1224 2167 hunc
1256 2138 1425 2178 panem
1460 2125 1821 2179 manducaverit,
1854 2137 1970 2166 mor-

199 2198 290 2236 tem
317 2208 408 2237 non
434 2196 637 2248 gustabit
662 2196 708 2237 in
733 2199 948 2238 eternum
978 2196 1100 2249 (Joh.
1128 2196 1172 2238 6¹·
1197 2197 1335 2250 cap.).
1375 2196 1480 2248 Sed,
1509 2209 1535 2238 o
1561 2195 1778 2238 salutaris
1804 2195 1969 2248 hostia,

199 2279 287 2318 que
313 2267 402 2308 celi
429 2266 597 2319 pandis
623 2267 844 2320 ostium,²)
873 2270 922 2308 tu
947 2267 1150 2320 plurima
1169 2266 1438 2320 ingrederis
1463 2266 1684 2320 hospicia,
1709 2266 1790 2308 ubi
1814 2269 1969 2309 tamen

201 2337 289 2378 cibi
320 2336 502 2389 reperis
533 2340 713 2389 gratum
743 2337 1088 2379 habitaculum?
1134 2338 1248 2379 Num
1280 2337 1326 2379 in
1356 2337 1586 2391 nephario
1614 2340 1798 2391 gutture
1828 2336 1971 2379 scele-
1998 2372 2006 2377 .

202 2411 420 2459 ratorum,
464 2408 858 2460 blasphemorum,
902 2409 1225 2461 superborum,
1267 2408 1564 2461 invidiorum,
1607 2408 1970 2459 detrahencium‚

202 2477 543 2530 iracundorum,
578 2478 961 2531 symoniacorum,
993 2478 1264 2531 giezitorum
1299 2482 1376 2521 aut
1412 2480 1458 2520 in
1492 2479 1767 2521 detestanda
1800 2477 1970 2521 arteria

200 2549 482 2601 gulosorum,
517 2561 840 2602 venereorum,
874 2549 1285 2591 concubinatorum
1321 2550 1626 2602 sacerdotum,
1661 2549 1970 2603 ypocritorum

200 2618 538 2672 religiosorum,
583 2631 826 2661 avarorum
871 2620 1172 2672 prelatorum,
1213 2623 1517 2672 tyrannorum
1559 2619 1826 2662 sioieneium
1869 2630 1970 2662 san-

197 2690 383 2742 guinem
412 2691 677 2742 humanum,
708 2690 1031 2732 advocatorum
1049 2694 1093 2731 et
1108 2693 1459 2743 procuratorum
1477 2691 1851 2733 subvertencium
1868 2691 1967 2732 iura

199 2761 488 2813 pauperum?
531 2760 623 2803 Sed
651 2774 676 2801 o
704 2761 824 2802 bone
855 2761 968 2802 <Iesu
997 2760 1198 2814 domine,
1227 2774 1319 2803 non
1348 2764 1419 2803 est
1445 2761 1528 2803 tibi
1558 2774 1682 2815 cura,
1711 2762 1819 2814 quia
1846 2764 1967 2803 tran-

199 2831 324 2873 siens
359 2844 444 2884 per
478 2844 622 2883 aquas
657 2835 701 2873 et
735 2831 885 2873 undas
921 2831 1095 2873 fluidas
1131 2832 1263 2873 siccis
1300 2832 1499 2885 pedibus
1533 2845 1626 2874 non
1661 2831 1965 2885 immergeris,

303 2954 332 2972 η»
356 2947 407 2972 ,ΙΙίῖ
434 2947 569 2973 linitum.

319 3008 349 3048 1)
378 3007 459 3040 Ans
486 3008 555 3041 dei·
582 3006 753 3049 Sequen:
779 3008 848 3041 der
875 3007 1101 3041 Festmesse.

318 3067 349 3106 ²)
380 3065 459 3098 :lus
485 3066 570 3099 (lem
599 3066 853 3107 ses-(hymnus
879 3066 947 3099 der
973 3065 1133 3100 Laudes.
