2102 3444
211 104 297 147 520
566 103 609 136 ΙΙ.
643 102 852 136 Abschuitt.
895 101 1099 133 Sermones
1129 99 1278 133 concilii
1310 98 1628 133 Constanciensis.

214 221 509 272 spiraculum.
558 220 681 261 Intus
711 219 926 260 conclave
956 221 1080 259 tanta
1109 216 1278 269 quietis
1306 220 1350 258 et
1379 217 1505 269 pacis
1534 216 1830 270 religiositas,
1859 216 1981 270 quod

213 291 350 332 velud
380 291 609 343 quoddam
642 288 964 338 religiosorum
996 287 1316 328 dormitorium
1349 287 1607 340 videbatur,
1637 290 1770 329 extra
1800 288 1846 328 in
1877 287 1981 329 civi-

213 365 302 403 tate
329 364 452 403 tanta
480 361 717 407 securitas,
747 362 792 400 ut
817 371 907 410 quo
933 358 990 400 ad
1017 359 1099 399 hoc
1126 359 1272 410 magis
1299 357 1630 399 monasterium
1657 357 1980 410 religiosorum

212 433 282 472 vel
320 432 602 483 regularium
637 442 772 481 quam
807 429 965 470 civitas
998 428 1293 481 popularium
1329 431 1592 480 appareret.
1639 428 1767 480 Ecce,
1801 429 1982 470 exierat

212 503 408 543 edictum
436 514 459 543 a
486 513 645 542 cesare
671 503 877 552 augusto,
904 499 1120 552 quatinus
1146 499 1231 541 sub
1255 511 1378 552 *pena
1404 499 1564 541 mortis
1587 499 1747 541 nullus
1771 502 1980 551 tempore

212 572 457 613 eleccionis
493 571 581 612 nisi
621 571 868 623 deputatus
904 570 960 612 ad
1000 571 1146 611 locum
1183 569 1414 612 conclavis
1449 569 1704 621 accederet,
1740 570 1898 612 nullus
1934 569 1980 610 in

212 642 392 683 civitate
445 654 677 682 rumorem
731 641 1071 693 quantumlibet
1121 641 1301 682 exitare
1354 643 1662 692 presumeret,
1713 640 1872 682 nullus
1923 639 1980 681 ad

211 714 397 754 taxillos
423 712 619 764 luderet,
644 715 691 753 ut
717 712 845 753 nulla
872 711 1180 753 dissensionis
1205 711 1278 752 vel
1306 710 1505 752 rumoris
1531 711 1710 752 occasio
1733 711 1979 752 coleretur.

213 784 373 825 Pocius
425 783 702 824 videbantur
754 783 874 824 circa
926 782 1143 824 conclave
1194 781 1577 835 perambulantes
1627 793 1733 823 esse
1784 780 1980 823 ecclesie

211 854 387 896 wasalli
421 857 465 896 et
499 854 620 895 servi
656 853 857 895 humiles
891 865 1028 905 quam
1061 853 1299 905 principes
1330 855 1376 894 et
1409 851 1583 893 domini
1615 855 1707 894 tam
1742 850 1980 894 sublimes.

210 925 244 967 O
286 926 321 967 si
365 924 548 965 modum
590 924 726 965 huius
768 923 1016 965 eleccionis
1057 923 1175 965 circa
1218 923 1408 965 devotas
1450 923 1567 964 alias
1607 922 1981 964 circumstancias

210 995 352 1038 libeat
382 994 699 1047 contemplari,
729 994 972 1036 insistebat
1001 994 1058 1036 ad
1088 997 1219 1036 extra
1250 994 1402 1035 clerus
1432 997 1478 1035 et
1505 994 1706 1046 populus
1734 992 1981 1035 missarum

210 1066 469 1118 sacrificiis,
497 1065 805 1116 oracionibus,
834 1065 1021 1107 ieiuniis
1049 1068 1093 1106 et
1121 1064 1391 1106 elemosinis
1419 1064 1623 1106 divinam
1652 1063 1698 1105 in
1724 1064 1809 1106 hoc
1837 1075 1981 1116 opere

211 1136 574 1178 misericordiam
600 1136 922 1188 interpellans.
959 1136 1012 1177 Et
1035 1148 1141 1177 ecce
1168 1136 1212 1176 in
1238 1135 1311 1176 die
1337 1135 1460 1177 beati
1490 1134 1670 1176 Martini
1695 1137 1799 1188 post
1822 1133 1981 1176 missa-

210 1220 309 1248 rum
351 1207 623 1259 solempnia,
665 1210 767 1259 post
807 1207 937 1248 verbi
982 1206 1065 1247 Dei
1106 1206 1484 1248 exhortacionem
1523 1205 1729 1247 divinam
1767 1205 1981 1248 devotam

208 1278 447 1319 inchoatur
479 1277 698 1330 religiosa
730 1277 1009 1330 processioa)
1044 1290 1209 1319 versus
1242 1277 1474 1329 conclave,
1506 1279 1643 1329 prout
1674 1276 1856 1319 duabus
1886 1276 1981 1318 die-

208 1348 293 1391 bus
325 1347 684 1400 precedentibus
716 1348 887 1390 factum
920 1348 1085 1390 fuerat.
1131 1348 1345 1389 Precedit
1375 1360 1628 1400 puerorum
1659 1347 1980 1389 innocencium

211 1419 468 1471 multitudo,
514 1419 609 1461 suis
652 1419 842 1461 vocibus
884 1422 1044 1461 tonant
1088 1431 1172 1471 per
1215 1418 1391 1471 nubila,
1435 1419 1560 1460 celos
1605 1421 1838 1471 rumpunt,
1883 1451 1890 1460 .
1927 1451 1935 1460 .
1971 1451 1979 1458 .

208 1489 393 1532 Osanna
425 1490 638 1542 inquiunt
671 1491 717 1531 in
748 1489 966 1542 excelsis,
999 1490 1289 1541 clericorum,
1323 1489 1663 1542 religiosorum,
1694 1488 1981 1542 prelatorum

208 1560 390 1613 ympnis
424 1561 675 1603 celestibus
709 1561 844 1602 turba
877 1561 1191 1613 prosequitur,
1227 1560 1530 1613 subsequitur
1561 1560 1806 1612 utriusque
1840 1571 1981 1602 sexus

209 1631 449 1684 popularis
483 1632 687 1685 devocio,
722 1644 810 1684 que
847 1631 1147 1685 singultuosis
1181 1630 1442 1684 gemitibus,
1478 1631 1584 1672 dum
1621 1630 1833 1672 silienter
1867 1632 1981 1682 orat,

209 1702 409 1744 clamore
436 1702 592 1745 valido
617 1702 773 1744 divine
800 1702 1051 1744 clemencie
1078 1715 1217 1745 aures
1242 1703 1444 1755 pulsant.
1486 1701 1711 1744 Mirantur
1735 1704 1781 1743 et
1806 1703 1982 1743 mutan-

209 1777 282 1815 tur
322 1786 497 1825 omnes,
537 1786 623 1826 per
669 1786 779 1826 quos
822 1774 987 1816 devota
1029 1773 1194 1815 transit
1235 1773 1488 1826 processio,
1529 1772 1684 1815 fluunt
1723 1771 1830 1814 hinc
1872 1771 1980 1814 inde

210 1844 397 1885 lacrime
426 1844 608 1897 ympnis
638 1848 683 1886 et
711 1844 899 1886 canticis
928 1857 1069 1886 suave
1100 1843 1373 1887 sonantibus
1402 1843 1597 1886 ecclesie
1627 1843 1818 1886 vocibus
1843 1843 1981 1884 vehe-

211 1918 390 1956 menter
431 1915 604 1967 affecti,
645 1915 901 1957 tunduntur
944 1915 1159 1958 manibus
1199 1918 1402 1968 pectora,
1444 1914 1686 1968 eriguntur
1726 1914 1882 1957 vultus
1923 1913 1981 1956 ad

210 1984 365 2028 sidera
393 1989 437 2027 et
463 1986 568 2038 plus
594 1985 710 2028 votis
738 1998 874 2038 quam
902 1986 1091 2029 vocibus
1119 1986 1311 2039 spiritus
1338 1986 1483 2028 sancti
1509 1985 1664 2039 gracia
1691 1985 1979 2038 imploratur.

215 2056 337 2097 Inter
370 2056 455 2098 hec
493 2056 716 2099 Martinus
751 2057 962 2110 pontifex
998 2057 1055 2099 ad
1090 2057 1287 2109 literam,
1323 2056 1537 2099 dominus
1571 2056 1720 2098 frater
1757 2055 1981 2097 Martinus

210 2127 552 2170 Attrebatensis
595 2127 854 2180 episcopus,
898 2129 975 2181 qui
1019 2128 1092 2169 die
1138 2129 1218 2170 illa
1260 2127 1398 2169 huius
1441 2127 1727 2169 celebritatis
1769 2114 1980 2169 officium

210 2197 424 2250 faciebat,
474 2197 670 2239 aliorum
717 2198 991 2250 pontificum
1042 2202 1087 2240 et
1136 2199 1422 2251 prelatorum
1470 2198 1670 2240 vallatus
1719 2195 1981 2239 reverenda

210 2268 426 2310 catherva
459 2268 517 2310 ad
547 2268 749 2310 hostium
780 2269 1011 2312 conclavis
1045 2269 1219 2312 accedit
1253 2272 1298 2312 et
1331 2281 1473 2322 super
1505 2269 1734 2311 electores
1765 2267 1981 2311 benedic-

210 2339 368 2381 ciones
394 2339 576 2381 divinas
605 2340 782 2382 instans
808 2340 1026 2392 precibus
1053 2353 1217 2393 preces
1245 2340 1415 2393 ingerit
1438 2339 1546 2382 altis
1572 2339 1763 2382 vocibus
1787 2337 1980 2392 spiritus

211 2410 355 2451 sancti
389 2409 589 2462 graciam
625 2410 894 2452 invocando.
943 2410 1149 2453 Audiunt
1181 2411 1266 2452 hec
1301 2410 1455 2453 omnia
1489 2411 1719 2453 electores
1752 2409 1810 2452 ab
1842 2409 1980 2462 intra,

211 2479 287 2532 qui
318 2479 466 2522 adhuc
497 2481 608 2523 satis
640 2493 663 2523 a
695 2481 939 2523 concordia
968 2482 1105 2534 longe
1137 2484 1283 2534 erant,
1316 2494 1477 2523 eorum
1505 2493 1599 2524 non
1629 2480 1861 2523 immerito
1891 2483 1981 2523 stu-

211 2553 375 2603 pentes
414 2553 594 2593 mentes
631 2554 990 2604 commoventur,
1028 2552 1222 2605 viscera,
1261 2552 1399 2595 corda
1437 2552 1708 2605 molescunt,
1746 2553 1982 2594 mutantur

209 2624 313 2663 vota
344 2620 611 2673 devocione,
642 2621 903 2674 liquescunt
934 2622 1183 2675 animique,
1215 2635 1357 2676 super
1387 2623 1546 2665 oculos
1576 2622 1754 2665 stillant
1781 2624 1980 2676 gutture,

211 2692 416 2744 suplices
450 2692 507 2734 ad
542 2694 715 2734 terram
750 2692 946 2735 flectunt
981 2696 1026 2734 et
1062 2693 1118 2735 ad
1156 2694 1304 2735 Deum
1336 2706 1504 2736 manus
1537 2692 1810 2747 extendunt,
1845 2705 1897 2735 os
1933 2692 1980 2734 in

210 2761 425 2805 oracione
459 2762 688 2815 aperiunt,
720 2766 768 2805 ut
801 2763 1013 2816 spiritum
1045 2767 1252 2806 sanctum
1286 2765 1517 2807 attrahant
1548 2763 1827 2807 venientem.
1871 2763 1982 2805 Erat

211 2836 317 2875 tunc
337 2833 451 2876 hora
474 2834 617 2876 tercia
638 2834 733 2887 illa,
755 2833 801 2875 in
823 2846 912 2887 qua
935 2834 1091 2887 tercia,
1115 2834 1170 2876 de
1194 2847 1283 2887 qua
1306 2847 1518 2888 ympnus,
1541 2834 1649 2877 dum
1668 2835 1784 2877 hora
1806 2834 1980 2877 cunctis

210 2903 352 2946 tercia
394 2907 588 2957 repente
630 2904 830 2947 mundus
872 2904 1049 2947 intonat
1090 2905 1331 2947 orantibus
1373 2906 1561 2960 populis
1602 2905 1749 2948 Deum
1792 2905 1978 2948 venisse

278 2988 378 3040 ὧῆἶὲῑ
398 3006 481 3041 folJJt
502 3008 543 3034 et.
