2227 3434
559 217 596 251 B.
633 217 710 252 Der
731 218 831 252 liber
850 221 1042 262 gestorum
1066 219 1135 253 des
1157 217 1398 253 Cerretanus.
1777 220 1861 262 277

99 336 335 390 sapienter
375 334 645 388 gubernans
685 338 730 377 et
769 335 971 389 benigne
1014 335 1310 389 dispensans:
1372 336 1545 378 Idcirco
1587 349 1672 390 pro
1715 338 1862 390 ipsius

96 406 250 460 gracia
271 405 522 449 obtinenda
545 417 721 448 summe
744 406 1050 448 laborandum
1073 410 1155 449 est.
1189 406 1333 458 Quam
1355 410 1403 448 ut
1424 407 1656 460 possimus
1678 407 1862 449 facilius

97 477 308 519 obtinere
335 475 393 518 ad
420 478 613 518 matrem
642 476 968 519 misericordie⁴
989 477 1286 519 devotissime
1314 490 1623 530 recurramus,
1652 481 1712 530 ut,
1741 478 1863 531 quod

95 546 266 590 nostris
295 547 474 590 meritis
503 559 596 589 non
627 547 850 599 valemus,
881 548 983 589 eius
1016 583 1022 590 .
1060 582 1067 589 .
1104 582 1111 589 .
1144 547 1418 591 efficacibus
1450 548 1863 591 intercessionibus

95 630 413 671 assequamur.
449 617 694 671 Ipsamque
718 619 972 660 salutemus
994 619 1277 661 salutacione
1300 619 1557 672 seraphica,
1579 619 1862 662 salutacione

95 688 342 731 cherubica
361 692 406 730 et
426 688 710 731 salutacione
732 690 1015 742 ewangelica
1037 690 1244 732 dicentes
1265 689 1406 732 flexis
1426 690 1624 743 genibus
1643 693 1691 733 et
1710 693 1863 732 mente

96 771 278 801 amena:
323 759 420 802 Ave
453 758 599 802 Maria
629 760 784 813 gracia
815 759 970 812 plena.

212 830 280 872 Tu
307 832 460 872 autem
485 843 587 872 cum
618 831 799 874 ieiunas
826 834 908 875 etc,
935 831 1014 873 ubi
1044 844 1198 884 supra.

213 901 461 954 Postquam
494 901 620 944 Deus
652 902 960 955 omnipotens,
990 905 1124 955 pater
1155 905 1359 954 eternus,
1391 915 1552 945 verum
1585 902 1864 956 principium

97 971 198 1014 sine
221 971 451 1026 principio
475 972 532 1014 de
556 972 729 1014 nichilo
752 973 926 1014 creavit
950 973 1185 1025 mundum,
1210 974 1350 1026 paulo
1375 976 1479 1026 post
1502 973 1736 1016 ineffabili
1760 986 1864 1028 pre-

96 1042 273 1085 visione
297 1046 343 1085 et
367 1042 668 1086 ordinacione
694 1043 894 1086 mirifica
918 1044 1166 1097 plasmavit
1190 1044 1439 1096 hominem,
1466 1044 1542 1097 qui
1568 1057 1677 1098 pars
1705 1045 1862 1087 mundi

97 1117 180 1167 est,
206 1113 262 1156 de
288 1114 435 1156 rubea
458 1117 585 1157 terra
611 1114 668 1157 ad
694 1115 956 1167 ymaginem
982 1118 1027 1157 et
1053 1114 1403 1157 similitudinem
1431 1128 1561 1157 suam
1586 1129 1671 1169 per
1697 1129 1864 1158 memo-

96 1184 225 1237 riam,
254 1184 610 1238 intelligentiam
640 1188 688 1227 et
717 1186 1000 1227 voluntatem
1032 1199 1056 1228 a
1087 1187 1278 1228 miseria
1309 1189 1354 1228 et
1385 1187 1618 1228 coactione
1650 1186 1863 1237 liberum,

98 1256 143 1298 in
176 1258 296 1299 statu
329 1256 613 1310 innocencie,
648 1257 730 1298 sed
763 1269 854 1299 non
889 1257 933 1298 in
968 1259 1086 1299 statu
1119 1260 1284 1299 nature
1318 1257 1551 1310 conlapse.
1598 1257 1681 1300 Cui
1715 1259 1864 1300 locum

98 1326 303 1380 paradisi
323 1327 562 1370 terrestris
582 1328 835 1380 assignavit
854 1340 939 1381 pro
958 1328 1252 1370 habitacione
1274 1329 1526 1381 tranquilla
1549 1341 1599 1371 ac
1620 1329 1864 1371 mulierem

96 1397 152 1440 de
186 1397 333 1452 ipsius
365 1399 513 1440 latere
544 1397 789 1441 formatam
825 1399 882 1440 ad
914 1399 1303 1452 propagacionem
1337 1399 1647 1441 innovandam
1680 1399 1727 1441 in
1762 1412 1864 1441 con-

97 1471 267 1511 sortem
296 1472 341 1512 et
369 1468 647 1511 adiutorium
678 1470 766 1511 sibi
797 1469 936 1512 dedit.
977 1470 1061 1511 Hic
1090 1483 1290 1523 namque
1319 1470 1457 1512 homo
1484 1471 1639 1512 taliter
1668 1473 1864 1521 creatus,

96 1551 241 1593 capax
268 1539 570 1582 beatitudinis
600 1540 748 1584 factus
777 1544 823 1583 et
851 1540 1070 1583 bonitatis
1099 1541 1239 1584 heres
1267 1541 1503 1584 institutus
1533 1541 1758 1584 creaturis
1787 1554 1865 1583 no-

96 1610 219 1654 mina
245 1610 372 1654 dedit
397 1614 534 1665 atque
561 1612 607 1653 in
633 1613 702 1655 eis
727 1615 1002 1665 potestatem
1031 1613 1218 1665 accepit.
1260 1612 1312 1654 In
1340 1612 1519 1655 deliciis
1546 1612 1761 1655 florentis
1787 1626 1865 1666 pa-

98 1681 240 1726 radisi
260 1683 532 1736 permansit,
555 1683 632 1725 ubi
661 1683 782 1725 inter
806 1683 1074 1726 redolentes
1099 1686 1352 1725 aromatum
1379 1683 1521 1726 silvas
1547 1697 1596 1726 ac
1620 1685 1863 1726 vernantia

97 1752 294 1796 floribus
322 1766 432 1796 arva
459 1753 578 1796 rosis
603 1754 836 1796 habitator
861 1767 979 1796 nove
1007 1755 1098 1796 vite
1124 1754 1292 1807 gaudia
1317 1754 1612 1808 peragebat1)
1644 1789 1651 1796 .
1688 1789 1696 1796 .
1733 1788 1740 1796 .

212 1824 272 1868 Ut
300 1824 439 1878 igitur
467 1825 524 1867 ad
553 1824 758 1878 paradisi
789 1825 971 1879 gaudia,
1002 1839 1025 1867 a
1057 1825 1225 1879 quibus
1256 1825 1548 1877 recessimus,
1578 1825 1734 1867 redire
1762 1825 1865 1867 feli-

97 1894 209 1938 citer
236 1895 489 1948 valeamus,
518 1895 737 1949 magister
765 1900 924 1938 noster
951 1896 1103 1950 quoad
1132 1897 1219 1939 tria
1248 1896 1295 1938 in
1323 1897 1481 1939 verbis
1508 1896 1751 1950 premissis
1780 1909 1864 1941 nos

99 1965 243 2021 docet,
266 1966 453 2010 instruit
476 1970 521 2010 et
544 1966 777 2010 informat.

212 2036 368 2080 Primo
395 2050 596 2091 namque
626 2051 711 2081 nos
743 2038 962 2081 informat
993 2039 1050 2081 ad
1080 2038 1233 2081 carnis
1264 2039 1599 2081 abstinenciam
1631 2051 1717 2092 per
1745 2039 1865 2080 cibo-

99 2120 198 2150 rum
224 2109 509 2162 parcitatem.

213 2177 426 2223 Secundo
460 2180 517 2223 ad
553 2180 719 2223 mentis
756 2181 956 2222 leticiam
991 2193 1076 2234 per
1110 2180 1212 2223 eius
1248 2180 1601 2233 simplicitatem.

213 2250 375 2293 Tercio
404 2250 462 2294 ad
490 2252 733 2304 utriusque
763 2251 1041 2294 mundiciam
1074 2264 1159 2305 per
1189 2251 1444 2293 eorundem
1474 2252 1736 2304 puritatem.

214 2321 370 2365 Primo
393 2321 562 2376 probat
586 2322 747 2365 ieiunii
776 2322 1008 2376 susceptio
1035 2322 1114 2364 ibi:
1145 2323 1211 2364 Tu
1239 2326 1390 2365 autem
1418 2335 1519 2364 cum
1546 2323 1741 2365 ieiunas.

213 2391 473 2436 Secundum
507 2393 674 2447 probat
705 2393 963 2446 spiritualis
993 2394 1162 2446 unctio,
1196 2393 1276 2435 ibi:
1312 2406 1433 2447 unge
1467 2397 1603 2447 caput
1634 2397 1775 2435 tuum.

215 2463 425 2506 Tercium
460 2464 627 2517 probat
660 2477 770 2507 vera
806 2464 1001 2517 ablucio,
1037 2464 1117 2506 ibi:
1166 2463 1334 2506 faciem
1367 2467 1491 2507 tuam
1528 2465 1631 2506 lava
1667 2499 1675 2506 .
1712 2498 1719 2506 .
1756 2498 1763 2505 .

214 2533 305 2576 Per
331 2569 339 2577 .
376 2569 384 2577 .
420 2573 426 2579 .
454 2534 677 2578 ieiunium
703 2536 841 2578 homo
865 2535 1073 2577 efficitur
1099 2547 1264 2578 servus
1289 2535 1372 2577 Dei
1400 2538 1444 2577 et
1469 2535 1655 2578 celestis
1681 2535 1767 2577 cibi
1795 2547 1864 2576 re-

102 2604 345 2647 fectionem
381 2609 599 2648 meretur.
646 2606 719 2649 Sic
753 2607 926 2659 Helyas
963 2619 1046 2660 per
1082 2619 1282 2658 corvum,
1318 2605 1508 2659 Egidius
1544 2619 1628 2659 per
1663 2618 1863 2653 cervum,

100 2674 282 2719 Blasius
314 2689 399 2730 per
432 2689 556 2729 aves,
594 2677 736 2720 Maria
774 2677 1047 2730 Magdalena
1082 2689 1166 2731 per
1201 2677 1394 2730 angelos
1427 2677 1553 2718 XXX
1587 2689 1733 2719 annos
1767 2677 1864 2717 Deo

101 2744 286 2789 favente
310 2747 588 2790 mirabiliter
611 2752 717 2791 sunt
739 2747 915 2791 refecti.
951 2748 1068 2799 Quid
1093 2751 1244 2791 autem
1269 2749 1445 2790 senciat
1466 2751 1603 2800 poeta
1626 2748 1863 2789 laureatus

103 2815 371 2861 Franciscus
402 2818 652 2862 Petrarcha
685 2819 742 2861 de
774 2820 1003 2872 corporali
1036 2818 1224 2871 ieiunio,
1256 2832 1348 2860 non
1380 2818 1630 2867 obmittam,
1664 2818 1739 2870 qui
1774 2830 1864 2859 ma-

100 2886 241 2938 gistro
270 2888 469 2932 Johanni
501 2890 667 2932 artium
697 2893 742 2932 et
773 2889 999 2932 medicine
1029 2889 1218 2942 doctori,
1248 2889 1425 2932 medico
1453 2901 1574 2942 pape
1610 2888 1861 2930 Innocentii

103 2958 217 3000 sexti
247 2958 530 3013 infrascripti
559 2962 736 3002 tenoris
764 2960 1008 3013 epistolam
1038 2960 1304 3002 destinavit:

221 3063 252 3103 ¹)
290 3063 383 3105 7⁰19!
422 3064 671 3106 Schilderunq
707 3067 776 3098 des
813 3064 1060 3107 Silnrlenfalls
1097 3066 1173 3098 und
1211 3065 1339 3099 semer
1376 3064 1529 3106 famen.
1580 3062 1864 3105 :inschliessend

107 3117 298 3163 Mahnuny
321 3131 385 3156 zur
411 3123 525 3166 Busse.
