2102 3444
238 152 322 194 728
676 149 742 183 III.
775 147 984 183 Abschnitt.
1027 146 1180 181 Rel'orm
1212 146 1289 180 und
1322 146 1570 190 Verfassung.

238 269 311 311 ale
340 281 460 321 papa
491 267 701 309 redditur
730 265 1012 319 illegitimus,
1041 265 1126 306 hoc
1155 269 1226 307 est
1254 264 1495 317 illegitime
1525 264 1754 318 residens,
1782 266 1855 307 vel
1885 265 2007 318 quod

239 352 358 391 papa
391 339 535 379 eciam
568 337 771 389 legitime
802 335 1075 388 presidente
1107 338 1153 377 et
1183 334 1422 377 residente
1454 335 1699 377 concilium
1729 336 1872 380 habet
1902 349 2008 379 exe-

240 409 489 460 cucionem,
517 408 641 460 quod
669 410 737 450 est
766 410 923 448 contra
950 405 1140 448 terciam
1169 406 1498 448 assercionem.

357 480 577 520 Preterea
605 479 640 521 si
668 465 891 520 correctio
916 478 1089 521 abusus
1113 476 1357 530 potestatis
1382 477 1567 530 papalis
1593 477 1798 530 pertinet
1818 477 1880 520 ¹ad
1905 490 2008 520 con-

240 550 407 602 cilium,
435 562 580 602 quero
608 548 722 591 sicut
749 548 892 601 prius,
921 547 1046 601 quid,
1075 548 1111 591 si
1143 547 1311 600 aliquis
1341 547 1475 600 dicat,
1504 547 1627 601 quod
1654 560 1777 602 papa
1804 548 2009 591 abutitur

239 623 479 673 potestate,
505 633 626 673 papa
651 632 763 662 vero
790 619 922 672 dicat,
957 617 1121 673 [quod]
1155 631 1309 671 ymmo
1332 618 1474 660 utitur
1498 622 1741 672 potestate,
1765 619 1897 662 cuius
1921 619 2008 662 erit

241 690 487 733 iudicium‘.>
534 690 580 732 Si
614 691 805 742 dicatur,
840 690 961 742 quod
993 701 1131 742 pape,
1163 693 1269 731 tunc
1301 702 1539 743 nunquam
1576 689 1853 743 invenietur,
1887 689 2008 744 quod

238 761 487 805 committat
517 761 720 814 aliquem
753 761 967 812 abusum;
999 761 1040 803 -si
1073 759 1268 814 concilii,
1301 761 1363 802 ita
1396 760 1520 813 quod
1552 760 1609 802 ad
1642 760 1885 804 concilium
1915 773 2008 804 non

238 833 306 874 sol
316 845 387 874 um
412 832 613 885 pertinet
636 831 858 874 correctio
882 832 1056 874 abusus
1079 844 1242 873 verum
1266 831 1412 873 eciam
1438 830 1656 873 iudicium
1680 843 1823 885 super
1845 832 2008 885 abusu,

239 904 353 945 sicut
388 916 472 945 nec
507 906 659 955 potest
695 903 833 945 aliter
867 902 988 955 fieri,
1025 905 1132 944 tunc
1170 902 1393 955 sequitur,
1430 902 1554 955 quod
1590 902 1833 945 concilium
1868 902 2008 946 habet

239 974 579 1026 execucionem,
608 974 753 1016 eciam
781 973 966 1026 quando
993 986 1116 1026 papa
1140 985 1235 1015 non
1262 976 1390 1015 errat
1417 974 1463 1015 in
1491 973 1591 1016 fide
1615 986 1703 1015 1100
1730 976 1803 1016 031
1827 973 2009 1027 illegiti-

239 1048 387 1087 matus
416 1057 569 1097 neque
602 1043 842 1097 depositus
873 1057 958 1086 nec
991 1044 1128 1087 sedes
1160 1044 1412 1097 apostolica
1443 1049 1587 1097 vacat,
1619 1044 1805 1098 quando
1836 1044 2010 1088 scilicet

239 1115 463 1158 iudicaret
490 1128 582 1157 non
614 1128 719 1158 esse
751 1116 962 1167 abusum,
992 1115 1082 1165 vel,
1113 1115 1153 1158 si
1185 1118 1257 1158 est
1288 1115 1476 1168 abusus,
1507 1128 1601 1158 non
1633 1119 1704 1159 est
1732 1115 1855 1169 talis,
1886 1115 2008 1169 quod

240 1186 403 1229 reddat
421 1199 589 1240 papam
613 1187 966 1239 illegitimatum.
1001 1185 1080 1228 Set
1099 1186 1220 1228 forte
1243 1186 1570 1240 respondetur,
1592 1186 1713 1240 quod
1734 1187 1819 1229 hoc
1840 1186 2008 1230 dictum

239 1270 328 1299 non
368 1257 642 1310 intelligitur
680 1257 736 1299 de
776 1257 1001 1300 abusibus
1037 1257 1295 1300 commissis
1333 1261 1403 1300 set
1439 1257 1496 1299 de
1532 1257 1637 1311 hiis,
1676 1258 1753 1311 qui
1792 1257 2008 1301 committi

238 1331 444 1381 possunt,
477 1329 551 1370 vel
585 1328 707 1381 quod
740 1341 832 1370 non
864 1327 1141 1382 intell-igitur
1174 1328 1230 1370 de
1264 1329 1504 1382 preteritis
1535 1331 1608 1371 set
1640 1328 1698 1370 de
1730 1328 1916 1382 futuris,
1947 1327 2009 1372 ita

240 1399 361 1452 quod
396 1399 638 1441 concilium
672 1402 825 1452 potest
858 1399 1102 1442 declarare
1135 1402 1181 1442 et
1214 1402 1436 1452 statuere,
1470 1399 1517 1441 in
1554 1399 1722 1453 quibus
1756 1399 1900 1443 rebus
1933 1399 2008 1442 ve¹l

240 1470 415 1512 actibus
451 1469 669 1513 consistat
703 1470 876 1513 abusus
909 1471 1154 1524 potestatis
1188 1473 1235 1513 et
1268 1471 1376 1514 illos
1410 1471 1644 1524 corrigere
1677 1473 1726 1514 et
1753 1470 2008 1525 prohibere

238 1553 323 1594 per
351 1554 483 1583 suum
513 1541 762 1584 decretum.
803 1541 859 1585 Et
886 1554 944 1583 ex
973 1541 1062 1584 isto
1090 1542 1314 1595 sequitur,
1345 1541 1481 1595 quod,
1511 1541 1739 1595 quidquid
1767 1540 2009 1584 concilium

239 1612 468 1665 prohibet,
488 1624 611 1666 papa
631 1625 692 1654 ne
713 1612 866 1665 faciat,
889 1612 1006 1655 illud
1028 1612 1128 1666 ipse
1149 1625 1243 1655 non
1262 1615 1417 1666 potest
1436 1613 1610 1666 facere,
1633 1626 1735 1655 cum
1754 1612 1816 1656 sit
1833 1612 2009 1656 abusus

237 1684 492 1737 potestatis,
521 1682 611 1725 nisi
642 1683 723 1726 illa
751 1683 1014 1736 prohibicio
1039 1683 1102 1727 sit
1131 1686 1289 1727 contra
1319 1685 1472 1738 legem
1500 1684 1765 1727 naturalem
1793 1684 1869 1727 vel
1899 1682 2009 1727 divi·
2049 1700 2051 1703 ¹

238 1766 358 1806 nam,
402 1754 459 1796 ad
502 1754 623 1807 quod
664 1757 871 1807 potestas
913 1755 1095 1797 concilii
1140 1768 1189 1798 se
1232 1768 1327 1798 non
1370 1755 1593 1799 extendit.
1651 1755 1705 1798 In
1748 1755 1857 1799 a¹liis
1898 1767 2009 1798 vero

238 1828 442 1877 potestas
482 1838 605 1879 pape
646 1826 882 1878 dependet
922 1840 947 1869 a
988 1829 1217 1880 potestate
1257 1826 1441 1869 concilii
1483 1826 1637 1880 quoad
1677 1826 2009 1869 correctionem

241 1895 414 1939 abusus
432 1899 479 1938 et
496 1909 582 1950 per
603 1909 894 1950 consequens
916 1898 1028 1941 talia
1049 1898 1238 1940 decreta
1255 1898 1439 1940 concilii
1459 1898 1607 1951 ligant
1626 1910 1795 1952 papam
1816 1897 2008 1940 invitum

237 1970 284 2009 et
313 1971 667 2020 repugnantem3
701 1972 747 2011 et
777 1969 841 2011 sic
871 1982 994 2022 papa
1025 1969 1230 2023 legitime
1260 1969 1533 2022 presidente
1564 1972 1610 2012 et
1636 1968 1878 2012 residente
1906 1980 2009 2011 con-

239 2038 393 2080 cilium
427 2039 568 2081 habet
602 2040 930 2082 execucionem
965 2043 1012 2082 et
1041 2044 1198 2093 «1101031
1234 2041 1497 2094 approbare
1535 2043 1581 2083 et
1613 2040 1828 2082 diffinire
1861 2039 2008 2083 eci-am

238 2122 360 2162 papa
387 2110 591 2163 nolente,
622 2110 745 2163 quod
772 2114 847 2154 est
874 2114 1034 2154 contra
1065 2111 1255 2154 terciam
1287 2115 1334 2155 et
1363 2115 1575 2164 quartam
1607 2110 1912 2154 asserciones.
1954 2110 2009 2153 Et

240 2181 436 2222 ulterius
459 2182 681 2234 sequitur,
705 2182 828 2235 quod
846 2182 1094 2225 concilium
1114 2186 1268 2236 1101031
1288 2195 1381 2225 11011
1406 2183 1554 2225 solum
1578 2182 1815 2236 corrigere
1833 2181 2008 2225 *abusus

247 2250 351 2304 [sed
393 2251 556 2306 eciam]
602 2253 869 2295 *diminuere
908 2256 1185 2306 potestatem
1227 2267 1362 2307 pape,
1404 2253 1615 2307 quamvis
1656 2254 1716 2297 sit
1751 2253 1796 2296 ei
1837 2252 1943 2296 data
1982 2265 2006 2295 a
2046 2254 2061 2258 “

242 2321 440 2374 Christ03
466 2326 510 2365 et
530 2323 629 2377 hoc,
654 2324 689 2366 si
714 2324 959 2368 interdicat
982 2324 1024 2366 ei
1049 2324 1239 2378 aliquid,
1263 2325 1386 2378 quod
1409 2324 1541 2378 prius
1562 2325 1654 2367 <sibi
1679 2324 1862 2377 licebat,
1886 2322 2007 2377 quod

241 2393 345 2434 ideo
380 2393 466 2435 sibi
502 2397 663 2447 postea
699 2408 790 2437 non
827 2395 1000 2449 licebit,
1035 2397 1110 2438 vel
1146 2395 1255 2449 quia
1291 2396 1511 2438 iudicavit
1542 2408 1652 2438 esse
1689 2395 1898 2449 abusum,
1932 2393 2007 2437 vel

241 2463 360 2515 quia,
399 2477 499 2506 cum
537 2465 683 2518 possit
719 2478 824 2508 eum
860 2466 960 2509 suis
1000 2466 1200 2510 decretis
1238 2467 1401 2521 ligare,
1436 2466 1694 2520 prohibuit3
1732 2469 1781 2509 01
1815 2466 1902 2510 1100
1937 2466 2008 2508 031

240 2538 395 2577 contra
427 2535 544 2578 dicta
576 2549 660 2589 per
694 2537 844 2589 Ipsum
877 2537 1114 2580 dominum
1145 2541 1441 2581 assertorem.

359 2605 470 2647 ltem
504 2606 668 2649 dicitur
700 2608 745 2649 in
778 2607 891 2661 fine,
923 2609 1046 2661 quod
1075 2622 1168 2651 non
1201 2612 1272 2651 est
1301 2609 1474 2652 falsum
1504 2622 1591 2651 nec
1622 2608 1800 2651 fatuum
1830 2610 2006 2660 tenere,

240 2676 362 2727 quod
388 2679 594 2728 potestas
623 2679 863 2721 executiva
893 2692 1014 2733 pape
1044 2680 1249 2734 legitime
1280 2680 1566 2733 presidentis
1596 2682 1641 2722 et
1670 2678 1921 2722 residentis
1950 2676 2007 2721 sit

240 2746 450 2789 absolute
480 2748 625 2790 maior
655 2753 882 2801 potestate
912 2751 1095 2793 concilii
1125 2751 1375 2805 generalis.
1419 2751 1514 2793 Hoc
1542 2764 1636 2793 non
1666 2751 1788 2793 bene
1818 2760 2005 2804 possum

242 2817 503 2870 intelligere
540 2821 949 2874 presupponendo,
986 2822 1109 2874 quod
1144 2835 1266 2875 papa
1303 2822 1361 2865 sit
1394 2835 1505 2876 pars
1540 2821 1738 2874 concilii,
1774 2820 1889 2864 sicut
1921 2831 2006 2874 per

240 2887 281 2929 d.
317 2892 594 2931 assertorem
630 2892 1009 2944 presupponitur.
1056 2893 1112 2935 Et
1143 2893 1230 2935 hoc
1260 2893 1362 2935 sive
1396 2895 1539 2936 totum
1575 2892 1814 2935 residuum
1848 2892 2004 2945 preter

240 2970 405 3010 papam
440 2959 610 3003 habeat
645 2962 847 3014 aliquam
882 2966 1158 3015 potestatem
1195 2963 1291 3006 sive
1327 2977 1435 3015 non,
1470 2963 1592 3018 quia,
1624 2974 1900 3017 quecunque
1933 2961 2004 3002 est
2088 2970 2102 2977 ’

240 3031 444 3080 110ῒο3133
478 3031 637 3084 partis,
675 3032 755 3075 illa
792 3036 863 3075 est
897 3034 1041 3076 eciam
1078 3037 1283 3088 potestas
1318 3034 1479 3088 tocius,
1512 3037 1562 3077 et
1597 3033 1822 3088 quidquid
1855 3032 2004 3088 potest
