<?xml version="1.0" encoding="UTF-8"?>
<!DOCTYPE html PUBLIC "-//W3C//DTD XHTML 1.0 Transitional//EN"
    "http://www.w3.org/TR/xhtml1/DTD/xhtml1-transitional.dtd">
<html xmlns="http://www.w3.org/1999/xhtml" xml:lang="en" lang="en">
 <head>
  <title>
</title>
<meta http-equiv="Content-Type" content="text/html;charset=utf-8" />
  <meta name='ocr-system' content='tesseract 3.04.00' />
  <meta name='ocr-capabilities' content='ocr_page ocr_carea ocr_par ocr_line ocrx_word'/>
</head>
<body>
  <div class='ocr_page' id='page_1' title='image "./actaconciliicons02counuoft_0784.png"; bbox 0 0 2102 3444; ppageno 0'>
   <div class='ocr_carea' id='block_1_1' title="bbox 248 193 1587 241">
    <p class='ocr_par' dir='ltr' id='par_1_1' title="bbox 248 193 1587 241">
     <span class='ocr_line' id='line_1_1' title="bbox 248 193 1587 241; baseline -0.001 -10"><span class='ocrx_word' id='word_1_1' title='bbox 248 199 332 241; x_wconf 77' lang='lat'>770</span> <span class='ocrx_word' id='word_1_2' title='bbox 686 195 753 230; x_wconf 93' lang='grc' dir='ltr'>ΙΙΙ.</span> <span class='ocrx_word' id='word_1_3' title='bbox 784 194 997 230; x_wconf 85' lang='lat' dir='ltr'>Abschnitt.</span> <span class='ocrx_word' id='word_1_4' title='bbox 1040 193 1195 230; x_wconf 81' lang='lat' dir='ltr'>Reform</span> <span class='ocrx_word' id='word_1_5' title='bbox 1225 195 1305 230; x_wconf 89' lang='lat' dir='ltr'>und</span> <span class='ocrx_word' id='word_1_6' title='bbox 1337 194 1587 240; x_wconf 86' lang='lat' dir='ltr'>Verfassung.</span> 
     </span>
    </p>
   </div>
   <div class='ocr_carea' id='block_1_2' title="bbox 245 307 2024 1006">
    <p class='ocr_par' dir='ltr' id='par_1_2' title="bbox 247 307 2024 652">
     <span class='ocr_line' id='line_1_2' title="bbox 247 307 2023 368; baseline -0.002 -8"><span class='ocrx_word' id='word_1_7' title='bbox 247 317 294 359; x_wconf 92' lang='lat' dir='ltr'>in</span> <span class='ocrx_word' id='word_1_8' title='bbox 318 318 439 360; x_wconf 83' lang='lat' dir='ltr'>facto</span> <span class='ocrx_word' id='word_1_9' title='bbox 461 316 590 358; x_wconf 91' lang='lat' dir='ltr'>bulle</span> <span class='ocrx_word' id='word_1_10' title='bbox 613 319 659 357; x_wconf 95' lang='lat' dir='ltr'>et</span> <span class='ocrx_word' id='word_1_11' title='bbox 682 316 730 357; x_wconf 90' lang='lat' dir='ltr'>in</span> <span class='ocrx_word' id='word_1_12' title='bbox 753 314 874 356; x_wconf 84' lang='lat' dir='ltr'>facto</span> <span class='ocrx_word' id='word_1_13' title='bbox 899 313 1066 367; x_wconf 91' lang='lat' dir='ltr'>signeti</span> <span class='ocrx_word' id='word_1_14' title='bbox 1091 313 1287 355; x_wconf 89' lang='lat' dir='ltr'>concilii.</span> <span class='ocrx_word' id='word_1_15' title='bbox 1323 313 1380 356; x_wconf 90' lang='lat' dir='ltr'>Et</span> <span class='ocrx_word' id='word_1_16' title='bbox 1402 312 1773 367; x_wconf 80' lang='lat' dir='ltr'>quandocunque</span> <span class='ocrx_word' id='word_1_17' title='bbox 1797 307 2023 368; x_wconf 85' lang='lat' dir='ltr'>requisivi</span> 
     </span>
     <span class='ocr_line' id='line_1_3' title="bbox 248 383 2024 441; baseline -0.002 -11"><span class='ocrx_word' id='word_1_18' title='bbox 248 388 371 441; x_wconf 85' lang='lat' dir='ltr'>apud</span> <span class='ocrx_word' id='word_1_19' title='bbox 408 387 643 439; x_wconf 79' lang='lat' dir='ltr'>naciones,</span> <span class='ocrx_word' id='word_1_20' title='bbox 681 385 804 438; x_wconf 92' lang='lat' dir='ltr'>quod</span> <span class='ocrx_word' id='word_1_21' title='bbox 840 386 1086 437; x_wconf 90' lang='lat' dir='ltr'>loquentes</span> <span class='ocrx_word' id='word_1_22' title='bbox 1124 384 1508 439; x_wconf 65' lang='lat' dir='ltr'>descenderenta)</span> <span class='ocrx_word' id='word_1_23' title='bbox 1549 384 1607 426; x_wconf 92' lang='lat' dir='ltr'>ad</span> <span class='ocrx_word' id='word_1_24' title='bbox 1645 384 1863 438; x_wconf 89' lang='lat' dir='ltr'>speciem,</span> <span class='ocrx_word' id='word_1_25' title='bbox 1900 383 2024 438; x_wconf 91' lang='lat' dir='ltr'>quod</span> 
     </span>
     <span class='ocr_line' id='line_1_4' title="bbox 248 455 2024 511; baseline -0.002 -10"><span class='ocrx_word' id='word_1_26' title='bbox 248 459 424 511; x_wconf 86' lang='lat' dir='ltr'>aliquid</span> <span class='ocrx_word' id='word_1_27' title='bbox 448 458 557 500; x_wconf 88' lang='lat' dir='ltr'>mali</span> <span class='ocrx_word' id='word_1_28' title='bbox 580 457 799 499; x_wconf 79' lang='lat' dir='ltr'>fecissem</span> <span class='ocrx_word' id='word_1_29' title='bbox 824 456 870 497; x_wconf 92' lang='lat' dir='ltr'>in</span> <span class='ocrx_word' id='word_1_30' title='bbox 894 455 1016 498; x_wconf 83' lang='lat' dir='ltr'>facto</span> <span class='ocrx_word' id='word_1_31' title='bbox 1040 455 1169 497; x_wconf 91' lang='lat' dir='ltr'>bulle</span> <span class='ocrx_word' id='word_1_32' title='bbox 1193 458 1239 497; x_wconf 92' lang='lat' dir='ltr'>et</span> <span class='ocrx_word' id='word_1_33' title='bbox 1262 455 1444 509; x_wconf 86' lang='lat' dir='ltr'>signeti,</span> <span class='ocrx_word' id='word_1_34' title='bbox 1467 467 1705 508; x_wconf 91' lang='lat' dir='ltr'>nunquam</span> <span class='ocrx_word' id='word_1_35' title='bbox 1729 455 1871 497; x_wconf 91' lang='lat' dir='ltr'>emuli</span> <span class='ocrx_word' id='word_1_36' title='bbox 1893 459 2024 509; x_wconf 89' lang='lat' dir='ltr'>potu-</span> 
     </span>
     <span class='ocr_line' id='line_1_5' title="bbox 247 525 2024 581; baseline -0.002 -10"><span class='ocrx_word' id='word_1_37' title='bbox 247 533 384 571; x_wconf 88' lang='lat' dir='ltr'>erunt</span> <span class='ocrx_word' id='word_1_38' title='bbox 406 528 585 581; x_wconf 87' lang='lat' dir='ltr'>aliquid</span> <span class='ocrx_word' id='word_1_39' title='bbox 607 530 765 569; x_wconf 90' lang='lat' dir='ltr'>contra</span> <span class='ocrx_word' id='word_1_40' title='bbox 787 539 859 568; x_wconf 91' lang='lat' dir='ltr'>me</span> <span class='ocrx_word' id='word_1_41' title='bbox 884 525 1148 568; x_wconf 82' lang='lat' dir='ltr'>ostendere.</span> <span class='ocrx_word' id='word_1_42' title='bbox 1184 526 1241 567; x_wconf 92' lang='lat' dir='ltr'>Et</span> <span class='ocrx_word' id='word_1_43' title='bbox 1262 526 1326 568; x_wconf 89' lang='lat' dir='ltr'>sic</span> <span class='ocrx_word' id='word_1_44' title='bbox 1349 538 1536 579; x_wconf 87' lang='lat' dir='ltr'>semper</span> <span class='ocrx_word' id='word_1_45' title='bbox 1558 526 1714 579; x_wconf 84' lang='lat' dir='ltr'>gracia</span> <span class='ocrx_word' id='word_1_46' title='bbox 1738 525 1823 568; x_wconf 92' lang='lat' dir='ltr'>Dei</span> <span class='ocrx_word' id='word_1_47' title='bbox 1845 525 2024 569; x_wconf 82' lang='lat' dir='ltr'>obtinui</span> 
     </span>
     <span class='ocr_line' id='line_1_6' title="bbox 247 596 1034 652; baseline -0.005 -10"><span class='ocrx_word' id='word_1_48' title='bbox 247 604 405 642; x_wconf 90' lang='lat' dir='ltr'>contra</span> <span class='ocrx_word' id='word_1_49' title='bbox 430 611 525 652; x_wconf 82' lang='lat' dir='ltr'>eos,</span> <span class='ocrx_word' id='word_1_50' title='bbox 551 599 659 652; x_wconf 89' lang='lat' dir='ltr'>quia</span> <span class='ocrx_word' id='word_1_51' title='bbox 683 597 856 640; x_wconf 88' lang='lat' dir='ltr'>veritas</span> <span class='ocrx_word' id='word_1_52' title='bbox 881 596 1034 639; x_wconf 86' lang='lat' dir='ltr'>vincit.</span> 
     </span>
    </p>

    <p class='ocr_par' dir='ltr' id='par_1_3' title="bbox 245 667 2024 1006">
     <span class='ocr_line' id='line_1_7' title="bbox 364 667 2024 722; baseline -0.001 -11"><span class='ocrx_word' id='word_1_53' title='bbox 364 670 539 722; x_wconf 84' lang='lat' dir='ltr'>Quibus</span> <span class='ocrx_word' id='word_1_54' title='bbox 574 682 660 722; x_wconf 92' lang='lat' dir='ltr'>pro</span> <span class='ocrx_word' id='word_1_55' title='bbox 696 681 805 710; x_wconf 91' lang='lat' dir='ltr'>casu</span> <span class='ocrx_word' id='word_1_56' title='bbox 842 668 1049 710; x_wconf 83' lang='lat' dir='ltr'>veritatis</span> <span class='ocrx_word' id='word_1_57' title='bbox 1084 670 1320 721; x_wconf 88' lang='lat' dir='ltr'>gestorum</span> <span class='ocrx_word' id='word_1_58' title='bbox 1357 667 1603 721; x_wconf 88' lang='lat' dir='ltr'>premissis</span> <span class='ocrx_word' id='word_1_59' title='bbox 1637 670 1798 721; x_wconf 88' lang='lat' dir='ltr'>patent</span> <span class='ocrx_word' id='word_1_60' title='bbox 1832 679 2024 721; x_wconf 86' lang='lat' dir='ltr'>respon-</span> 
     </span>
     <span class='ocr_line' id='line_1_8' title="bbox 247 737 2023 792; baseline -0.002 -8"><span class='ocrx_word' id='word_1_61' title='bbox 247 742 403 784; x_wconf 89' lang='lat' dir='ltr'>cioncs</span> <span class='ocrx_word' id='word_1_62' title='bbox 439 741 497 783; x_wconf 88' lang='lat' dir='ltr'>ad</span> <span class='ocrx_word' id='word_1_63' title='bbox 531 740 750 782; x_wconf 82' lang='lat' dir='ltr'>articulos</span> <span class='ocrx_word' id='word_1_64' title='bbox 784 742 939 781; x_wconf 83' lang='lat' dir='ltr'>vestre</span> <span class='ocrx_word' id='word_1_65' title='bbox 975 751 1018 791; x_wconf 91' lang='lat' dir='ltr'>p.</span> <span class='ocrx_word' id='word_1_66' title='bbox 1056 751 1091 780; x_wconf 88' lang='lat' dir='ltr'>r.</span> <span class='ocrx_word' id='word_1_67' title='bbox 1127 741 1286 780; x_wconf 89' lang='lat' dir='ltr'>contra</span> <span class='ocrx_word' id='word_1_68' title='bbox 1321 751 1394 780; x_wconf 92' lang='lat' dir='ltr'>me</span> <span class='ocrx_word' id='word_1_69' title='bbox 1429 739 1612 791; x_wconf 90' lang='lat' dir='ltr'>missos,</span> <span class='ocrx_word' id='word_1_70' title='bbox 1647 738 1866 780; x_wconf 90' lang='lat' dir='ltr'>videlicet</span> <span class='ocrx_word' id='word_1_71' title='bbox 1900 737 2023 792; x_wconf 92' lang='lat' dir='ltr'>quod</span> 
     </span>
     <span class='ocr_line' id='line_1_9' title="bbox 247 808 2022 864; baseline -0.002 -10"><span class='ocrx_word' id='word_1_72' title='bbox 247 813 390 854; x_wconf 82' lang='lat' dir='ltr'>salvis</span> <span class='ocrx_word' id='word_1_73' title='bbox 430 824 572 864; x_wconf 89' lang='lat' dir='ltr'>supra</span> <span class='ocrx_word' id='word_1_74' title='bbox 611 824 697 864; x_wconf 89' lang='lat' dir='ltr'>per</span> <span class='ocrx_word' id='word_1_75' title='bbox 736 823 810 852; x_wconf 92' lang='lat' dir='ltr'>me</span> <span class='ocrx_word' id='word_1_76' title='bbox 851 809 1036 862; x_wconf 90' lang='lat' dir='ltr'>scriptis</span> <span class='ocrx_word' id='word_1_77' title='bbox 1075 812 1290 851; x_wconf 88' lang='lat' dir='ltr'>contenta</span> <span class='ocrx_word' id='word_1_78' title='bbox 1328 809 1377 850; x_wconf 93' lang='lat' dir='ltr'>in</span> <span class='ocrx_word' id='word_1_79' title='bbox 1418 809 1552 852; x_wconf 88' lang='lat' dir='ltr'>dictis</span> <span class='ocrx_word' id='word_1_80' title='bbox 1591 808 1800 851; x_wconf 88' lang='lat' dir='ltr'>articulis</span> <span class='ocrx_word' id='word_1_81' title='bbox 1827 808 2022 851; x_wconf 88' lang='lat' dir='ltr'>veritate</span> 
     </span>
     <span class='ocr_line' id='line_1_10' title="bbox 245 880 2022 935; baseline -0.002 -10"><span class='ocrx_word' id='word_1_82' title='bbox 245 887 417 925; x_wconf 83' lang='lat' dir='ltr'>carent.</span> <span class='ocrx_word' id='word_1_83' title='bbox 467 883 522 924; x_wconf 87' lang='lat' dir='ltr'>Et</span> <span class='ocrx_word' id='word_1_84' title='bbox 558 894 699 935; x_wconf 90' lang='lat' dir='ltr'>spero</span> <span class='ocrx_word' id='word_1_85' title='bbox 734 882 781 923; x_wconf 92' lang='lat' dir='ltr'>in</span> <span class='ocrx_word' id='word_1_86' title='bbox 818 880 1140 923; x_wconf 86' lang='lat' dir='ltr'>misericordia</span> <span class='ocrx_word' id='word_1_87' title='bbox 1177 880 1277 933; x_wconf 88' lang='lat' dir='ltr'>Dei,</span> <span class='ocrx_word' id='word_1_88' title='bbox 1315 880 1439 933; x_wconf 92' lang='lat' dir='ltr'>quod</span> <span class='ocrx_word' id='word_1_89' title='bbox 1476 892 1535 921; x_wconf 85' lang='lat' dir='ltr'>ex</span> <span class='ocrx_word' id='word_1_90' title='bbox 1571 880 1669 922; x_wconf 79' lang='lat' dir='ltr'>fine</span> <span class='ocrx_word' id='word_1_91' title='bbox 1705 883 2022 934; x_wconf 88' lang='lat' dir='ltr'>compotorum</span> 
     </span>
     <span class='ocr_line' id='line_1_11' title="bbox 246 949 2023 1006; baseline -0.002 -11"><span class='ocrx_word' id='word_1_92' title='bbox 246 966 454 995; x_wconf 88' lang='lat' dir='ltr'>meorum</span> <span class='ocrx_word' id='word_1_93' title='bbox 480 956 635 995; x_wconf 80' lang='lat' dir='ltr'>vestre</span> <span class='ocrx_word' id='word_1_94' title='bbox 660 966 704 1006; x_wconf 86' lang='lat' dir='ltr'>p.</span> <span class='ocrx_word' id='word_1_95' title='bbox 731 965 782 1006; x_wconf 90' lang='lat' dir='ltr'>r.,</span> <span class='ocrx_word' id='word_1_96' title='bbox 808 955 857 994; x_wconf 92' lang='lat' dir='ltr'>ut</span> <span class='ocrx_word' id='word_1_97' title='bbox 882 949 1056 1006; x_wconf 79' lang='lat' dir='ltr'>citius¹¹)</span> <span class='ocrx_word' id='word_1_98' title='bbox 1086 954 1264 1004; x_wconf 87' lang='lat' dir='ltr'>potero,</span> <span class='ocrx_word' id='word_1_99' title='bbox 1291 951 1378 993; x_wconf 92' lang='lat' dir='ltr'>sub</span> <span class='ocrx_word' id='word_1_100' title='bbox 1404 950 1669 993; x_wconf 89' lang='lat' dir='ltr'>testimonio</span> <span class='ocrx_word' id='word_1_101' title='bbox 1695 951 1815 993; x_wconf 90' lang='lat' dir='ltr'>sacri</span> <span class='ocrx_word' id='word_1_102' title='bbox 1842 950 2023 993; x_wconf 89' lang='lat' dir='ltr'>concilii</span> 
     </span>
    </p>
   </div>
   <div class='ocr_carea' id='block_1_3' title="bbox 245 1021 2031 1077">
    <p class='ocr_par' dir='ltr' id='par_1_4' title="bbox 245 1021 2031 1077">
     <span class='ocr_line' id='line_1_12' title="bbox 245 1021 2031 1077; baseline -0.002 -11"><span class='ocrx_word' id='word_1_103' title='bbox 245 1024 574 1067; x_wconf 79' lang='lat' dir='ltr'>mittendorum</span> <span class='ocrx_word' id='word_1_104' title='bbox 632 1023 855 1077; x_wconf 59' lang='lat' dir='ltr'>falsitasss)</span> <span class='ocrx_word' id='word_1_105' title='bbox 912 1025 1236 1064; x_wconf 89' lang='lat' dir='ltr'>contentorum</span> <span class='ocrx_word' id='word_1_106' title='bbox 1292 1021 1340 1063; x_wconf 95' lang='lat' dir='ltr'>in</span> <span class='ocrx_word' id='word_1_107' title='bbox 1396 1021 1529 1064; x_wconf 90' lang='lat' dir='ltr'>dictis</span> <span class='ocrx_word' id='word_1_108' title='bbox 1586 1022 1795 1065; x_wconf 84' lang='lat' dir='ltr'>articulis</span> <span class='ocrx_word' id='word_1_109' title='bbox 1850 1021 2031 1064; x_wconf 88' lang='lat' dir='ltr'>clarius-</span> 
     </span>
    </p>
   </div>
   <div class='ocr_carea' id='block_1_4' title="bbox 245 1095 2022 1218">
    <p class='ocr_par' dir='ltr' id='par_1_5' title="bbox 245 1095 2022 1218">
     <span class='ocr_line' id='line_1_13' title="bbox 245 1095 459 1137; baseline 0 0"><span class='ocrx_word' id='word_1_110' title='bbox 245 1095 459 1137; x_wconf 87' lang='lat' dir='ltr'>elucebit.</span> 
     </span>
     <span class='ocr_line' id='line_1_14' title="bbox 363 1163 2022 1218; baseline -0.002 -10"><span class='ocrx_word' id='word_1_111' title='bbox 363 1167 431 1208; x_wconf 84' lang='lat' dir='ltr'>Ex</span> <span class='ocrx_word' id='word_1_112' title='bbox 455 1166 542 1208; x_wconf 80' lang='lat' dir='ltr'>isto</span> <span class='ocrx_word' id='word_1_113' title='bbox 566 1166 691 1207; x_wconf 88' lang='lat' dir='ltr'>enim</span> <span class='ocrx_word' id='word_1_114' title='bbox 714 1165 874 1207; x_wconf 80' lang='lat' dir='ltr'>officio</span> <span class='ocrx_word' id='word_1_115' title='bbox 898 1177 1137 1218; x_wconf 90' lang='lat' dir='ltr'>nunquam</span> <span class='ocrx_word' id='word_1_116' title='bbox 1160 1164 1302 1206; x_wconf 91' lang='lat' dir='ltr'>habui</span> <span class='ocrx_word' id='word_1_117' title='bbox 1325 1164 1417 1206; x_wconf 93' lang='lat' dir='ltr'>nisi</span> <span class='ocrx_word' id='word_1_118' title='bbox 1441 1164 1628 1206; x_wconf 89' lang='lat' dir='ltr'>labores</span> <span class='ocrx_word' id='word_1_119' title='bbox 1651 1166 1696 1206; x_wconf 92' lang='lat' dir='ltr'>et</span> <span class='ocrx_word' id='word_1_120' title='bbox 1720 1163 1922 1217; x_wconf 86' lang='lat' dir='ltr'>dolores,</span> <span class='ocrx_word' id='word_1_121' title='bbox 1944 1164 2022 1207; x_wconf 89' lang='lat' dir='ltr'>tri-</span> 
     </span>
    </p>
   </div>
   <div class='ocr_carea' id='block_1_5' title="bbox 239 1234 2022 2141">
    <p class='ocr_par' dir='ltr' id='par_1_6' title="bbox 242 1234 2022 1645">
     <span class='ocr_line' id='line_1_15' title="bbox 245 1234 2022 1291; baseline -0.002 -12"><span class='ocrx_word' id='word_1_122' title='bbox 245 1237 440 1291; x_wconf 89' lang='lat' dir='ltr'>stricias,</span> <span class='ocrx_word' id='word_1_123' title='bbox 469 1236 746 1279; x_wconf 81' lang='lat' dir='ltr'>blasfemias</span> <span class='ocrx_word' id='word_1_124' title='bbox 776 1240 822 1278; x_wconf 92' lang='lat' dir='ltr'>et</span> <span class='ocrx_word' id='word_1_125' title='bbox 851 1236 976 1289; x_wconf 90' lang='lat' dir='ltr'>apud</span> <span class='ocrx_word' id='word_1_126' title='bbox 1007 1236 1188 1277; x_wconf 90' lang='lat' dir='ltr'>emulos</span> <span class='ocrx_word' id='word_1_127' title='bbox 1219 1234 1450 1279; x_wconf 82' lang='lat' dir='ltr'>infamias.</span> <span class='ocrx_word' id='word_1_128' title='bbox 1495 1234 1776 1277; x_wconf 74' lang='lat' dir='ltr'>Benedictus</span> <span class='ocrx_word' id='word_1_129' title='bbox 1807 1234 1866 1276; x_wconf 89' lang='lat' dir='ltr'>sit</span> <span class='ocrx_word' id='word_1_130' title='bbox 1896 1234 2022 1276; x_wconf 92' lang='lat' dir='ltr'>Deus</span> 
     </span>
     <span class='ocr_line' id='line_1_16' title="bbox 245 1306 2022 1361; baseline -0.002 -11"><span class='ocrx_word' id='word_1_131' title='bbox 245 1309 302 1351; x_wconf 92' lang='lat' dir='ltr'>de</span> <span class='ocrx_word' id='word_1_132' title='bbox 352 1308 583 1361; x_wconf 90' lang='lat' dir='ltr'>omnibus,</span> <span class='ocrx_word' id='word_1_133' title='bbox 635 1308 714 1361; x_wconf 83' lang='lat' dir='ltr'>qui</span> <span class='ocrx_word' id='word_1_134' title='bbox 763 1307 902 1349; x_wconf 90' lang='lat' dir='ltr'>michi</span> <span class='ocrx_word' id='word_1_135' title='bbox 952 1307 1083 1349; x_wconf 92' lang='lat' dir='ltr'>dedit</span> <span class='ocrx_word' id='word_1_136' title='bbox 1131 1306 1412 1360; x_wconf 88' lang='lat' dir='ltr'>patienciam</span> <span class='ocrx_word' id='word_1_137' title='bbox 1462 1309 1509 1348; x_wconf 88' lang='lat' dir='ltr'>et</span> <span class='ocrx_word' id='word_1_138' title='bbox 1558 1306 1617 1348; x_wconf 90' lang='lat' dir='ltr'>ad</span> <span class='ocrx_word' id='word_1_139' title='bbox 1665 1318 1830 1347; x_wconf 89' lang='lat' dir='ltr'>verum</span> <span class='ocrx_word' id='word_1_140' title='bbox 1878 1317 2022 1359; x_wconf 87' lang='lat' dir='ltr'>super</span> 
     </span>
     <span class='ocr_line' id='line_1_17' title="bbox 243 1376 2022 1422; baseline -0.001 -2"><span class='ocrx_word' id='word_1_141' title='bbox 243 1379 420 1421; x_wconf 80' lang='lat' dir='ltr'>affectu</span> <span class='ocrx_word' id='word_1_142' title='bbox 463 1383 508 1422; x_wconf 92' lang='lat' dir='ltr'>et</span> <span class='ocrx_word' id='word_1_143' title='bbox 553 1378 791 1421; x_wconf 88' lang='lat' dir='ltr'>desiderio</span> <span class='ocrx_word' id='word_1_144' title='bbox 834 1377 1021 1420; x_wconf 87' lang='lat' dir='ltr'>unionis</span> <span class='ocrx_word' id='word_1_145' title='bbox 1067 1377 1264 1420; x_wconf 86' lang='lat' dir='ltr'>ecclesie</span> <span class='ocrx_word' id='word_1_146' title='bbox 1311 1377 1567 1419; x_wconf 77' lang='lat' dir='ltr'>fundatam.</span> <span class='ocrx_word' id='word_1_147' title='bbox 1626 1377 1683 1419; x_wconf 91' lang='lat' dir='ltr'>Et</span> <span class='ocrx_word' id='word_1_148' title='bbox 1724 1376 1876 1418; x_wconf 88' lang='lat' dir='ltr'>adhuc</span> <span class='ocrx_word' id='word_1_149' title='bbox 1921 1387 2022 1418; x_wconf 86' lang='lat' dir='ltr'>sum</span> 
     </span>
     <span class='ocr_line' id='line_1_18' title="bbox 242 1444 2018 1504; baseline -0.003 -11"><span class='ocrx_word' id='word_1_150' title='bbox 242 1455 434 1504; x_wconf 84' lang='lat' dir='ltr'>paratus</span> <span class='ocrx_word' id='word_1_151' title='bbox 457 1464 543 1504; x_wconf 92' lang='lat' dir='ltr'>pro</span> <span class='ocrx_word' id='word_1_152' title='bbox 566 1450 686 1493; x_wconf 88' lang='lat' dir='ltr'>dicta</span> <span class='ocrx_word' id='word_1_153' title='bbox 710 1451 883 1492; x_wconf 92' lang='lat' dir='ltr'>unione</span> <span class='ocrx_word' id='word_1_154' title='bbox 907 1450 1086 1491; x_wconf 90' lang='lat' dir='ltr'>maiora</span> <span class='ocrx_word' id='word_1_155' title='bbox 1110 1449 1344 1491; x_wconf 87' lang='lat' dir='ltr'>sustinere</span> <span class='ocrx_word' id='word_1_156' title='bbox 1367 1451 1414 1490; x_wconf 92' lang='lat' dir='ltr'>et</span> <span class='ocrx_word' id='word_1_157' title='bbox 1436 1461 1462 1490; x_wconf 92' lang='lat' dir='ltr'>a</span> <span class='ocrx_word' id='word_1_158' title='bbox 1483 1447 1826 1501; x_wconf 89' lang='lat' dir='ltr'>prosequcione</span> <span class='ocrx_word' id='word_1_159' title='bbox 1848 1444 2018 1502; x_wconf 73' lang='lat' dir='ltr'>illiusd)</span> 
     </span>
     <span class='ocr_line' id='line_1_19' title="bbox 242 1517 2020 1575; baseline -0.003 -11"><span class='ocrx_word' id='word_1_160' title='bbox 242 1535 480 1575; x_wconf 88' lang='lat' dir='ltr'>nunquam</span> <span class='ocrx_word' id='word_1_161' title='bbox 518 1521 762 1575; x_wconf 85' lang='lat' dir='ltr'>desistere,</span> <span class='ocrx_word' id='word_1_162' title='bbox 800 1533 1043 1574; x_wconf 87' lang='lat' dir='ltr'>quousque</span> <span class='ocrx_word' id='word_1_163' title='bbox 1083 1520 1210 1562; x_wconf 91' lang='lat' dir='ltr'>Deus</span> <span class='ocrx_word' id='word_1_164' title='bbox 1248 1520 1395 1561; x_wconf 79' lang='lat' dir='ltr'>finem</span> <span class='ocrx_word' id='word_1_165' title='bbox 1434 1519 1662 1562; x_wconf 90' lang='lat' dir='ltr'>intentum</span> <span class='ocrx_word' id='word_1_166' title='bbox 1700 1517 1897 1560; x_wconf 89' lang='lat' dir='ltr'>ecclesie</span> <span class='ocrx_word' id='word_1_167' title='bbox 1937 1529 2020 1560; x_wconf 91' lang='lat' dir='ltr'>sue</span> 
     </span>
     <span class='ocr_line' id='line_1_20' title="bbox 242 1590 1648 1645; baseline -0.004 -9"><span class='ocrx_word' id='word_1_168' title='bbox 242 1597 399 1636; x_wconf 88' lang='lat' dir='ltr'>sancte</span> <span class='ocrx_word' id='word_1_169' title='bbox 423 1593 607 1635; x_wconf 85' lang='lat' dir='ltr'>dederit</span> <span class='ocrx_word' id='word_1_170' title='bbox 628 1597 674 1636; x_wconf 93' lang='lat' dir='ltr'>et</span> <span class='ocrx_word' id='word_1_171' title='bbox 695 1593 945 1645; x_wconf 90' lang='lat' dir='ltr'>loquantur</span> <span class='ocrx_word' id='word_1_172' title='bbox 968 1591 1203 1644; x_wconf 77' lang='lat' dir='ltr'>audacter,</span> <span class='ocrx_word' id='word_1_173' title='bbox 1226 1591 1304 1644; x_wconf 89' lang='lat' dir='ltr'>qui</span> <span class='ocrx_word' id='word_1_174' title='bbox 1327 1590 1454 1643; x_wconf 91' lang='lat' dir='ltr'>loqui</span> <span class='ocrx_word' id='word_1_175' title='bbox 1477 1590 1648 1632; x_wconf 90' lang='lat' dir='ltr'>volent.</span> 
     </span>
    </p>

    <p class='ocr_par' dir='ltr' id='par_1_7' title="bbox 239 1659 2020 2073">
     <span class='ocr_line' id='line_1_21' title="bbox 359 1659 2020 1718; baseline -0.004 -11"><span class='ocrx_word' id='word_1_176' title='bbox 359 1665 510 1718; x_wconf 84' lang='lat' dir='ltr'>Super</span> <span class='ocrx_word' id='word_1_177' title='bbox 536 1664 658 1706; x_wconf 80' lang='lat' dir='ltr'>facto</span> <span class='ocrx_word' id='word_1_178' title='bbox 683 1667 837 1706; x_wconf 89' lang='lat' dir='ltr'>autem</span> <span class='ocrx_word' id='word_1_179' title='bbox 863 1666 1159 1716; x_wconf 89' lang='lat' dir='ltr'>receptorum</span> <span class='ocrx_word' id='word_1_180' title='bbox 1184 1663 1260 1703; x_wconf 86' lang='lat' dir='ltr'>vel</span> <span class='ocrx_word' id='word_1_181' title='bbox 1286 1660 1569 1704; x_wconf 86' lang='lat' dir='ltr'>thesaurarii</span> <span class='ocrx_word' id='word_1_182' title='bbox 1596 1659 1812 1714; x_wconf 90' lang='lat' dir='ltr'>disponet</span> <span class='ocrx_word' id='word_1_183' title='bbox 1838 1671 2020 1703; x_wconf 88' lang='lat' dir='ltr'>sacrum</span> 
     </span>
     <span class='ocr_line' id='line_1_22' title="bbox 242 1730 2019 1788; baseline -0.002 -11"><span class='ocrx_word' id='word_1_184' title='bbox 242 1736 487 1778; x_wconf 91' lang='lat' dir='ltr'>concilium</span> <span class='ocrx_word' id='word_1_185' title='bbox 509 1736 585 1777; x_wconf 82' lang='lat' dir='ltr'>vel</span> <span class='ocrx_word' id='word_1_186' title='bbox 610 1738 767 1777; x_wconf 82' lang='lat' dir='ltr'>vestra</span> <span class='ocrx_word' id='word_1_187' title='bbox 790 1747 833 1788; x_wconf 91' lang='lat' dir='ltr'>p.</span> <span class='ocrx_word' id='word_1_188' title='bbox 859 1747 894 1776; x_wconf 85' lang='lat' dir='ltr'>r.</span> <span class='ocrx_word' id='word_1_189' title='bbox 932 1734 987 1776; x_wconf 89' lang='lat' dir='ltr'>Et</span> <span class='ocrx_word' id='word_1_190' title='bbox 1011 1747 1097 1787; x_wconf 90' lang='lat' dir='ltr'>ego</span> <span class='ocrx_word' id='word_1_191' title='bbox 1122 1745 1309 1786; x_wconf 89' lang='lat' dir='ltr'>semper</span> <span class='ocrx_word' id='word_1_192' title='bbox 1333 1732 1512 1786; x_wconf 89' lang='lat' dir='ltr'>parebo</span> <span class='ocrx_word' id='word_1_193' title='bbox 1535 1735 1580 1774; x_wconf 89' lang='lat' dir='ltr'>et</span> <span class='ocrx_word' id='word_1_194' title='bbox 1604 1732 1661 1773; x_wconf 94' lang='lat' dir='ltr'>de</span> <span class='ocrx_word' id='word_1_195' title='bbox 1683 1732 1770 1773; x_wconf 90' lang='lat' dir='ltr'>hoc</span> <span class='ocrx_word' id='word_1_196' title='bbox 1791 1730 2019 1785; x_wconf 86' lang='lat' dir='ltr'>gaudebo,</span> 
     </span>
     <span class='ocr_line' id='line_1_23' title="bbox 242 1800 2020 1858; baseline -0.003 -9"><span class='ocrx_word' id='word_1_197' title='bbox 242 1807 491 1849; x_wconf 88' lang='lat' dir='ltr'>dummodo</span> <span class='ocrx_word' id='word_1_198' title='bbox 515 1819 616 1848; x_wconf 90' lang='lat' dir='ltr'>sum</span> <span class='ocrx_word' id='word_1_199' title='bbox 641 1807 869 1848; x_wconf 86' lang='lat' dir='ltr'>liberatus</span> <span class='ocrx_word' id='word_1_200' title='bbox 895 1806 953 1847; x_wconf 92' lang='lat' dir='ltr'>ab</span> <span class='ocrx_word' id='word_1_201' title='bbox 978 1804 1362 1858; x_wconf 89' lang='lat' dir='ltr'>obligacionibus,</span> <span class='ocrx_word' id='word_1_202' title='bbox 1388 1803 1557 1857; x_wconf 91' lang='lat' dir='ltr'>quibus</span> <span class='ocrx_word' id='word_1_203' title='bbox 1581 1815 1667 1856; x_wconf 89' lang='lat' dir='ltr'>pro</span> <span class='ocrx_word' id='word_1_204' title='bbox 1691 1802 1793 1845; x_wconf 88' lang='lat' dir='ltr'>istis</span> <span class='ocrx_word' id='word_1_205' title='bbox 1814 1800 2020 1855; x_wconf 86' lang='lat' dir='ltr'>negociis</span> 
     </span>
     <span class='ocr_line' id='line_1_24' title="bbox 239 1873 2019 1930; baseline -0.003 -10"><span class='ocrx_word' id='word_1_206' title='bbox 239 1879 428 1921; x_wconf 87' lang='lat' dir='ltr'>unionis</span> <span class='ocrx_word' id='word_1_207' title='bbox 455 1891 555 1920; x_wconf 92' lang='lat' dir='ltr'>sum</span> <span class='ocrx_word' id='word_1_208' title='bbox 580 1877 830 1930; x_wconf 87' lang='lat' dir='ltr'>involutus,</span> <span class='ocrx_word' id='word_1_209' title='bbox 856 1889 999 1930; x_wconf 91' lang='lat' dir='ltr'>super</span> <span class='ocrx_word' id='word_1_210' title='bbox 1025 1889 1116 1929; x_wconf 94' lang='lat' dir='ltr'>quo</span> <span class='ocrx_word' id='word_1_211' title='bbox 1142 1875 1341 1928; x_wconf 90' lang='lat' dir='ltr'>imploro</span> <span class='ocrx_word' id='word_1_212' title='bbox 1366 1874 1591 1917; x_wconf 84' lang='lat' dir='ltr'>auxilium</span> <span class='ocrx_word' id='word_1_213' title='bbox 1618 1873 1705 1915; x_wconf 93' lang='lat' dir='ltr'>Dei</span> <span class='ocrx_word' id='word_1_214' title='bbox 1730 1876 1776 1916; x_wconf 90' lang='lat' dir='ltr'>et</span> <span class='ocrx_word' id='word_1_215' title='bbox 1799 1876 2019 1926; x_wconf 91' lang='lat' dir='ltr'>vestrum,</span> 
     </span>
     <span class='ocr_line' id='line_1_25' title="bbox 240 1943 2019 2002; baseline -0.003 -11"><span class='ocrx_word' id='word_1_216' title='bbox 240 1953 290 1992; x_wconf 93' lang='lat' dir='ltr'>ut</span> <span class='ocrx_word' id='word_1_217' title='bbox 327 1949 464 1991; x_wconf 85' lang='lat' dir='ltr'>michi</span> <span class='ocrx_word' id='word_1_218' title='bbox 500 1948 756 2002; x_wconf 88' lang='lat' dir='ltr'>dignemini</span> <span class='ocrx_word' id='word_1_219' title='bbox 792 1959 899 1990; x_wconf 91' lang='lat' dir='ltr'>esse</span> <span class='ocrx_word' id='word_1_220' title='bbox 936 1947 1166 2000; x_wconf 88' lang='lat' dir='ltr'>propitius</span> <span class='ocrx_word' id='word_1_221' title='bbox 1205 1947 1252 1988; x_wconf 93' lang='lat' dir='ltr'>in</span> <span class='ocrx_word' id='word_1_222' title='bbox 1290 1945 1452 1988; x_wconf 81' lang='lat' dir='ltr'>favore</span> <span class='ocrx_word' id='word_1_223' title='bbox 1491 1944 1670 1987; x_wconf 86' lang='lat' dir='ltr'>iusticie</span> <span class='ocrx_word' id='word_1_224' title='bbox 1709 1943 2019 1997; x_wconf 89' lang='lat' dir='ltr'>equitatisque</span> 
     </span>
     <span class='ocr_line' id='line_1_26' title="bbox 242 2021 513 2073; baseline 0.004 -12"><span class='ocrx_word' id='word_1_225' title='bbox 242 2023 286 2062; x_wconf 88' lang='lat' dir='ltr'>et</span> <span class='ocrx_word' id='word_1_226' title='bbox 312 2021 513 2073; x_wconf 75' lang='lat' dir='ltr'>pietatis,</span> 
     </span>
    </p>

    <p class='ocr_par' dir='ltr' id='par_1_8' title="bbox 358 2084 2019 2141">
     <span class='ocr_line' id='line_1_27' title="bbox 358 2084 2019 2141; baseline -0.003 -9"><span class='ocrx_word' id='word_1_227' title='bbox 358 2091 586 2132; x_wconf 76' lang='lat' dir='ltr'>Adresse:</span> <span class='ocrx_word' id='word_1_228' title='bbox 628 2089 1040 2132; x_wconf 85' lang='lat' dir='ltr'>Reverendissimo</span> <span class='ocrx_word' id='word_1_229' title='bbox 1070 2088 1117 2130; x_wconf 92' lang='lat' dir='ltr'>in</span> <span class='ocrx_word' id='word_1_230' title='bbox 1148 2087 1332 2131; x_wconf 89' lang='lat' dir='ltr'>Christo</span> <span class='ocrx_word' id='word_1_231' title='bbox 1360 2088 1483 2141; x_wconf 90' lang='lat' dir='ltr'>patri</span> <span class='ocrx_word' id='word_1_232' title='bbox 1514 2090 1560 2129; x_wconf 89' lang='lat' dir='ltr'>et</span> <span class='ocrx_word' id='word_1_233' title='bbox 1589 2087 1778 2129; x_wconf 92' lang='lat' dir='ltr'>domino</span> <span class='ocrx_word' id='word_1_234' title='bbox 1805 2086 1854 2128; x_wconf 91' lang='lat' dir='ltr'>F.</span> <span class='ocrx_word' id='word_1_235' title='bbox 1884 2084 2019 2127; x_wconf 84' lang='lat' dir='ltr'>mise-</span> 
     </span>
    </p>
   </div>
   <div class='ocr_carea' id='block_1_6' title="bbox 242 2156 2051 2213">
    <p class='ocr_par' dir='ltr' id='par_1_9' title="bbox 242 2156 2051 2213">
     <span class='ocr_line' id='line_1_28' title="bbox 242 2156 2051 2213; baseline -0.003 -10"><span class='ocrx_word' id='word_1_236' title='bbox 242 2163 429 2204; x_wconf 88' lang='lat' dir='ltr'>racione</span> <span class='ocrx_word' id='word_1_237' title='bbox 473 2161 630 2204; x_wconf 89' lang='lat' dir='ltr'>divina</span> <span class='ocrx_word' id='word_1_238' title='bbox 671 2160 1023 2213; x_wconf 87' lang='lat' dir='ltr'>archiepiscopo</span> <span class='ocrx_word' id='word_1_239' title='bbox 1063 2159 1356 2202; x_wconf 89' lang='lat' dir='ltr'>Narbonensi</span> <span class='ocrx_word' id='word_1_240' title='bbox 1398 2161 1555 2201; x_wconf 87' lang='lat' dir='ltr'>sancte</span> <span class='ocrx_word' id='word_1_241' title='bbox 1598 2157 1726 2200; x_wconf 92' lang='lat' dir='ltr'>sedis</span> <span class='ocrx_word' id='word_1_242' title='bbox 1765 2156 2051 2210; x_wconf 86' lang='lat' dir='ltr'>apostolice.</span> 
     </span>
    </p>
   </div>
   <div class='ocr_carea' id='block_1_7' title="bbox 242 2230 2018 2498">
    <p class='ocr_par' dir='ltr' id='par_1_10' title="bbox 242 2230 1274 2274">
     <span class='ocr_line' id='line_1_29' title="bbox 242 2230 1274 2274; baseline -0.003 0"><span class='ocrx_word' id='word_1_243' title='bbox 242 2232 498 2274; x_wconf 87' lang='lat' dir='ltr'>camerario</span> <span class='ocrx_word' id='word_1_244' title='bbox 528 2231 715 2274; x_wconf 90' lang='lat' dir='ltr'>domino</span> <span class='ocrx_word' id='word_1_245' title='bbox 744 2243 848 2274; x_wconf 91' lang='lat' dir='ltr'>meo</span> <span class='ocrx_word' id='word_1_246' title='bbox 876 2230 1274 2273; x_wconf 88' lang='lat' dir='ltr'>metuendissimo.</span> 
     </span>
    </p>

    <p class='ocr_par' dir='ltr' id='par_1_11' title="bbox 242 2298 2018 2428">
     <span class='ocr_line' id='line_1_30' title="bbox 361 2298 2018 2356; baseline -0.003 -11"><span class='ocrx_word' id='word_1_247' title='bbox 361 2304 402 2346; x_wconf 90' lang='lat' dir='ltr'>d.</span> <span class='ocrx_word' id='word_1_248' title='bbox 440 2303 704 2356; x_wconf 87' lang='lat' dir='ltr'>patriarche</span> <span class='ocrx_word' id='word_1_249' title='bbox 742 2302 1066 2355; x_wconf 84' lang='lat' dir='ltr'>Anthiocheni,</span> <span class='ocrx_word' id='word_1_250' title='bbox 1104 2301 1313 2355; x_wconf 90' lang='lat' dir='ltr'>episcopi</span> <span class='ocrx_word' id='word_1_251' title='bbox 1352 2299 1681 2343; x_wconf 89' lang='lat' dir='ltr'>Gebennensis</span> <span class='ocrx_word' id='word_1_252' title='bbox 1720 2301 1766 2341; x_wconf 90' lang='lat' dir='ltr'>et</span> <span class='ocrx_word' id='word_1_253' title='bbox 1801 2298 1871 2341; x_wconf 80' lang='lat' dir='ltr'>Jo.</span> <span class='ocrx_word' id='word_1_254' title='bbox 1910 2298 2018 2341; x_wconf 90' lang='lat' dir='ltr'>Cor-</span> 
     </span>
     <span class='ocr_line' id='line_1_31' title="bbox 242 2373 473 2428; baseline 0.004 -13"><span class='ocrx_word' id='word_1_255' title='bbox 242 2373 473 2428; x_wconf 55' lang='lat' dir='ltr'>dureriif)</span> 
     </span>
    </p>

    <p class='ocr_par' dir='ltr' id='par_1_12' title="bbox 360 2442 1413 2498">
     <span class='ocr_line' id='line_1_32' title="bbox 360 2442 1413 2498; baseline -0.002 -12"><span class='ocrx_word' id='word_1_256' title='bbox 360 2446 409 2487; x_wconf 80' lang='lat' dir='ltr'>R.</span> <span class='ocrx_word' id='word_1_257' title='bbox 433 2457 520 2498; x_wconf 90' lang='lat' dir='ltr'>per</span> <span class='ocrx_word' id='word_1_258' title='bbox 545 2444 843 2487; x_wconf 90' lang='lat' dir='ltr'>Thomasium</span> <span class='ocrx_word' id='word_1_259' title='bbox 867 2445 907 2486; x_wconf 81' lang='lat'>7.</span> <span class='ocrx_word' id='word_1_260' title='bbox 937 2443 1095 2486; x_wconf 89' lang='lat' dir='ltr'>Marcii</span> <span class='ocrx_word' id='word_1_261' title='bbox 1120 2456 1243 2486; x_wconf 90' lang='lat' dir='ltr'>anno</span> <span class='ocrx_word' id='word_1_262' title='bbox 1266 2442 1413 2485; x_wconf 90' lang='lat' dir='ltr'>XVII.</span> 
     </span>
    </p>
   </div>
   <div class='ocr_carea' id='block_1_8' title="bbox 368 2539 594 2544">
    <p class='ocr_par' dir='ltr' id='par_1_13' title="bbox 368 2539 594 2544">
     <span class='ocr_line' id='line_1_33' title="bbox 368 2539 594 2544; baseline 0 0"><span class='ocrx_word' id='word_1_263' title='bbox 368 2539 594 2544; x_wconf 95' lang='lat' dir='ltr'> </span> 
     </span>
    </p>
   </div>
   <div class='ocr_carea' id='block_1_9' title="bbox 241 2577 2018 2659">
    <p class='ocr_par' dir='ltr' id='par_1_14' title="bbox 241 2577 2018 2659">
     <span class='ocr_line' id='line_1_34' title="bbox 348 2577 2018 2617; baseline -0.004 -7"><span class='ocrx_word' id='word_1_264' title='bbox 348 2590 377 2610; x_wconf 72' lang='grc' dir='ltr'>τι)</span> <span class='ocrx_word' id='word_1_265' title='bbox 399 2585 444 2611; x_wconf 73' lang='lat' dir='ltr'>Hs</span> <span class='ocrx_word' id='word_1_266' title='bbox 465 2584 694 2611; x_wconf 55' lang='lat' dir='ltr'>(incenderunt.</span> <span class='ocrx_word' id='word_1_267' title='bbox 751 2584 784 2617; x_wconf 84' lang='lat' dir='ltr'>b)</span> <span class='ocrx_word' id='word_1_268' title='bbox 807 2585 852 2610; x_wconf 75' lang='lat' dir='ltr'>Hs</span> <span class='ocrx_word' id='word_1_269' title='bbox 873 2583 985 2610; x_wconf 85' lang='lat' dir='ltr'>sicius.</span> <span class='ocrx_word' id='word_1_270' title='bbox 1042 2587 1070 2612; x_wconf 86' lang='lat' dir='ltr'>c)</span> <span class='ocrx_word' id='word_1_271' title='bbox 1094 2584 1139 2610; x_wconf 77' lang='lat' dir='ltr'>Hs</span> <span class='ocrx_word' id='word_1_272' title='bbox 1159 2581 1303 2609; x_wconf 83' lang='lat' dir='ltr'>falcitas.</span> <span class='ocrx_word' id='word_1_273' title='bbox 1365 2581 1396 2615; x_wconf 86' lang='lat' dir='ltr'>d)</span> <span class='ocrx_word' id='word_1_274' title='bbox 1418 2581 1511 2608; x_wconf 84' lang='lat' dir='ltr'>illius</span> <span class='ocrx_word' id='word_1_275' title='bbox 1533 2589 1585 2608; x_wconf 83' lang='lat' dir='ltr'>am</span> <span class='ocrx_word' id='word_1_276' title='bbox 1607 2581 1744 2614; x_wconf 78' lang='lat' dir='ltr'>Rmzdc;</span> <span class='ocrx_word' id='word_1_277' title='bbox 1763 2579 1870 2612; x_wconf 73' lang='lat' dir='ltr'>‹lafilr</span> <span class='ocrx_word' id='word_1_278' title='bbox 1888 2577 2018 2613; x_wconf 81' lang='lat' dir='ltr'>prefate</span> 
     </span>
     <span class='ocr_line' id='line_1_35' title="bbox 241 2630 1234 2659; baseline -0.002 -2"><span class='ocrx_word' id='word_1_279' title='bbox 241 2631 371 2657; x_wconf 74' lang='lat' dir='ltr'>unionis</span> <span class='ocrx_word' id='word_1_280' title='bbox 393 2632 649 2658; x_wconf 63' lang='lat' dir='ltr'>‹l111·‹·hstr2&#39;c71r11.</span> <span class='ocrx_word' id='word_1_281' title='bbox 724 2636 752 2659; x_wconf 74' lang='lat' dir='ltr'>e)</span> <span class='ocrx_word' id='word_1_282' title='bbox 776 2631 860 2657; x_wconf 60' lang='lat' dir='ltr'>Zeila</span> <span class='ocrx_word' id='word_1_283' title='bbox 880 2638 941 2657; x_wconf 75' lang='lat' dir='ltr'>von</span> <span class='ocrx_word' id='word_1_284' title='bbox 964 2631 1105 2656; x_wconf 69' lang='lat' dir='ltr'>amlerer</span> <span class='ocrx_word' id='word_1_285' title='bbox 1127 2630 1234 2657; x_wconf 73' lang='lat' dir='ltr'>Hand.</span> 
     </span>
    </p>
   </div>
  </div>
 </body>
</html>
