2102 3444
225 155 280 197 70
745 156 770 190 Ι.
812 155 1022 190 Abschnitt.
1077 155 1476 200 Konzilstagebiicher.

226 273 478 326 Hungarie,
501 274 764 316 Jerusalem
788 278 832 315 et
856 274 1026 325 Sicilie,
1049 278 1093 316 et
1116 277 1222 316 tunc
1246 274 1415 327 prefati
1440 288 1526 328 pro
1549 288 1657 329 rege
1682 276 1993 318 Romanorum

227 344 567 397 intenderuntfl)
600 345 966 396 protestaciones
997 345 1141 386 factas
1171 345 1404 398 predictas
1433 349 1477 388 et
1506 346 1563 388 de
1593 346 1819 388 cardinali
1850 345 1995 389 sancti

230 415 366 456 Marci
394 428 478 468 pro
506 428 614 468 rege
643 415 873 457 Ludovico
899 415 1103 468 easdem,
1131 417 1288 469 petitis
1315 417 1635 460 instrumentis
1661 420 1706 459 et
1732 416 1881 459 literis
1908 417 1994 460 sub

227 485 353 528 bulla
387 486 581 528 concilii.
630 486 684 528 Et
718 490 1014 529 recesserunt
1050 499 1211 529 omnes
1248 488 1314 529 illi
1351 488 1538 540 domini,
1575 489 1651 540 qui
1688 488 1876 530 fuerant
1908 501 1994 542 pro

224 569 333 610 rege
368 557 692 608 Romanorum,
728 560 772 599 et
804 557 1095 610 postmodum
1131 558 1252 600 idem
1287 558 1433 600 frater
1468 557 1754 601 Laurencius
1786 570 1994 612 resump-

225 629 282 669 sit
305 629 671 681 propositionem
699 631 881 681 sumpto
905 629 1125 670 themate:
1166 629 1376 671 Gaudete
1401 633 1447 671 et
1471 630 1691 671 exultate.
1729 629 1845 672 Ecce
1869 629 1993 671 enim

225 711 403 741 merces
423 702 577 741 vestra
597 699 783 752 copiosa
805 700 928 753 est.¹)
966 699 1169 742 Deduxit
1191 700 1347 742 verbis
1368 700 1613 742 rethoricis
1634 700 1865 753 hystorias
1885 713 1994 754 gen-

222 770 385 822 tilium,
418 769 673 811 Judeorum
705 773 749 812 et
782 770 1167 823 Christianorum,
1200 771 1276 824 qui
1309 783 1393 824 pro
1425 771 1652 823 religione
1684 773 1993 823 certaverunt,

223 840 464 893 applicans
494 841 552 883 ad
581 831 839 893 concilium,
869 841 992 894 quod
1022 854 1106 894 pro
1136 841 1363 895 religione
1393 845 1439 883 et
1468 842 1640 883 unione
1671 841 1868 884 ecclesie
1898 854 1994 884 cer-

223 915 299 964 tat,
329 912 460 954 cuius
491 924 670 965 merces
702 912 888 965 copiosa
918 915 1006 963 est,
1040 912 1281 955 descendit
1312 913 1370 955 ad
1401 912 1565 955 laudes
1597 912 1890 955 dominorum
1921 926 1994 955 su-

223 995 368 1035 orum,
397 995 486 1036 que
514 982 736 1036 precipue
765 983 978 1036 fuissent,
1007 984 1131 1036 quod
1157 984 1243 1026 orti
1274 987 1379 1026 sunt
1406 983 1463 1025 de
1493 984 1630 1026 domo
1657 984 1864 1028 Francie.
1907 984 1994 1026 Ex-

223 1054 376 1106 posuit
410 1054 715 1096 intentionem
750 1067 910 1095 eorum
944 1057 990 1096 et
1023 1053 1244 1096 affectum
1279 1055 1337 1096 ad
1371 1054 1591 1096 unionem
1624 1054 1837 1108 ecclesie,
1871 1054 1994 1108 quod

223 1124 509 1167 adheresunt
544 1128 589 1166 et
625 1124 915 1167 adherebant
951 1126 1146 1167 concilio
1181 1129 1226 1167 et
1262 1138 1312 1166 se
1349 1125 1502 1167 eidem
1537 1129 1582 1167 et
1617 1125 1814 1179 collegio
1848 1125 1994 1168 cardi-

220 1196 395 1238 nalium
425 1195 878 1238 recommendabant.

337 1279 594 1332 Respondit
627 1279 722 1321 illis
756 1279 798 1320 d.
833 1279 1085 1322 cardinalis
1122 1279 1431 1331 Florentinus,
1465 1279 1625 1321 dicens
1659 1291 1709 1322 se
1743 1279 1900 1321 dicere
1933 1278 1992 1321 de

222 1350 438 1392 mandato
465 1350 660 1403 concilii,
688 1351 765 1403 qui
794 1354 948 1392 tamen
975 1351 1156 1392 nullum
1184 1363 1209 1392 a
1235 1351 1430 1392 concilio
1459 1350 1725 1392 mandatum
1750 1349 1993 1402 habuerat,

221 1425 267 1463 et
291 1421 411 1475 cepit
435 1422 590 1463 thema
616 1425 661 1463 et
685 1422 731 1462 in
757 1434 840 1463 sua
866 1422 1075 1463 oratione
1102 1422 1208 1463 illos
1233 1421 1489 1463 nominavit
1514 1433 1672 1474 regem
1698 1424 1743 1463 et
1768 1420 1992 1474 reginam,

221 1493 326 1535 licet
363 1493 421 1534 ad
459 1493 627 1535 multas
665 1493 910 1535 instantias
947 1493 1192 1534 concilium
1230 1505 1315 1546 per
1352 1493 1573 1534 naciones
1608 1504 1847 1545 nunquam
1884 1491 2000 1540 illos*

220 1576 377 1617 regem
402 1577 555 1617 neque
581 1565 789 1617 reginam
815 1565 1058 1606 nominare
1082 1564 1294 1608 voluerit.
1336 1564 1389 1606 Et
1413 1563 1475 1606 ita
1498 1563 1610 1605 fecit
1634 1563 1734 1606 sine
1760 1562 1991 1615 mandato,

218 1648 323 1688 ymo
349 1639 506 1678 contra
534 1635 838 1677 intentionem
865 1636 1063 1677 concilii.
1103 1635 1181 1677 Set
1207 1635 1358 1677 fertur
1385 1635 1570 1688 publice
1597 1634 1797 1676 eundem
1825 1634 1868 1676 d.
1895 1646 1991 1676 car-

220 1707 424 1749 dinalem
467 1720 571 1749 esse
613 1706 930 1749 consiliarium
973 1710 1017 1748 et
1060 1704 1431 1760 stipendiatum'')
1478 1705 1702 1748 dictorum
1743 1705 1904 1748 Jacobi
1944 1707 1990 1748 et

219 1778 446 1820 Johanne.
493 1777 618 1819 Idem
648 1778 689 1819 d.
719 1777 970 1819 cardinalis
999 1779 1280 1830 prosequtus
1308 1781 1378 1819 est
1407 1776 1571 1819 laudes
1600 1777 1787 1818 illorum
1815 1789 1876 1818 ex
1903 1775 1991 1819 ori-

218 1850 324 1902 gine
361 1849 524 1891 domus
558 1849 767 1901 Francie,
802 1849 943 1890 nichil
979 1862 1037 1889 ex
1071 1849 1302 1901 personis,
1337 1852 1381 1890 et
1415 1849 1485 1889 eis
1518 1848 1612 1901 egit
1644 1847 1832 1901 gratias,
1866 1846 1990 1901 quod

218 1920 441 1962 miserant
474 1919 532 1962 ad
564 1919 821 1962 concilium.

339 2003 422 2044 Die
452 2003 631 2045 sabbati
661 2003 782 2044 XIX.
812 2002 1101 2055 Septembris
1130 2003 1248 2044 sedit
1276 2002 1519 2044 concilium
1548 2003 1650 2044 sine
1679 2001 1990 2044 sollemnitate

219 2078 265 2116 et
306 2074 519 2116 fecerunt
560 2074 835 2116 relationem
878 2074 936 2115 de
977 2073 1120 2127 gestis
1162 2074 1208 2114 in
1251 2073 1491 2126 Hispaniis
1532 2085 1616 2126 pro
1656 2073 1989 2126 prosecucione

219 2146 405 2187 unionis
439 2146 649 2187 ecclesie.
699 2145 860 2186 Frater
893 2144 1169 2186 Lambertus
1203 2144 1261 2185 de
1293 2144 1457 2197 Stipite
1491 2144 1784 2186 decretorum
1817 2143 1989 2195 doctor,

218 2217 346 2269 prior
388 2217 445 2258 de
489 2216 774 2270 Belcheya0),
816 2216 1028 2268 dyocesis
1070 2215 1358 2267 LeodiensiS,
1401 2219 1446 2256 et
1488 2215 1654 2257 Petrus
1696 2214 1754 2256 de
1796 2213 1988 2266 Trilhia,

218 2287 570 2329 archidiaconus
599 2287 645 2328 in
674 2287 871 2329 ecclesia
899 2286 1127 2338 Albiensi,
1156 2286 1233 2338 qui
1262 2299 1321 2327 ex
1349 2288 1481 2338 parte
1508 2285 1689 2327 concilii
1716 2288 1762 2327 et
1788 2284 1881 2327 duo
1908 2284 1987 2327 alii

216 2372 275 2400 ex
303 2362 434 2411 parte
466 2359 589 2411 regis
618 2358 944 2410 Romanorum,
974 2358 1051 2410 qui
1082 2357 1141 2399 ad
1168 2369 1274 2398 eum
1305 2358 1502 2408 iverunt,
1531 2356 1721 2398 fuerunt
1750 2356 1796 2398 in
1824 2355 1988 2410 Hispa-

216 2430 306 2471 niis
346 2429 523 2472 dimissi
563 2430 620 2471 ad
660 2428 1045 2482 prosequcionem
1084 2428 1339 2481 predictam
1378 2431 1423 2469 et
1461 2428 1582 2470 ultra
1621 2440 1690 2480 ea,
1728 2440 1818 2480 que
1855 2430 1985 2481 gesta

215 2504 349 2542 erant
381 2513 466 2553 per
501 2513 657 2553 regem
691 2500 1002 2542 Romanorum
1035 2503 1081 2541 et
1115 2500 1290 2552 legatos
1323 2498 1520 2550 concilii,
1554 2499 1830 2551 retulerunt,
1863 2497 1986 2551 quod

216 2572 351 2614 litere
378 2571 718 2613 convocationis
745 2571 1074 2624 Hispanorum,
1101 2570 1158 2612 de
1185 2570 1354 2623 quibus
1382 2569 1429 2611 in
1454 2569 1669 2623 capitulis
1696 2568 1986 2612 concordatis

215 2644 269 2685 fit
298 2643 490 2694 mencio,
519 2642 708 2684 fuerant
735 2645 1003 2695 presentate
1034 2641 1131 2694 regi
1161 2644 1206 2683 et
1233 2640 1393 2693 regine
1424 2640 1628 2682 Castelle
1655 2643 1700 2682 et
1728 2653 1830 2682 cum
1858 2639 1984 2682 diffi-

215 2715 382 2756 cultate
408 2715 582 2767 recepti
607 2717 651 2755 et
676 2713 817 2755 dilata
841 2714 910 2754 eis
935 2712 1172 2755 audientia
1197 2711 1560 2764 impedientibus
1584 2710 1862 2764 quibusdam
1884 2710 1984 2753 fau-

213 2786 393 2828 toribus
424 2785 549 2827 Petri
579 2785 636 2826 de
669 2785 812 2837 Luna,
845 2785 922 2837 qui
954 2786 1116 2837 postea
1148 2783 1204 2824 de
1236 2782 1371 2824 domo
1403 2782 1530 2835 regia
1560 2781 1752 2824 fuerunt
1781 2781 1982 2835 expulsi,

215 2860 258 2898 et
282 2856 466 2898 demum
490 2857 625 2898 litere
649 2859 834 2909 recepte
857 2858 901 2897 et
922 2855 1156 2908 publicate
1182 2855 1226 2895 in
1252 2865 1395 2907 regno
1419 2852 1636 2895 Castelle.
1671 2852 1983 2906 Responsum-

319 2992 349 3011 a»
371 2983 583 3011 intenderunt
633 3005 637 3008 .
687 2984 904 3010 Romanorum
925 2982 1004 3015 felic!
1028 2982 1056 3009 ζ’.
1096 2982 1128 3011 b)
1152 2983 1178 3009 B
1199 2981 1449 3017 stipendiorum.
1489 2982 1516 3009 cl
1540 2982 1563 3009 (¹
1582 2980 1791 3015 Berohyeaja.

340 3044 371 3088 1)
401 3044 465 3078 Mt.
493 3046 524 3086 5,
550 3044 603 3079 12.
