2102 3444
325 209 410 249 698
760 204 826 239 ΙΙΙ.
859 202 1068 238 Abschnitt.
1112 201 1265 236 Reform
1297 201 1374 234 und
1408 200 1656 245 Verfassung.

328 325 627 377 supplantare
656 327 699 365 et
728 321 911 374 penitus
943 319 1207 361 instabilem
1237 317 1438 361 reddere
1465 318 1715 372 nitebatur,
1743 319 1859 362 sicut
1888 333 1947 362 ex
1974 319 2092 374 ipsa-

330 408 426 436 rum
468 393 762 444 infrascripto
799 395 960 432 tenore
998 389 1246 431 manifeste
1285 389 1525 431 constabit.
1576 389 1699 440 Quas
1735 393 1890 432 tamen
1928 403 2093 444 propo-

328 465 524 506 siciones
553 477 610 504 cx
641 461 985 503 deliberacione
1014 460 1151 502 totius
1182 472 1312 502 sacre
1343 459 1576 502 facultatis
1605 460 1862 514 theologice
1893 461 2093 514 oportuit

330 535 476 587 ipsum
518 546 738 586 reparare
774 536 818 573 ct
856 532 1208 584 pro-posiciones
1245 530 1482 583 oppositas
1518 543 1736 573 asserere
1772 532 1943 585 palam,
1980 532 2095 575 sicut

328 608 519 658 apparet
554 604 597 645 in
634 604 939 645 instrumento
971 614 1112 655 super
1144 602 1229 643 hoc
1259 601 1482 643 confecto.
1528 601 1625 653 Qua
1658 601 1897 644 occasione
1930 605 2094 645 stoma-

327 676 443 717 chati
478 675 646 716 fratres
679 674 735 715 de
769 673 933 715 ordine
968 671 1333 714 Mendicancium
1367 671 1425 714 ad
1450 672 1688 724 quandam
1717 672 2094 716 adnullaoionem

328 746 444 786 dicte
473 744 784 787 revocacionis
812 744 908 786 sive
936 742 1253 795 reparacionis
1280 743 1326 784 in
1351 742 1662 795 preiudioium
1688 743 1795 785 dicti
1819 745 1969 787 «status
1991 756 2095 797 pre·

331 818 523 858 latorum
562 815 785 857 maiorum
823 818 868 857 et
906 815 1150 866 minorum,
1188 813 1553 866 considerantes,
1592 814 1715 866 quod
1750 826 1920 867 papam
1956 814 2096 857 habe·

328 887 436 928 bant
464 887 520 928 de
550 886 713 928 ordine
745 885 972 927 Minorum
1002 884 1167 926 dictam
1195 884 1372 926 bullam
1399 884 1459 926 ab
1487 897 1557 937 eo,
1588 885 1746 927 insciis
1775 884 1976 928 dominis
2001 897 2095 928 car-

327 957 577 1009 dinalibus,
601 956 878 999 cautissimis
901 955 1066 998 mediis
1087 958 1400 997 extorserunt.
1436 955 1492 998 Et
1513 955 1620 1008 quia
1642 958 1777 997 tenor
1798 955 1905 998 dicti
1929 956 2096 1000 instru-

329 1027 465 1069 menti
496 1028 688 1068 multum
716 1027 824 1069 facit
847 1027 910 1069 ad
935 1027 1225 1079 propositum
1253 1029 1462 1068 nostrum
1491 1029 1537 1068 et
1564 1026 1622 1068 ad
1651 1026 1983 1069 stabiliendum
2009 1029 2096 1070 sta-

326 1102 419 1140 tum
453 1102 713 1140 curatorum
745 1101 792 1139 et
825 1098 882 1140 ad
912 1097 1285 1139 declaracionem
1314 1096 1595 1139 iintencionis
1627 1110 1803 1151 eorum,
1837 1098 1915 1150 qui
1946 1097 2095 1151 nobis,

326 1182 384 1211 ne
408 1169 620 1221 dixerim,
645 1169 727 1211 sed
751 1168 945 1221 prelatis
969 1172 1014 1211 et
1037 1167 1221 1221 curatis,
1246 1181 1362 1220 quos
1383 1168 1469 1209 hec
1492 1167 1687 1210 materia
1706 1168 1978 1221 specialiter
1999 1171 2094 1212 tan-

325 1240 402 1292 git,
426 1239 747 1292 adversantur,
773 1240 923 1292 ipsum
948 1239 1004 1280 de
1029 1239 1173 1281 verbo
1198 1239 1255 1281 ad
1280 1239 1474 1280 verbum
1498 1239 1722 1292 predictis
1746 1239 2094 1294 subscrib-imus,

327 1310 470 1352 i'idem
504 1310 561 1352 de
594 1310 678 1352 hoc
713 1311 798 1353 sub
833 1323 971 1352 manu
1004 1309 1204 1363 publica,
1241 1310 1278 1352 si
1313 1322 1430 1363 opus
1462 1312 1603 1363 esset,
1638 1310 1750 1352 dare
1782 1311 1935 1364 parati
1969 1310 2090 1365 etc.³)

500 1417 538 1459 3.
588 1417 787 1459 Annexa
821 1419 921 1460 crat.
954 1416 1109 1459 littera
1143 1427 1342 1469 presens
1377 1416 1570 1460 sabbato
1604 1417 1712 1459 ante
1747 1414 1919 1470 ,Oculi‘.

443 1500 511 1541 Ex
542 1502 675 1552 parte
709 1499 1090 1542 reverendissimi
1122 1499 1270 1552 patris
1302 1499 1349 1540 in
1383 1499 1567 1542 Christo
1599 1499 1647 1541 P.
1683 1498 1758 1541 dei
1790 1497 1945 1552 gracia
1975 1497 2094 1540 Ven-

326 1571 535 1624 ciensis¹)
573 1570 778 1623 episcopi
813 1574 860 1612 et
892 1570 948 1612 de
985 1570 1203 1613 mandato
1232 1570 1430 1624 speciali
1465 1570 1681 1613 omnibus
1713 1569 1924 1623 prelatis,
1957 1567 2094 1622 patri-

327 1642 492 1694 archis,
534 1641 909 1694 archiepiscopis
949 1641 1197 1695 episcopis,
1241 1641 1501 1694 abbatibus,
1543 1641 1704 1683 electis
1747 1640 2008 1693 ceterisque
2045 1638 2094 1681 in

328 1725 455 1754 sacra
496 1712 664 1765 pagina
702 1713 936 1765 magistris
978 1725 1028 1755 ac
1067 1713 1309 1766 utriusque
1351 1713 1467 1755 iuris
1507 1711 1787 1765 doctoribus,
1827 1709 2093 1762 licencia-tis,

326 1782 610 1836 baccalariis,
655 1783 1035 1836 procuratoribus
1081 1787 1125 1826 et
1169 1783 1432 1837 principum
1477 1782 1793 1836 cuiuscunque
1836 1779 2094 1823 eminenoie

326 1854 735 1907 ambaxiatoribus,
770 1854 818 1896 ¹in
856 1855 941 1897 hoc
980 1868 1112 1897 sacro
1152 1854 1346 1897 concilio
1383 1854 1644 1897 constitutis
1683 1854 1935 1906 intimatur,
1973 1850 2094 1906 quod

327 1925 401 1966 die
427 1926 626 1967 crastina
651 1925 695 1966 in
720 1926 857 1967 domo
880 1926 1078 1968 fratrum
1107 1926 1333 1968 Minorum
1356 1925 1472 1968 hora
1498 1925 1702 1968 secunda
1725 1927 1829 1978 post
1853 1923 2093 1966 meridie-m

327 1995 641 2038 recitabuntur
670 1997 849 2039 articuli
880 2009 966 2050 per
995 1996 1416 2039 reverendissimos
1444 1999 1489 2039 et
1517 1995 1927 2038 metuendissimos
1953 1993 2093 2037 domi-

327 2079 410 2108 nos
437 2068 679 2119 magistros
706 2072 750 2110 et
776 2067 1001 2120 doctores,
1028 2069 1205 2121 legato-s
1230 2071 1278 2110 et
1303 2066 1647 2110 ambaxiatores
1674 2066 1794 2109 alme
1821 2069 1867 2109 et
1891 2069 2093 2109 metuen-

328 2137 516 2179 dissime
544 2138 860 2181 universitatis
890 2138 1183 2193 parisiens-is,
1213 2138 1387 2189 dudum
1417 2139 1507 2181 iam
1533 2138 1757 2191 publicati
1785 2149 1871 2190 per
1897 2135 2092 2179 eandem

327 2211 482 2250 contra
515 2209 759 2261 religiosos
795 2209 1125 2263 Mendicantes,
1156 2209 1402 2262 privilegia
1435 2210 1492 2251 ab
1522 2208 1723 2251 ecclesia
1752 2208 1981 2250 habentes
2010 2218 2093 2249 nec

326 2291 417 2319 non
450 2283 605 2322 contra
637 2293 935 2333 quoscunque
970 2293 1173 2323 summos
1203 2280 1468 2333 pontificeS,
1499 2280 1611 2322 talia
1640 2279 1821 2322 eisdem
1850 2276 2092 2333 privilegia

327 2350 645 2393 concedentes.
689 2351 1060 2393 Declarabuntur
1089 2351 1234 2394 eciam
1263 2351 1445 2394 articuli
1475 2354 1633 2392 contra
1663 2361 1962 2403 quoscunque
1990 2347 2092 2391 reli-

326 2420 478 2471 giosos
507 2422 605 2464 sive
636 2423 892 2475 regulares,
922 2422 1169 2476 privilegia
1199 2423 1245 2464 in
1275 2421 1584 2475 prejudicium
1613 2420 1956 2464 ordinariorum
1983 2417 2093 2462 obti-

330 2495 492 2533 nentes
521 2496 565 2534 et
594 2493 910 2545 impetrantes.

446 2562 576 2605 Ultra
614 2564 698 2605 hoc
739 2567 900 2616 agetur
939 2567 1097 2606 contra
1137 2565 1407 2617 magistrum
1446 2563 1708 2606 Johannem
1749 2562 1901 2615 Parvi,
1940 2561 2092 2614 damp-

331 2636 433 2674 nate
473 2634 706 2686 memorie,
744 2634 954 2677 eiusdem
992 2635 1310 2678 universitatis
1345 2634 1496 2677 filium
1534 2637 1579 2676 et
1615 2636 1773 2676 contra
1809 2633 2016 2676 fautores
2048 2631 2092 2673 et

331 2716 552 2755 sequaces
595 2705 818 2757 eiusdem,
861 2706 1061 2748 maxime
1103 2709 1261 2747 contra
1305 2705 1566 2747 Johannem
1609 2704 1772 2747 ducem
1813 2701 2090 2757 Burgundie,

331 2773 445 2815 alias
480 2775 522 2815 in
558 2776 762 2827 predicta
796 2776 1098 2818 universitate
1132 2776 1188 2818 de
1221 2776 1318 2818 fide
1352 2778 1630 2829 suspectum,
1662 2778 1711 2818 ut
1742 2787 1884 2828 super
1915 2773 2006 2816 hiis
2035 2770 2092 2815 ab

331 2844 542 2885 omnibus
564 2845 791 2888 habeatur
814 2847 1057 2889 consilium
1080 2850 1126 2889 et
1150 2847 1390 2889 auxilium.
2030 2875 2035 2879 -

447 2915 673 2968 Sigillum:
703 2918 858 2969 aquila
885 2917 973 2961 fuit
998 2918 1044 2959 in
1071 2917 1198 2960 ruffa
1224 2930 1330 2960 cera
1357 2918 1600 2970 impressa.
1714 2916 1763 2959 P.
1791 2916 1848 2958 de
1875 2915 1975 2958 Poli
2003 2913 2089 2969 (⁶3).

437 3015 465 3033 a)
489 3008 525 3033 A,
547 3009 570 3033 l›'
584 3008 665 3040 sulm
687 3017 750 3034 nun
773 3010 832 3034 slus·
853 3010 1013 3035 mutilante
1035 3010 1289 3036 lustramentum
1314 3010 1371 3036 det·
1395 3010 1571 3036 fllium-iton
1594 3017 1663 3036 vom
1684 3009 1788 3037 Jahre
1808 3010 1880 3035 1408
1899 3005 1953 3040 „111
1967 3002 2092 3033 nomino

332 3052 463 3080 «tormini.
497 3054 568 3079 l‘nix
580 3054 662 3080 visis
676 3063 811 3088 presens
825 3055 1078 3083 instriunentiun
1091 3056 1295 3090 inspecturis
1315 3057 1427 3091 pateat
1442 3056 1621 3089 evidenter,
1637 3056 1725 3091 quod
1740 3062 1825 3083 anno
1838 3049 2036 3082 Mccccvm

449 3104 478 3143 ¹)
509 3102 649 3136 Paulus
677 3105 724 3138 (le
751 3104 873 3146 Cario,
902 3105 1028 3147 legum
1055 3105 1194 3140 doctor.
