2102 3444
289 151 375 195 226
826 150 850 184 1.
877 148 1087 185 Abschnitt.
1127 148 1527 193 Konzilstagebiicher.

292 272 444 312 autem
473 268 736 311 cardinales
769 268 1040 310 infirmitate
1070 268 1248 322 gravati
1278 280 1327 310 se
1357 270 1548 321 propter
1578 266 1897 309 infirmitatem
1926 278 2062 309 excu-

292 343 524 385 saverunt.

410 410 584 453 Eadem
610 410 685 452 die
712 413 815 464 post
840 409 1089 463 prandium
1116 409 1253 451 revmi
1279 422 1321 463 p.
1349 409 1390 452 d.
1419 409 1475 452 de
1503 409 1775 462 Columpna‚
1802 409 1946 451 sancti
1972 409 2063 450 An·

290 483 383 535 geli
416 485 463 524 et
498 481 554 523 de
591 481 861 535 Comitibus,
898 494 932 523 s.
968 481 1018 522 R.
1054 494 1093 523 e.
1131 481 1408 533 cardinales,
1444 483 1657 534 patentes
1693 480 1750 522 de
1786 479 2061 522 Constancia

292 555 588 595 recesserunt
610 555 654 594 et
676 564 841 595 versus
863 552 1103 595 Scafusam
1127 564 1212 605 per
1234 555 1406 594 terram
1429 565 1537 594 suos
1559 564 1750 605 gressus
1773 550 2061 593 direxerunt.

410 624 496 666 Die
518 623 673 676 itaque
695 622 856 666 martis
876 623 1042 665 XXVI.
1065 622 1240 666 mensis
1265 623 1420 665 Marcii
1443 621 1828 665 convenientibus
1850 621 1897 663 in
1920 621 2063 664 eccle-

291 694 361 736 sia
386 693 642 737 cathedrali
668 693 1021 736 Constanciensi
1045 706 1130 747 pro
1155 693 1365 736 cessione
1388 693 1673 736 celebranda
1699 692 1740 735 d.
1766 704 1878 746 rege
1901 692 2063 735 Roma-

290 777 455 807 norum
487 768 532 806 et
561 763 785 818 predictis
816 765 857 807 d.
889 764 1222 818 cardinalibus,
1253 764 1470 807 videlicet
1502 763 1855 807 Cameracensis
1886 765 1931 806 et
1962 763 2063 806 Flo-

290 834 516 888 rentinus,
552 848 603 878 ac
637 835 853 878 omnibus
889 835 934 877 in
971 848 1103 878 sacro
1139 835 1488 878 Constanciensi
1523 835 1719 877 concilio
1753 833 2063 877 existentibus

291 907 526 959 missaque
567 918 652 959 per
692 906 862 948 dictum
903 906 944 949 d.
987 906 1371 949 Cameracensem
1413 906 1649 949 celebrata
1689 905 1901 959 prefatus
1943 905 2061 948 dom.

292 977 566 1020 Franciscus
598 976 850 1020 cardinalis
881 977 1181 1020 Florentinus
1212 977 1512 1030 infrascripta
1546 977 1674 1030 legit:

414 1048 464 1090 In
500 1048 586 1090 Dei
622 1047 810 1090 nomine
845 1048 1008 1090 Amen.

406 1118 543 1161 Anno
577 1118 751 1161 domini
785 1117 1033 1161 millesimo
1068 1153 1076 1161 .
1113 1153 1120 1160 .
1157 1153 1164 1160 .
1199 1118 1385 1172 publica
1418 1118 1780 1173 instrumenta.¹)
1829 1117 2062 1172 Sequntur

292 1189 385 1243 illa,
440 1202 529 1243 que
582 1201 668 1242 per
720 1198 908 1231 revmum
961 1202 1004 1243 p.
1060 1189 1100 1231 d.
1155 1189 1442 1232 cardinalem
1497 1190 1817 1232 Florentinum
1872 1189 2064 1231 fuerunt

290 1260 409 1303 lecta
444 1261 491 1302 in
527 1261 738 1303 sessione
772 1261 960 1314 publica
995 1260 1270 1303 Constancie
1307 1261 1542 1303 celebrata
1577 1260 1651 1302 die
1687 1260 1849 1311 XXVI.
1887 1260 2062 1302 mensis

292 1331 451 1374 Marcii
504 1331 826 1385 MCCCCXVa)
880 1334 1101 1384 presente
1153 1331 1456 1374 serenissimo
1505 1330 1716 1385 principe
1767 1330 2063 1385 Sigismundo

291 1415 401 1455 rege
425 1401 753 1456 Romanorum,
778 1402 1016 1455 Hungarie
1040 1405 1123 1444 etc.
1149 1405 1194 1444 et
1217 1411 1363 1445 revmo
1389 1403 1435 1444 in
1461 1402 1566 1444 Chr.
1592 1414 1635 1456 p.
1661 1401 1703 1444 d.
1729 1401 1955 1444 cardinali
1981 1401 2063 1444 Ca-

291 1473 551 1515 meracensi
578 1472 753 1515 ibidem
779 1475 885 1515 tunc
911 1471 1198 1526 presidente.

409 1544 463 1586 Et
489 1543 641 1597 primo
670 1543 869 1597 quedam
900 1542 1167 1586 exhortacio
1196 1546 1379 1597 sumpta
1409 1543 1465 1585 de
1495 1542 1754 1597 pontificali
1782 1545 1828 1585 et
1855 1555 1915 1585 ex
1942 1542 2064 1585 libro

292 1613 591 1657 conciliorum
623 1614 746 1657 edita
778 1614 835 1657 ab
868 1612 1125 1669 Ysidor0.¹>)

411 1685 526 1727 Ecce
551 1685 830 1729 sanctissimi
856 1719 864 1728 .
900 1719 908 1727 .
944 1719 953 1728 .
979 1684 1243 1728 sollicitudo
1267 1686 1582 1739 compescat.²)

408 1756 481 1798 Ad
507 1755 733 1798 honorem
762 1756 950 1799 laudem
980 1759 1026 1799 et
1051 1756 1249 1810 gloriam
1279 1790 1288 1799 .
1323 1790 1332 1798 .
1367 1790 1376 1798 .

410 1827 466 1869 Et
492 1826 646 1879 primo
675 1827 798 1880 quod
828 1826 930 1880 ipsa
960 1826 1049 1869 fuit
1075 1830 1122 1869 et
1147 1829 1222 1869 est
1250 1829 1375 1869 recte
1405 1830 1451 1869 et
1481 1827 1569 1869 rite
1599 1829 1847 1870 convocata
1879 1859 1887 1868 .
1922 1859 1931 1869 .
1967 1859 1975 1868 .

414 1897 526 1940 Item
560 1897 683 1941 istud
717 1931 725 1940 .
762 1931 769 1939 .
806 1936 812 1942 .
849 1897 905 1941 sit
938 1897 1193 1941 reformata
1227 1898 1275 1940 in
1307 1897 1405 1940 fide
1439 1901 1485 1941 et
1516 1897 1724 1941 moribus
1755 1900 1802 1940 et
1834 1898 1882 1940 in
1915 1897 2064 1951 capite

292 1971 336 2011 et
369 1969 416 2010 in
448 1968 672 2012 membris
705 2002 714 2010 .
750 2002 758 2010 .
794 2002 802 2011 .
835 1968 1183 2023 exequendis.³)

410 2039 585 2081 Eadem
614 2039 690 2081 die
718 2042 821 2093 post
848 2052 1073 2092 vesperas
1102 2039 1240 2082 revmi
1267 2052 1310 2093 p.
1340 2039 1381 2082 d.
1410 2039 1683 2094 Jordanuse)
1714 2039 1961 2094 episcopus
1988 2039 2066 2081 Al-

291 2110 515 2153 banensis
546 2110 602 2152 de
635 2109 819 2152 Ursinis
851 2123 902 2153 ac
932 2109 1211 2153 Wilhelmus
1240 2111 1361 2153 tituli
1393 2111 1538 2153 sancti
1571 2110 1712 2153 Marci
1742 2110 1991 2164 presbyter
2020 2112 2065 2152 et

293 2180 528 2223 Amedeus
555 2193 589 2223 s.
620 2180 761 2223 Marie
787 2181 912 2223 Nove
938 2180 1160 2224 diaconus
1185 2181 1243 2223 de
1269 2181 1479 2235 Saluciis‚
1506 2181 1583 2235 qui
1609 2180 1799 2224 fuerant
1821 2193 1907 2235 pro
1931 2183 2063 2235 parte

295 2252 413 2294 sacri
447 2251 630 2304 collegii
665 2251 723 2293 ad
756 2251 797 2293 d.
830 2254 1040 2294 nostrum
1073 2264 1241 2305 papam
1274 2252 1415 2305 legati
1450 2251 1683 2306 destinati,
1716 2263 1802 2294 nec
1833 2264 1928 2294 non
1959 2252 2066 2294 Ala-

294 2334 490 2364 mannus
520 2322 641 2364 tituli
672 2322 816 2365 sancti
846 2320 1078 2377 Eusebii‘l)
1112 2322 1310 2366 Pisanus
1341 2325 1478 2375 atque
1506 2321 1736 2366 Antonius
1765 2321 1886 2365 tituli
1916 2335 1950 2365 s.
1983 2321 2065 2365 Ce-

294 2393 399 2435 cilie
435 2393 492 2435 de
528 2392 744 2435 Challant
778 2392 1057 2446 presbyteri,
1094 2406 1128 2435 s.
1164 2393 1213 2435 R.
1250 2405 1287 2437 e.
1325 2393 1604 2446 cardinales,
1639 2393 1913 2436 rediverunt
1947 2405 1986 2436 a.
2021 2392 2063 2435 d.

294 2466 453 2506 nostro
477 2476 599 2517 papa
623 2463 670 2505 in
695 2462 888 2506 Scasusa
914 2466 1122 2505 morante
1149 2463 1432 2517 fueruntque
1458 2475 1620 2507 omnes
1644 2463 1701 2506 de
1727 2476 1887 2507 eorum
1912 2463 2066 2506 reditu

293 2534 430 2576 valde
458 2534 673 2588 contenti,
702 2536 962 2587 sperantes,
991 2534 1113 2587 quod
1141 2534 1263 2576 bona
1291 2547 1410 2577 nova
1436 2537 1690 2588 portarent.
1732 2534 1929 2589 Propter
1956 2547 2066 2588 quo-

295 2618 396 2647 rum
435 2604 633 2647 reditum
675 2604 838 2657 sessio,
878 2617 1015 2657 quam
1056 2604 1101 2646 in
1141 2605 1392 2647 crastinum
1432 2604 1652 2648 naciones
1690 2605 1849 2648 facere
1889 2604 2065 2648 delibe-

294 2678 526 2729 raverant,
560 2678 807 2729 prorogata
843 2678 926 2728 est,
961 2678 1251 2728 quatuorque
1285 2688 1343 2717 ex
1377 2675 1598 2728 predictis
1632 2675 1949 2719 cardinalibus
1983 2676 2066 2718 illo

296 2759 401 2789 sero
426 2759 527 2789 cum
553 2746 595 2788 d.
622 2758 732 2800 rege
759 2749 805 2788 et
830 2745 934 2789 aliis
959 2745 1290 2799 cardinalibus,
1317 2746 1394 2799 qui
1422 2746 1700 2789 Constancie
1726 2749 2064 2800 remanserant,

402 2876 429 2903 u)
451 2872 645 2899 Jahresxahl
666 2872 745 2905 fehlt
770 2874 797 2897 (¹.
857 2873 887 2905 b)
913 2875 950 2897 (·:
974 2872 1088 2898 dero.
1149 2878 1176 2900 cl
1200 2874 1233 2900 (¹2
1256 2872 1429 2899 Johunnos.
1486 2873 1518 2900 ‹l›
1540 2873 1578 2899 ad
1602 2893 1606 2898 .
1629 2894 1632 2898 .
1655 2894 1659 2898 .
1681 2873 1813 2900 Euscbii
1834 2872 1914 2907 fehlt
1938 2875 1965 2901 c.

415 2934 445 2975 1)
478 2932 598 2968 Hardt
629 2931 695 2974 IV,
726 2931 817 2976 73†‚·
849 2932 975 2967 Mansz'
1006 2931 1165 2975 XXVII,
1195 2932 1302 2976 518f.

414 2993 445 3034 2)
475 2991 594 3025 Hardl
622 2991 686 3033 11',
714 2992 775 3033 71;
805 2990 931 3025 Mansi
958 2989 1116 3033 XXVII,
1142 2991 1220 3026 580.

414 3050 445 3090 3)
477 3049 597 3083 Hardt
626 3049 690 3089 IV,
721 3049 782 3090 72·
815 3049 939 3083 Mansi
970 3047 1127 3091 XXVII,
1157 3050 1224 3085 580
1238 3049 1262 3092 Ῐ.
