2102 3444
268 128 351 172 100
796 127 821 162 I.
857 127 1065 163 Abschnitt.
1113 127 1512 173 Konzilstagebiicher.

384 246 441 288 Ut
476 245 810 299 insuperabilis
844 247 1017 288 veritas
1048 249 1094 288 et
1127 246 1308 289 iusticia
1343 280 1351 288 .
1387 283 1394 290 .
1431 281 1439 289 .
1474 246 1803 300 opportunis.¹)

386 317 470 359 Die
505 318 614 358 lune
648 320 765 370 post,
799 316 1133 368 ,Misericordia
1168 317 1370 370 domini‘,
1405 330 1493 371 que
1527 318 1613 359 fuit
1647 317 1811 359 XXVI.
1845 316 2036 370 Aprilis,

267 387 570 429 commissarii
617 388 663 428 in
708 400 846 430 causa
891 391 1049 430 contra
1095 388 1280 429 Petrum
1328 388 1384 430 de
1431 388 1559 430 Luna
1604 390 1934 441 processerunt
1978 387 2036 429 ad

268 458 598 501 admissionem
624 459 922 500 articulorum
948 462 1084 511 atque
1109 459 1294 501 testium
1317 462 1361 501 et
1385 459 1674 501 admiserunt
1698 459 1803 501 illos
1827 459 1928 512 ipso
1951 470 2036 512 per

267 529 557 571 audienciam
587 529 973 571 contradictorum
1001 533 1046 571 et
1076 529 1121 570 in
1151 530 1299 572 valvis
1328 531 1524 572 ecclesie
1556 529 1934 572 Constanciensis
1962 541 2037 571 vo-

267 603 365 642 cato
395 603 439 642 et
471 603 750 652 receperunt
780 600 955 642 XXVII
988 600 1179 642 iuratos:
1213 600 1476 642 cardinales
1509 613 1606 653 sex,
1638 599 1900 653 patriarche
1931 599 2036 652 duo,

267 670 619 724 archiepiscopi,
645 670 865 724 episcopi,
891 671 1103 713 doctore-s
1129 674 1173 713 et
1199 671 1406 725 magistri
1433 675 1477 713 et
1503 672 1636 724 pauci
1664 671 1754 712 nisi
1780 670 2032 724 doctoresss)

266 745 309 783 et
342 742 449 784 illos
483 741 821 783 distribuerunt
853 742 1190 784 examinandos
1224 741 1510 795 quibuslibet
1543 742 1693 784 tribus
1725 744 1770 783 et
1803 741 2037 795 aliquibus

267 812 462 864 duobus,
486 812 593 865 quia
617 812 708 854 duo
731 816 959 865 poterant.

384 883 537 924 Tenor
568 895 680 925 vero
710 883 1010 925 articulorum
1042 887 1113 925 est
1143 883 1267 925 talis:

383 953 602 1006 Sequitur
640 966 888 1007 processus
927 957 1086 996 contra
1126 954 1313 996 Petrum
1353 955 1410 996 de
1452 952 1638 1008 Luna.¹’)

382 1024 577 1066 Articuli
609 1027 767 1066 contra
800 1025 988 1066 Petrum
1020 1025 1077 1066 de
1110 1025 1239 1067 Luna
1272 1026 1318 1066 in
1351 1038 1433 1067 sua
1464 1024 1738 1067 obediencia
1770 1023 2035 1077 nuncupati.

382 1095 454 1136 Ad
487 1095 769 1148 multiplices
805 1129 813 1137 .
850 1129 857 1136 .
894 1129 902 1137 .
937 1095 1219 1150 expedire.²)

381 1165 482 1208 Hiis
513 1165 713 1218 receptis
744 1166 950 1208 articulis
980 1169 1025 1208 et
1055 1167 1252 1208 testibus
1282 1169 1612 1220 processerunt
1642 1165 1946 1208 commissarii
1978 1165 2036 1208 ad

264 1237 450 1278 testium
482 1236 882 1278 examinacionem
914 1240 959 1278 et
990 1237 1080 1278 hiis
1111 1237 1427 1290 pendentibus
1460 1237 1598 1290 legati
1632 1237 1836 1279 Castelle
1869 1237 2036 1278 iterum

265 1307 611 1360 requisiverunt
654 1307 919 1350 cardinales
960 1311 1006 1350 et
1048 1307 1165 1350 alios
1206 1307 1456 1350 certificari
1499 1308 1556 1349 de
1600 1307 1736 1350 modo
1778 1307 2036 1357 electionis,

263 1381 454 1431 propter
491 1378 614 1431 quod
651 1378 738 1420 fuit
775 1378 899 1431 apud
934 1378 1199 1421 cardinales
1234 1382 1279 1420 et
1315 1378 1495 1431 aliquas
1532 1379 1754 1421 naciones
1791 1381 1940 1420 actum
1975 1377 2034 1420 de

265 1449 492 1490 electione
516 1449 661 1490 futuri
685 1461 825 1501 pape;
850 1452 895 1490 et
919 1449 966 1490 in
988 1449 1184 1491 nacione
1208 1449 1387 1491 Ytalica
1411 1461 1496 1502 per
1519 1449 1662 1491 multo
1687 1448 1909 1491 maiorem
1931 1460 2036 1502 par-

262 1523 353 1561 tem
381 1520 662 1573 conclusum,
692 1519 815 1573 quod
841 1519 1105 1562 cardinales
1133 1519 1362 1572 eligerent
1390 1519 1644 1562 secundum
1672 1519 1870 1562 formam
1898 1519 2031 1571 iuris;

263 1590 310 1631 in
343 1590 537 1632 nacione
574 1590 817 1632 Gallicana
850 1590 1042 1632 fuerunt
1077 1590 1171 1632 dati
1206 1590 1413 1643 deputati
1451 1590 1509 1632 ad
1544 1589 1889 1643 disputandum,
1923 1589 2035 1643 quid

262 1661 599 1714 expediencius
630 1664 772 1703 esset:
807 1674 976 1714 papam
1009 1661 1119 1714 eligi
1152 1673 1237 1713 per
1269 1661 1533 1703 cardinales
1565 1661 1639 1703 vel
1672 1673 1758 1714 per
1789 1660 2032 1702 concilium

261 1734 404 1773 totum
433 1732 508 1773 vel
537 1731 743 1784 mixtum,
772 1735 849 1773 aut
879 1731 1009 1773 alias.
1049 1731 1133 1783 Qui
1162 1731 1369 1784 deputati
1399 1732 1582 1773 iverunt
1611 1731 1670 1773 ad
1696 1730 1960 1774 cardinales
1989 1732 2033 1773 et

262 1803 379 1844 alias
405 1802 626 1844 naciones
652 1801 961 1855 requirentes,
989 1802 1112 1855 quod
1138 1802 1304 1844 darent
1330 1802 1474 1844 eciam
1502 1802 1746 1855 deputatos
1773 1801 1832 1844 ad
1857 1802 2034 1844 delibe-

263 1873 458 1915 randum
502 1885 644 1926 super
682 1873 940 1926 premissis.
995 1873 1271 1915 Cardinales
1311 1876 1650 1915 consenserunt
1690 1872 1946 1915 deliberari
1988 1875 2032 1914 et

262 1944 374 1985 dare
409 1943 691 1997 deputatos&
730 1943 788 1985 ad
823 1944 920 1996 hoc,
955 1943 1012 1985 ad
1047 1943 1169 1996 quod
1202 1943 1347 1985 eciam
1383 1944 1472 1985 iam
1506 1943 1596 1996 ipsi
1630 1943 1897 1985 deliberare
1929 1955 2033 1985 con-

263 2015 499 2056 cluserant
527 2015 612 2056 hoc
642 2026 668 2056 a
697 2013 972 2056 nacionibus
1002 2017 1178 2066 petere.
1222 2014 1480 2056 Videbatur
1510 2017 1666 2056 tamen
1695 2013 1858 2056 maiori
1889 2013 2035 2056 cardi-

262 2086 439 2127 nahum
478 2086 614 2138 parti,
653 2084 776 2138 quod
816 2085 978 2126 modus
1019 2085 1261 2126 electionis
1302 2084 1478 2137 iustior,
1520 2084 1727 2126 securior
1766 2087 1812 2126 et
1851 2084 2033 2126 facilior

264 2159 388 2198 esset
410 2169 496 2209 per
520 2155 798 2208 cardinales,
821 2167 907 2196 nec
930 2167 1015 2208 pro
1040 2168 1123 2196 suo
1146 2155 1416 2197 nitebantur
1440 2155 1521 2196 illo
1545 2155 1680 2197 modo
1704 2158 1773 2197 set
1796 2167 1882 2208 pro
1906 2154 2034 2196 meli-

263 2227 346 2280 ori,
390 2227 498 2280 quia
540 2227 720 2268 nullum
764 2227 1033 2279 scrupulum
1075 2226 1250 2267 habere
1294 2225 1489 2267 videtur.
1545 2225 1637 2267 Sed
1679 2226 1771 2268 alie
1813 2225 2033 2268 naciones

262 2301 420 2350 preter
450 2297 675 2339 Ytalicam
702 2309 796 2339 non
824 2295 1094 2338 concedunt.
1136 2296 1235 2337 Rex
1265 2295 1410 2337 eciam
1441 2296 1752 2338 Romanorum
1780 2295 2032 2349 plurimum

263 2368 578 2410 dissenciebat
620 2371 665 2409 et
709 2379 850 2420 super
892 2367 975 2409 hoc
1018 2379 1119 2408 cum
1163 2366 1442 2419 quibusdam
1486 2366 1803 2420 singularibus
1844 2367 2033 2409 tenebat

262 2439 397 2491 plura
425 2441 605 2480 secreta
632 2438 839 2480 concilia.
881 2438 934 2479 Et
960 2438 1045 2479 hec
1073 2437 1162 2478 hiis
1189 2437 1355 2478 diebus
1384 2436 1429 2478 in
1458 2449 1687 2490 suspenso
1715 2440 1972 2479 remanent.

380 2509 478 2551 Rex
500 2510 611 2561 vult,
634 2509 757 2561 quod
778 2508 836 2550 de
859 2508 1088 2550 electione
1110 2508 1240 2549 nullo
1263 2507 1398 2549 modo
1421 2511 1597 2560 agatur,
1619 2507 1709 2549 nisi
1731 2507 1862 2561 prius
1884 2507 2031 2550 eiecto

264 2580 401 2621 Petro
428 2579 486 2621 de
514 2579 644 2621 Luna
671 2583 716 2621 et
745 2579 865 2621 facta
894 2577 1233 2620 reformacione
1263 2578 1459 2620 ecclesie
1491 2578 1536 2619 in
1565 2579 1714 2631 capite
1743 2581 1788 2620 et
1817 2579 1863 2620 in
1893 2590 2032 2620 mem-

262 2650 373 2703 bris,
410 2651 481 2691 cui
517 2649 649 2692 nacio
686 2649 941 2702 Anglicana
976 2649 1222 2700 consentit;
1262 2648 1345 2690 sed
1382 2648 1676 2701 suspicantur
1713 2648 1870 2701 aliqui,
1907 2647 2030 2702 quod

261 2721 345 2762 hoc
372 2720 548 2762 dicatur
577 2720 790 2762 simulate
819 2720 877 2761 ad
906 2719 1217 2761 inducendum
1246 2718 1524 2771 cardinales,
1552 2722 1599 2760 ut
1626 2719 1811 2760 facilius
1839 2731 2030 2761 consen-

262 2792 397 2843 ciant,
433 2791 555 2843 quod
591 2790 833 2832 concilium
869 2790 1009 2843 eligat
1045 2803 1146 2831 cum
1181 2789 1264 2841 eis,
1299 2790 1373 2831 vel
1411 2789 1527 2831 alias
1564 2789 1784 2831 recedant
1819 2802 1844 2832 a
1879 2789 2028 2832 forma

354 2887 397 2950 jai)
412 2887 450 2944 ‘et
464 2887 670 2951 ἶιῖοοεψυινιιιιτ
692 2936 697 2943 .
719 2939 724 2943 .
746 2937 752 2943 .
773 2918 929 2944 doctores
949 2917 1029 2950 fehlt
1055 2918 1093 2943 D.
1132 2917 1164 2948 b)
1185 2917 1260 2943 Sat:
1282 2916 1362 2949 fehlt
1385 2919 1413 2943 (¹.
1459 2918 1485 2948 c)
1507 2916 1545 2942 ad
1568 2937 1574 2942 .
1595 2939 1600 2944 .
1623 2935 1628 2941 .
1650 2916 1827 2950 deputatos-
1847 2915 1926 2949 s'chlr
1949 2918 1977 2943 (.'.

379 2966 410 3008 1)
446 2966 564 3001 Hardl
604 2966 639 3007 V,
671 2965 851 3008 77—101,·
885 2965 1010 3000 Mansa·
1041 2964 1200 3007 XXVII,
1234 2964 1426 3000 1058—70.

379 3025 410 3066 ²)
440 3024 559 3059 Hardt
587 3024 651 3065 ll',
682 3024 882 3067 1230—71,·
911 3025 1036 3058 Mansi
1063 3023 1221 3066 ΧΧΙἸΙ,
1249 3023 1489 3058 1072-1100.
