2227 3434
563 202 602 237 B.
642 201 720 238 Der
744 202 844 238 liber
869 205 1062 247 gestorum
1089 203 1158 238 des
1184 202 1426 238 Cerretanus.
1793 205 1878 248 265

114 322 349 374 posicione
374 321 546 373 divina,
572 321 701 362 cuius
728 323 834 363 sunt
859 321 1034 363 occulta
1060 320 1242 373 iudicia,
1267 324 1499 363 tantorum
1524 321 1750 363 bonorum
1777 334 1878 363 con-

114 391 298 434 firmata
327 391 385 433 sit
413 390 576 443 series,
605 390 728 444 quod
758 391 805 432 in
833 391 1025 444 negocio
1052 390 1237 434 unionis
1265 391 1452 433 felicem
1481 394 1528 433 et
1554 391 1755 433 votivum
1785 392 1880 433 exi-

112 465 206 504 tum
235 461 467 504 credimus
495 464 842 514 proventurum.
886 461 941 504 Et
969 465 1016 503 ut
1047 462 1291 514 loquamur
1321 462 1378 504 ad
1408 462 1623 515 litteram,
1653 462 1880 504 habemus

114 532 316 586 denique
352 533 437 575 hoc
473 532 747 585 simpliciter
782 533 1077 585 promissum,
1115 532 1238 585 quod
1274 545 1366 574 non
1403 533 1494 574 nisi
1532 545 1633 574 cum
1669 533 1792 575 bona
1830 546 1879 575 ac

112 606 355 656 peroptata
382 606 428 645 et
455 602 542 645 cita
570 602 876 655 expedicione
907 603 965 644 de
991 603 1077 645 hac
1106 603 1218 645 villa
1246 603 1533 646 recedemus.
1574 603 1629 646 Et
1657 603 1880 657 quidquid

111 674 299 717 tandem
318 676 479 716 nostre
501 672 740 716 serenitati
763 677 986 726 occurret,
1008 688 1048 715 v.
1073 687 1106 716 s.
1130 686 1215 727 per
1237 675 1439 716 celerem
1462 674 1680 716 nuncium
1701 675 1881 717 curabi-

111 758 213 789 mus
252 745 481 787 intimare.
535 745 636 787 Dat.
678 744 965 798 Pyrpiniani‚
1006 744 1210 787 secunda
1251 745 1324 787 die
1365 744 1589 798 Octobris,
1630 758 1879 799 regnorum

110 819 375 858 nostrorum
396 828 518 858 anno
538 815 778 868 Hungarie
799 819 883 858 etc.
906 815 1124 858 vicesimo
1146 828 1282 867 nono,
1305 815 1615 858 Romanorum
1638 816 1880 858 electionis

112 889 258 939 sexto,
282 886 599 928 coronacionis
623 898 736 928 vero
759 886 923 940 primo.

227 956 300 998 Ad
327 956 593 999 mandatum
623 956 664 999 d.
695 958 819 1010 regis
849 956 1088 999 Johannes
1118 957 1384 1010 prepositus
1414 957 1471 999 de
1501 957 1733 1011 Strigonio
1762 958 1880 1000 vice-

111 1027 478 1082 cancellariusss).

229 1098 489 1152 Responsio
521 1098 680 1141 finalis
711 1098 833 1141 facta
865 1098 906 1141 d.
943 1099 1212 1152 imperatori
1243 1111 1330 1152 per
1363 1099 1402 1143 d.
1439 1099 1626 1141 Petrum
1658 1099 1717 1141 de
1751 1099 1880 1141 Luna

110 1169 157 1211 in
218 1169 504 1223 Pyrpiniano
563 1169 717 1212 XIIII.
780 1169 854 1211 die
915 1170 1091 1213 mensis
1151 1169 1375 1222 Octobris,
1437 1170 1737 1223 presentibus
1797 1173 1880 1212 etc.

114 1239 410 1283 MCCCCXV.

229 1310 343 1354 Cum
363 1323 451 1365 per
471 1311 823 1354 serenissimum
847 1312 888 1353 d.
911 1311 952 1353 d.
976 1311 1322 1365 Sigismundum
1346 1346 1354 1353 .
1391 1346 1398 1353 .
1435 1346 1442 1354 .
1467 1312 1673 1354 breviter
1693 1311 1883 1362 videant

108 1385 156 1424 et
183 1381 518 1436 concordent&

229 1453 322 1497 Sed
358 1452 537 1506 signata
573 1465 760 1507 semper
795 1451 1022 1507 Rovira.b)

231 1524 504 1568 Presentata
539 1527 610 1567 est
644 1525 730 1566 hec
766 1524 932 1566 oedula
968 1537 1171 1577 sequens
1208 1524 1254 1565 in
1293 1523 1575 1577 Pyrpiniano
1612 1524 1767 1567 XIIII.
1805 1524 1880 1566 die

111 1595 285 1638 mensis
321 1594 534 1640 Octobris
573 1595 869 1648 MCCCCXV,
909 1595 1162 1638 secundum
1201 1596 1330 1637 cuius
1368 1598 1578 1638 tenorem
1618 1596 1784 1638 Petrus
1821 1595 1880 1637 de

112 1665 240 1709 Luna
272 1667 550 1708 renunciare
583 1666 769 1708 volebat
800 1669 847 1709 et
878 1666 1014 1708 aliter
1044 1679 1151 1709 non.

228 1736 347 1780 Ante
377 1738 532 1780 omnia
561 1750 647 1791 per
676 1737 1029 1780 serenissimum
1059 1737 1318 1790 principem
1348 1737 1389 1779 d.
1419 1737 1749 1790 imperatorem
1778 1750 1880 1779 con-

111 1811 363 1861 gregentur
390 1807 646 1850 existentes
673 1808 719 1850 in
748 1808 1022 1850 Constancia
1051 1842 1058 1850 .
1095 1842 1102 1849 .
1139 1842 1147 1849 .
1187 1808 1461 1851 Presentata
1487 1821 1572 1861 pro
1597 1811 1729 1861 parte
1758 1808 1881 1850 Petri

113 1877 169 1922 de
199 1878 331 1922 Luna
359 1879 401 1923 d.
430 1878 700 1932 imperatori
732 1879 778 1920 in
808 1878 1095 1932 Pyrpiniano
1126 1913 1134 1920 .
1170 1913 1178 1920 .
1215 1879 1262 1932 .²)

229 1949 444 2003 Capitulo
470 1953 641 1992 venuto
669 1950 727 1992 da
756 1949 1058 2003 Pirpigniano
1084 1949 1205 1992 facto
1235 1963 1259 1992 a
1288 1949 1332 1991 di
1363 1949 1417 1992 13
1446 1949 1491 1991 di
1520 1950 1791 1992 Novembre.
1844 1968 1846 1970 v

230 2021 319 2064 Mai
344 2034 481 2063 nome
509 2024 674 2074 paruto
700 2021 941 2063 mandarvi
969 2021 1145 2063 correri
1171 2020 1362 2074 proprio
1387 2033 1472 2074 per
1499 2020 1650 2074 questi
1675 2020 1777 2063 fatti
1804 2020 1878 2062 del

114 2104 235 2145 papa
257 2092 412 2135 insino
434 2105 462 2135 a
483 2104 564 2135 ora
588 2126 596 2134 .
632 2126 640 2134 .
677 2127 684 2134 .
709 2092 752 2133 vi
776 2091 825 2134 fo
848 2095 1012 2145 questa
1031 2104 1120 2145 per
1143 2091 1403 2144 advisarve,
1426 2091 1510 2133 che
1534 2091 1548 2133 i
1572 2104 1621 2133 re
1647 2104 1696 2134 se
1721 2095 1882 2134 stretto

115 2162 293 2206 iersera
334 2163 402 2205 col
444 2175 579 2216 papa.
635 2163 690 2205 Et
730 2164 776 2204 in
817 2162 916 2204 fine
957 2162 1050 2216 glia
1092 2162 1230 2215 detto,
1271 2162 1355 2204 che
1398 2162 1700 2205 renunciasse
1744 2174 1882 2205 senza

114 2233 257 2276 niuno
284 2234 337 2286 si,
362 2234 411 2276 in
440 2234 558 2277 altra
585 2234 808 2286 maniera,
837 2234 920 2275 che
948 2234 1010 2287 gli
1040 2234 1071 2275 li
1100 2233 1277 2275 levaria
1304 2233 1599 2275 l’ubidienza.
1643 2233 1678 2275 Il
1706 2245 1829 2286 papa
1858 2245 1882 2275 a

113 2303 313 2358 rieposto
336 2304 453 2358 oggi,
474 2304 631 2347 ch’elli
655 2317 749 2347 non
772 2305 1059 2358 rinungiara,
1085 2317 1232 2346 senno
1256 2317 1383 2346 come
1410 2304 1559 2346 alloro
1583 2317 1608 2346 a
1633 2304 1772 2356 detto,
1795 2304 1879 2345 che

111 2375 186 2428 gia
216 2375 321 2418 lovo
353 2375 537 2429 scripto,
569 2375 781 2428 dicendo,
812 2375 977 2429 ch'egli
1010 2388 1124 2429 pare
1157 2375 1477 2418 rascionevole
1507 2375 1541 2416 il
1574 2374 1708 2417 modo
1740 2387 1879 2417 avera

113 2445 238 2489 detto
260 2450 306 2489 et
327 2447 413 2489 che
438 2446 452 2488 i
477 2459 527 2488 re
552 2446 711 2499 faccia,
736 2446 901 2500 ch'egli
927 2447 1072 2499 piace.
1110 2446 1246 2489 Detto
1270 2449 1435 2499 questo
1459 2446 1471 2487 i
1498 2459 1549 2488 re
1575 2445 1622 2487 fe
1649 2446 1878 2487 ordenare
1924 2460 1926 2462 ·

115 2516 394 2559 ilevamento
428 2517 553 2560 della
588 2517 835 2560 ubidienza
870 2520 915 2559 et
950 2521 1115 2570 questo
1149 2517 1194 2558 di
1231 2530 1280 2559 se
1316 2516 1592 2570 publichera
1627 2529 1710 2558 con
1745 2520 1880 2558 trom-

115 2587 227 2630 betti
253 2600 339 2642 per
366 2589 410 2631 la
437 2588 562 2631 villa.
602 2588 826 2642 Vegendo
852 2591 1030 2641 questo,
1057 2588 1089 2630 il
1118 2600 1239 2641 papa
1267 2600 1316 2630 se
1345 2587 1512 2641 partito
1539 2600 1667 2629 meza
1694 2587 1808 2629 hora
1835 2587 1881 2628 fa

114 2670 198 2700 con
223 2658 310 2701 400
335 2659 501 2702 cavalli
530 2662 577 2702 et
602 2659 687 2701 500
714 2659 962 2701 balestreri
990 2659 1112 2700 bene
1139 2659 1303 2701 armati
1331 2661 1378 2700 et
1404 2658 1525 2701 bene
1553 2658 1598 2699 in
1627 2661 1770 2711 punto
1797 2670 1882 2710 per

115 2732 321 2772 montare
351 2730 523 2772 insulle
551 2733 736 2783 quattro
765 2728 847 2772 sue
877 2730 1011 2783 galee
1042 2743 1067 2772 a
1097 2729 1357 2772 Cocoliueri
1387 2733 1434 2772 et
1462 2730 1596 2772 sinne
1626 2742 1682 2771 va
1712 2728 1768 2770 ad
1799 2729 1880 2769 Pa-

51 2853 55 2863 *
115 2799 336 2854 nischole,
362 2801 446 2842 che
471 2801 563 2842 ben
588 2800 759 2843 fornito
786 2800 831 2842 di
855 2803 992 2854 gente
1019 2804 1064 2842 et
1091 2800 1135 2842 di
1163 2800 1449 2853 vettoraglia.
1489 2800 1542 2841 Et
1567 2799 1705 2841 collui
1733 2811 1878 2840 senne

114 2883 170 2912 va
195 2870 270 2913 doi
297 2871 521 2914 cardinali
550 2875 595 2913 et
622 2871 743 2914 assai
772 2871 968 2914 vescovi.
1010 2871 1066 2914 Et
1091 2871 1135 2913 la
1164 2871 1265 2913 face
1293 2873 1426 2913 conto
1453 2883 1503 2912 se
1531 2870 1659 2912 farra
1686 2870 1806 2911 forte
1834 2872 1880 2910 et

217 2992 247 3014 a»
270 2985 469 3014 Schluaeeat:
490 2986 569 3019 fehlt
592 2988 620 3013 Γ.
680 2988 709 3019 Ι»)
735 2988 769 3018 15,
795 2988 832 3016 C:
857 2987 987 3013 novera.

235 3047 265 3087 ¹)
297 3046 416 3082 Hardt
448 3046 497 3085 ΙΙ,
529 3047 615 3088 487;
649 3047 774 3081 Mami
805 3046 964 3088 XXVII,
999 3047 1096 3082 1045.

234 3106 265 3148 ²)
312 3104 384 3151 Vql.
417 3105 617 3140 Abschm‘ll
650 3105 746 3140 {lber
780 3104 977 3141 Benedild.
