2102 3444
195 167 280 208 408
551 166 594 199 ll.
627 165 835 200 Abschnitt.
880 166 1085 198 Sermones
1116 163 1264 198 concilii
1296 163 1615 199 Constanciensis.

199 283 243 324 in
276 284 359 326 hoc
391 283 601 337 generali
635 283 841 325 concilio.
888 282 1082 323 Demum
1116 281 1161 323 in
1194 282 1495 335 generalibus
1528 282 1734 326 conciliis
1765 286 1967 337 pertrac-

198 355 385 396 tandum
419 358 487 396 est
522 354 577 395 de
611 354 714 405 hiis,
749 366 838 406 que
871 352 1153 395 universalis
1185 353 1383 396 ecclesie
1416 354 1655 406 honorem,
1689 353 1966 407 libertatem,

197 426 483 466 commo-dum
514 429 558 466 et
588 424 829 466 utilitatem
858 428 903 465 et
933 424 1207 465 inferiorum
1234 424 1538 466 ecclesiarum
1567 424 1836 477 gravamina
1865 437 1967 467 con-

198 488 409 548 spiciunt,
436 496 722 549 prelatorum
748 494 893 537 eciam
921 494 1082 548 capitis
1108 495 1316 548 clerique
1345 493 1732 537 reformacionem
1759 495 1805 538 in
1833 495 1966 538 mori-

198 567 282 609 bus
318 569 575 619 exposcunt
610 569 655 608 et
689 566 779 608 vita
817 599 824 607 .
862 600 868 606 .
906 600 913 608 .
964 565 1415 619 Convenientissime
1454 566 1592 620 igitur
1627 565 1828 609 arbitror
1860 564 1967 608 huic

197 636 506 679 sacratissime
532 636 740 678 concioni
765 637 976 690 adaptari
1001 637 1144 679 verba
1169 637 1383 679 thematis
1407 637 1741 690 preassumpti:
1781 636 1966 691 Dissipa

196 708 513 762 colligationes
546 711 629 750 etc,
675 708 777 751 Hiis
811 708 872 750 sic
906 709 1138 762 peroratis
1171 709 1228 750 ad
1262 709 1508 761 propriora
1541 711 1776 750 vertentes
1810 709 1965 751 stilum

197 782 339 822 restat
377 783 425 821 ut
460 779 590 820 brevi
631 779 894 821 referamus
933 791 1164 832 sermone,
1202 792 1290 833 que
1330 779 1416 822 sub
1454 779 1587 821 titulo
1623 778 1868 822 credencie
1907 791 1966 822 ex

195 853 324 903 parte
358 850 646 892 serenissimi
682 854 725 891 et
759 850 1130 892 christianissimi
1160 850 1386 904 principis
1419 850 1593 892 domini
1624 850 1771 893 nostri
1805 850 1965 893 Karoli

199 921 477 963 Francorum
516 922 640 974 regis
677 922 894 974 precelsi,
932 925 1001 964 set
1037 924 1082 963 et
1119 921 1410 963 dominorum
1446 921 1735 974 prelatorum
1771 924 1816 963 et
1852 921 1965 963 cleri

196 992 332 1035 totius
359 993 489 1046 regni
517 992 587 1034 sui
611 992 747 1035 nobis
771 993 976 1034 iniuncta
1000 992 1149 1035 fuere.
1189 992 1424 1035 Premisso
1448 992 1586 1045 igitur
1608 991 1799 1035 humilis
1823 995 1868 1034 et
1888 991 1967 1034 de-

195 1066 296 1105 vote
326 1063 800 1106 recommendacionis
829 1064 1141 1116 benivoleque
1171 1063 1483 1117 salutacionis,
1513 1063 1734 1116 amicicie,
1762 1062 1967 1106 caritati-s

194 1139 237 1176 et
278 1134 558 1188 signacionis
600 1134 845 1177 dulcoroso
881 1135 1084 1188 eloquio,
1125 1134 1184 1177 ad
1222 1134 1412 1177 Roman.
1455 1134 1580 1176 XVI:
1634 1134 1846 1177 Salutant
1883 1146 1965 1176 vos

194 1216 355 1247 omnes
387 1206 583 1247 invicem
616 1206 811 1248 ecclesie
847 1204 1031 1250 Christi.
1082 1205 1336 1248 Immensos
1369 1205 1522 1248 laudis
1555 1205 1726 1248 iubilos
1758 1204 1967 1247 inferunt

194 1289 277 1318 rex
306 1277 548 1330 preclarus
580 1281 624 1318 et
657 1277 852 1319 ecclesia
885 1278 955 1319 sui
988 1277 1119 1331 regni
1152 1276 1355 1319 omnium
1387 1289 1444 1318 ex
1476 1276 1649 1319 nichilo
1678 1275 1966 1330 plasmatori,

193 1349 268 1400 qui
303 1362 385 1390 sua
416 1348 669 1390 clemencia
700 1348 914 1402 dignatus
945 1352 1015 1390 est
1046 1349 1164 1390 hanc
1194 1349 1455 1401 preclaram
1487 1347 1750 1390 coadunare
1781 1349 1966 1401 gentem

195 1433 279 1472 pro
317 1432 398 1461 sue
437 1420 632 1462 ecclesie
670 1419 866 1473 pacifico
903 1423 947 1461 et
983 1419 1238 1473 tranquillo
1276 1422 1409 1461 statu.
1459 1416 1604 1461 Adest
1639 1419 1780 1472 enim,
1818 1418 1968 1461 adfuit

189 1494 234 1532 et
266 1475 415 1533 aderit
445 1491 585 1534 huius
615 1490 993 1544 congregacionis
1026 1490 1073 1532 in
1105 1490 1260 1533 medio
1292 1490 1482 1544 spiritus
1515 1490 1689 1532 domini
1721 1502 1825 1532 eam
1855 1489 1964 1532 diri-

189 1574 304 1614 gens
340 1562 499 1614 (Math.
533 1562 729 1617 XVIII).
773 1561 1001 1604 Referunt
1033 1562 1226 1615 insuper
1257 1561 1355 1614 tibi,
1386 1561 1655 1604 beatis-sime
1686 1564 1834 1615 pater,
1866 1561 1964 1604 dul-

191 1633 397 1676 cissonas
431 1634 636 1675 actiones
670 1634 945 1686 graciarum,
980 1646 1036 1675 eo
1071 1633 1194 1686 quod
1228 1633 1419 1675 abiectis
1454 1632 1732 1686 quibusdam
1765 1632 1963 1675 ecclesie

195 1705 398 1746 Romane
435 1704 691 1757 grandibus
727 1704 850 1747 curis
884 1705 967 1746 tibi
1003 1704 1380 1746 incumbentibus
1413 1717 1500 1757 pro
1535 1707 1642 1746 tunc
1676 1704 1966 1757 permaxime

193 1788 285 1817 non
319 1775 495 1828 absque
530 1775 707 1818 viarum
741 1775 1024 1829 discrimine,
1058 1775 1313 1828 laboreque
1346 1787 1564 1828 persone,
1596 1777 1750 1817 mente
1780 1775 1966 1816 sincera

195 1846 239 1887 in
262 1848 345 1888 hac
370 1851 525 1889 sancta
548 1847 728 1888 concilii
752 1848 1065 1889 convencione
1090 1847 1403 1900 personaliter
1429 1847 1657 1888 interesse
1682 1845 1965 1899 disposuisti,

192 1921 419 1970 quatenus
443 1917 615 1960 scilicet
636 1930 722 1972 per
743 1921 787 1960 te
809 1920 1206 1971 congregarentur
1227 1930 1388 1961 omnes
1409 1920 1572 1971 gentes
1594 1921 1640 1959 et
1660 1917 1963 1959 convenirent

195 1989 237 2029 in
276 2001 416 2030 unum
459 1989 619 2042 (Math.
659 1989 823 2042 XXV).
876 1989 1104 2031 Referunt
1142 1989 1287 2031 eciam
1325 1989 1423 2041 tibi,
1464 1988 1762 2031 invictissime
1801 1988 1963 2030 Roma-

189 2072 352 2102 norum
396 2072 494 2112 rex,
534 2060 769 2113 grandeve
814 2061 1120 2103 exaltacionis
1159 2061 1395 2113 preconia,
1438 2059 1635 2102 ecclesie
1678 2058 1960 2101 universalis

192 2131 337 2172 fidum
364 2134 406 2172 te
436 2130 583 2172 filium
607 2135 651 2173 et
675 2131 973 2172 defensorem
1000 2131 1281 2184 profitendo.
1320 2131 1431 2173 Eius
1454 2130 1713 2183 utilitatem,
1738 2125 1979 2179 honorem,

192 2205 235 2243 et
262 2202 548 2243 commodum
574 2202 663 2244 tuis
690 2202 947 2255 imperialis
972 2202 1187 2244 culminis
1215 2202 1526 2255 suscipiendis
1551 2201 1764 2255 insigniis
1879 2213 1964 2254 pro

193 2274 255 2314 tui
280 2273 451 2326 fastigii
477 2273 643 2314 decore
667 2274 913 2326 fructuque
938 2273 1175 2315 uberrimo
1199 2277 1490 2326 anteponens
1513 2277 1590 2314 tue
1612 2273 1797 2315 virtutis
1819 2283 1962 2325 opere

192 2344 275 2385 hoc
303 2343 348 2384 in
378 2345 490 2395 loco,
518 2347 565 2385 ut
594 2344 711 2386 alter
739 2344 896 2396 Josue,
923 2345 1211 2398 congregasti
1243 2344 1509 2386 sacerdotes
1536 2334 1773 2386 et'levitas
1800 2345 1846 2385 et
1871 2354 1963 2386 orn-

191 2427 277 2457 nes
315 2414 370 2455 de
410 2414 533 2456 tribu
572 2415 719 2457 Israel
761 2415 925 2468 (Josue
964 2415 1160 2469 XXIII).
1212 2415 1440 2457 Referunt
1478 2419 1523 2457 et
1558 2417 1795 2468 postremo
1831 2413 1963 2456 vobis

192 2484 599 2528 reverendissimis
627 2486 837 2538 patribus
868 2489 1024 2528 sancte
1054 2486 1258 2528 Romane
1288 2486 1484 2528 ecclesie
1515 2484 1833 2528 cardinalibus
1864 2519 1872 2526 .
1908 2517 1916 2525 .
1952 2516 1961 2524 .

192 2557 481 2608 patriarchis,
523 2556 899 2609 archiepiscopis,
940 2558 1173 2610 episcopis
1214 2558 1474 2610 ceterisque
1515 2556 1820 2599 eccles-iarum
1857 2567 1962 2610 pre-

191 2627 297 2670 latis
328 2627 626 2681 dignissimis,
658 2627 872 2669 omnibus
903 2628 1047 2670 eciam
1080 2628 1197 2680 aliis,
1227 2628 1429 2669 cuiusvis
1461 2627 1647 2681 gradus,
1678 2626 1961 2669 condicionis

191 2701 267 2739 aut
293 2699 576 2740 auctoritatis
603 2698 818 2751 existant,
846 2698 1056 2740 inmense
1083 2698 1286 2741 caritatis
1312 2699 1567 2741 letabunda
1590 2697 1850 2752 precordia.
1890 2695 1960 2739 Ad

189 2782 278 2821 que
310 2769 511 2811 feliciter
542 2769 811 2822 peragenda
842 2782 927 2823 per
958 2770 1137 2811 viscera
1170 2769 1488 2811 misericordie
1518 2769 1767 2812 salvatoris
1798 2767 1958 2819 nostri,

189 2840 244 2881 de
277 2841 406 2882 cuius
437 2853 575 2882 causa
608 2841 771 2893 agitur,
803 2844 1052 2893 precantur
1083 2853 1167 2882 rex
1200 2840 1383 2882 inclitus
1416 2841 1708 2893 ecclesiaque
1740 2840 1871 2894 regni
1903 2838 1956 2880 fi-

190 2911 322 2963 delis,
364 2915 408 2952 ut
448 2911 492 2952 in
531 2912 617 2953 isto
655 2912 851 2954 concilio
888 2915 932 2953 et
968 2912 1333 2964 congregacione
1373 2911 1621 2954 manifest-a
1659 2911 1777 2953 fiant
1814 2921 1956 2964 opera

188 2981 373 3023 domini.
428 2983 679 3024 Preoantur
716 2986 932 3034 preterea
970 2983 1241 3035 devotisque
1281 2982 1432 3025 cordis
1471 2983 1670 3035 rogitant
1707 2981 1956 3024 affectibus

191 3064 270 3092 rex
299 3053 540 3105 preclarus
567 3053 980 3096 christianissimus
1007 3053 1298 3107 ecclesiaque
1326 3054 1415 3096 iam
1444 3053 1576 3105 dicta,
1604 3055 1833 3107 quatenus
1860 3051 1955 3096 lon-
