2227 3434
843 154 934 189 1416
961 154 1107 198 August
1134 153 1166 188 9.
1803 152 1888 194 457

126 277 274 319 maius
297 275 518 317 salarium
540 274 758 326 habeant,
783 273 961 315 litteras
986 285 1010 314 a
1034 272 1272 325 proposito
1296 269 1624 312 rescribendas
1648 269 1823 311 faciunt
1846 272 1889 310 et

124 360 209 400 pro
238 347 409 399 scripto
437 346 587 398 plura,
617 356 753 397 quam
784 343 969 395 debent,
1000 342 1241 394 recipiunt.
1283 342 1375 382 Alii
1407 343 1512 383 sunt
1541 340 1890 382 abbreviatores

125 422 170 460 et
195 431 276 460 sua
303 416 502 459 minutas
526 416 682 458 facere
708 415 934 465 nesciunt,
961 414 1034 454 vel
1063 413 1100 455 si
1127 414 1289 464 sciunt,
1316 411 1588 464 imperfecte
1616 411 1821 453 scribunt
1847 413 1892 451 et

125 501 210 541 pro
232 488 524 529 correccione
549 486 606 528 de
629 499 747 527 novo
771 484 1014 538 pecuniam
1039 484 1243 536 exigunt.
1281 483 1372 524 Alii
1398 485 1503 524 sunt
1528 482 1726 523 maxime
1752 481 1892 522 bene—

125 559 283 612 ficiati,
314 558 391 611 qui
423 556 674 610 largissimi
704 559 809 598 sunt
840 556 898 597 ad
929 555 1178 596 vanitatem
1209 557 1254 595 et
1284 553 1537 596 tardissimi
1570 553 1627 594 ad
1659 552 1891 605 pietatem,

125 629 182 671 de
209 642 370 672 eorum
398 641 557 671 mensa
584 631 628 669 et
654 627 877 680 expensis
904 628 1222 668 sustentantur
1249 624 1378 666 multi
1405 624 1694 666 fistulatores
1721 628 1766 666 et
1789 635 1892 675 per-

125 703 237 742 eunt
263 699 387 742 fame
416 711 649 752 pauperes
678 701 722 740 et
750 697 906 739 clerici
936 730 944 738 .
981 730 988 738 .
1025 729 1033 738 .

243 771 453 813 Audiens
493 771 578 811 hoc
619 768 816 811 ecclesia
858 767 1170 810 admiracione
1212 769 1333 808 mota
1376 765 1506 807 dixit:
1563 765 1730 816 Cerno,
1771 763 1892 817 quod

125 841 251 884 filios
279 841 481 883 enutrivi
506 845 554 883 et
582 839 798 892 exaltavi,
828 842 896 881 set
925 838 1190 880 vaticinium
1220 837 1373 889 Ysaye
1401 837 1570 889 primo:
1620 835 1711 888 Ipsi
1741 837 1893 877 autem

125 916 406 965 spreverunt
431 924 504 953 me
532 944 540 952 .
577 944 585 953 .
610 944 629 959 ,.

245 984 298 1026 Et
321 983 445 1025 dicit:
483 982 597 1023 Ecce
622 981 712 1023 mei
736 981 903 1034 prelati
930 983 973 1022 et
997 982 1223 1032 pastores.
1264 978 1373 1020 ldeo
1395 978 1554 1019 nullus
1579 977 1724 1019 laicus
1747 989 1893 1029 capax

125 1058 195 1097 est
226 1052 565 1095 iurisdiccionis
594 1052 854 1105 spiritualis
887 1051 964 1105 (50
996 1050 1060 1092 di:
1094 1049 1365 1102 Clericum),
1397 1048 1504 1101 quia
1534 1048 1656 1090 bona
1686 1051 1732 1090 et
1761 1047 1895 1088 iuris-

125 1125 269 1167 diccio
299 1125 345 1166 in
375 1124 620 1166 ecclesiam
650 1123 875 1164 translata
907 1121 1006 1163 eius
1037 1121 1354 1162 condicionem
1388 1122 1618 1161 secuntur.
1660 1119 1773 1160 Nam
1804 1130 1893 1170 que

126 1195 359 1249 religiosis
388 1194 630 1246 adherent,
662 1193 882 1246 religiosa
913 1196 1018 1234 sunt
1050 1226 1058 1234 .
1095 1225 1102 1233 .
1139 1226 1147 1234 .
1191 1191 1245 1233 Et
1276 1190 1381 1232 ideo
1412 1190 1519 1232 dicit
1550 1191 1641 1241 lex,
1672 1189 1795 1241 quod
1825 1201 1894 1237 ea,

127 1279 215 1319 que
237 1266 381 1308 divini
403 1265 517 1308 iuris
539 1268 657 1316 sunt,
678 1264 894 1306 humanis
913 1263 1114 1305 nexibus
1138 1262 1319 1315 alligari
1342 1274 1434 1303 non
1457 1261 1627 1302 debent
1651 1294 1658 1302 .
1695 1294 1703 1301 .
1740 1294 1747 1301 .
1786 1259 1894 1301 ldeo

126 1337 280 1380 clerici
316 1349 409 1379 non
446 1340 552 1379 sunt
588 1336 644 1377 de
681 1335 1006 1377 iurisdiccione
1043 1335 1279 1386 laycorum
1317 1366 1324 1374 .
1362 1367 1369 1374 .
1406 1366 1413 1373 .
1462 1331 1735 1373 Huiusmodi
1774 1331 1895 1372 bona

124 1408 416 1461 temporalia,
444 1420 581 1460 qu-am
607 1406 695 1449 cito
723 1406 878 1448 oblata
907 1410 1012 1448 sunt
1039 1405 1252 1456 ecclesie,
1280 1404 1401 1445 fiunt
1430 1402 1691 1456 spiritualia
1717 1405 1763 1443 et
1791 1403 1895 1443 sunt

125 1490 384 1532 pauperum
415 1511 423 1520 .
459 1511 467 1519 .
503 1511 511 1519 .
540 1480 586 1519 et
613 1477 819 1530 ipsorum
848 1475 1119 1518 distribucio
1146 1475 1349 1528 pertinet
1379 1474 1436 1516 ad
1463 1474 1669 1527 prelatos
1697 1472 1894 1514 ecclesie

127 1583 135 1591 .
171 1583 179 1592 .
215 1584 223 1592 .
262 1549 316 1591 Et
341 1548 551 1602 quamvis
576 1548 790 1590 omnibus
816 1547 1104 1600 pauperibus
1129 1549 1347 1588 tenentur
1372 1544 1668 1596 benefacere,
1695 1543 1893 1585 maxime

126 1624 281 1663 tamen
304 1620 487 1663 clericis
509 1618 799 1672 pauperibus
823 1618 909 1660 sub
933 1630 1054 1671 pena
1079 1616 1429 1669 dampnacionis
1452 1619 1614 1657 eterne
1640 1649 1648 1656 .
1685 1648 1692 1656 .
1729 1648 1736 1655 .

243 1691 369 1732 Tunc
403 1690 556 1732 anima
591 1690 745 1732 devita
780 1689 896 1731 dixit
929 1688 1069 1730 istud:
1122 1688 1234 1729 Item
1270 1688 1389 1729 iusta
1423 1685 1626 1739 quidem,
1661 1688 1818 1727 sancta
1852 1687 1896 1726 et

129 1762 420 1804 immaculata
452 1764 500 1803 tu
536 1773 601 1813 es,
636 1774 662 1802 o
696 1760 894 1802 domina.
942 1760 1057 1811 Quia
1092 1759 1222 1812 prius
1258 1757 1493 1811 predicavi
1531 1769 1683 1799 coram
1720 1768 1897 1798 summo

129 1832 347 1886 pontifice
376 1835 421 1874 et
447 1832 799 1885 captivaverunt
825 1843 897 1872 me
925 1833 970 1872 et
997 1831 1301 1882 privaverunt
1328 1829 1579 1882 peccuniis.
1621 1827 1675 1869 Et
1704 1839 1776 1868 me
1804 1839 1896 1867 non

127 1903 418 1955 audiverunt,
457 1903 709 1944 secundum
747 1901 998 1944 Jeremiam
1036 1901 1180 1942 VIIc:
1232 1901 1322 1941 Nec
1361 1899 1701 1941 inclinaverunt
1737 1909 1896 1939 aurem

129 1987 259 2017 suam
297 1977 341 2016 et
379 1973 595 2016 abierunt
633 1974 677 2014 in
717 1972 1031 2026 voluptatibus
1069 1971 1166 2013 suis
1204 1974 1248 2012 et
1287 1971 1332 2012 in
1370 1970 1596 2023 pravitate
1635 1968 1787 2010 cordis
1827 1968 1894 2010 sui

128 2048 384 2087 retrorsum
422 2047 468 2086 et
505 2044 842 2085 induraverunt
879 2043 1105 2084 cervicem
1144 2045 1189 2083 et
1225 2042 1361 2094 peius
1399 2040 1577 2094 operati
1617 2043 1723 2082 sunt
1761 2051 1896 2091 quam

126 2118 284 2168 patres
312 2127 473 2157 eorum
502 2118 548 2157 et
572 2114 713 2167 periit
739 2114 863 2157 fides
891 2117 935 2155 et
962 2114 1116 2155 ablata
1145 2116 1214 2155 est
1242 2112 1299 2154 de
1329 2124 1409 2154 ore
1439 2112 1645 2164 ipsorum
1675 2144 1682 2151 .
1719 2144 1726 2151 .

248 2187 361 2228 Item
398 2199 424 2227 o
459 2185 611 2228 anima
646 2185 817 2227 nobilis
851 2188 895 2226 te
931 2183 1175 2237 redarguo,
1211 2183 1318 2236 quia
1354 2182 1510 2224 dixisti
1548 2183 1592 2223 in
1628 2181 1765 2222 corde
1801 2183 1895 2222 tuo:

129 2257 282 2299 Eciam
312 2256 349 2300 si
377 2268 470 2299 non
498 2256 582 2298 Dei
612 2268 784 2307 amore,
813 2259 907 2297 tum
935 2255 1096 2297 mortis
1122 2255 1286 2296 timore
1316 2257 1360 2296 et
1391 2253 1564 2294 inferni
1595 2253 1694 2305 ipsa
1721 2251 1897 2292 viveret

130 2328 175 2368 in
205 2327 458 2370 devocione
487 2330 532 2369 et
562 2326 789 2380 religione
819 2329 901 2368 etc.
932 2325 1038 2379 quia
1069 2325 1176 2367 dicit
1206 2324 1412 2377 sapiens:
1462 2323 1718 2365 Memorare
1747 2321 1897 2363 novis-

130 2399 245 2440 sima
286 2401 363 2441 tua
404 2402 450 2441 et
491 2398 537 2439 in
579 2400 791 2439 eternum
834 2409 926 2439 non
968 2396 1182 2449 peccabis
1224 2398 1268 2436 et
1309 2395 1427 2436 hanc
1468 2393 1895 2436 consideracionem

129 2469 395 2511 habuerunt
434 2469 576 2511 sancti
619 2471 791 2521 patres,
833 2471 902 2510 set
942 2467 1027 2509 ista
1070 2470 1175 2508 sunt
1216 2465 1484 2508 abscondita
1525 2465 1582 2507 ab
1624 2463 1768 2506 oculis
1807 2463 1898 2504 tuis

129 2552 250 2581 nunc
273 2542 356 2581 etc.
394 2538 490 2592 Ego
513 2552 538 2581 a
562 2538 749 2581 domino
774 2538 944 2591 accepi,
968 2537 1091 2590 quod
1114 2540 1158 2579 et
1181 2537 1350 2579 tradidi
1375 2535 1520 2587 vobis,
1546 2535 1719 2577 scilicet
1742 2535 1897 2575 claves

130 2610 304 2663 ligandi
329 2612 374 2652 et
399 2609 610 2652 solvendi
636 2612 680 2651 et
704 2612 861 2651 contra
885 2621 966 2651 eas
990 2621 1080 2650 non
1108 2607 1417 2661 prevalebunt
1442 2610 1574 2659 porte
1600 2605 1771 2647 inferni
1800 2638 1808 2645 .
1844 2637 1852 2644 .

129 2680 183 2721 Et
207 2680 292 2723 has
318 2680 474 2723 claves
500 2679 626 2722 dedit
651 2683 696 2722 et
722 2679 857 2722 bonis
884 2683 929 2721 et
954 2679 1088 2721 malis
1116 2678 1437 2720 sacerdotibus
1466 2711 1473 2718 .
1510 2710 1517 2718 .
1554 2711 1561 2718 .
1589 2680 1633 2718 et
1662 2676 1765 2717 ideo
1791 2674 1897 2715 dicit

129 2750 401 2804 Gregorius:
441 2750 568 2793 Multi
589 2751 696 2793 dum
717 2751 824 2804 plus
846 2751 983 2792 vitam
1007 2749 1297 2792 sacerdotum
1319 2761 1455 2801 quam
1479 2759 1607 2790 suam
1631 2747 1895 2787 discurrunt

132 2821 177 2862 in
210 2833 421 2864 errorum
455 2820 639 2863 foveam
674 2821 945 2863 dilabuntur
979 2854 987 2862 .
1024 2854 1032 2862 .
1068 2854 1076 2862 .
1125 2820 1178 2862 Et
1211 2820 1318 2872 quia
1352 2823 1413 2871 tn,
1448 2832 1473 2860 o
1508 2818 1675 2868 anima,
1710 2828 1801 2857 non
1838 2816 1895 2856 ita

127 2891 302 2933 clerum
331 2903 483 2933 meum
509 2891 829 2943 considerasti,
859 2891 964 2933 ideo
992 2894 1097 2932 sunt
1124 2891 1208 2932 hec
1237 2889 1506 2932 abscondita
1535 2887 1592 2930 ab
1620 2886 1764 2928 oculis
1791 2885 1893 2927 tuis.

245 2961 554 3015 Respondens
575 2965 727 3004 autem
748 2962 900 3004 anima
921 2961 1086 3003 devota
1108 2960 1240 3002 dixit:
1275 2959 1309 3001 O
1331 2963 1478 3001 mater
1500 2957 1719 3008 Ecclesia,
1739 2968 1893 2997 nonne

129 3033 348 3086 percipis,
370 3032 483 3088 quid
511 3033 582 3075 isti
609 3032 784 3075 faciunt
811 3032 856 3074 in
883 3032 1017 3075 domo
1043 3032 1151 3073 tua?
1192 3031 1363 3072 Domus
1390 3029 1512 3072 enim
1540 3032 1615 3070 tua
1643 3026 1894 3072 secundum
