2102 3444
249 121 334 163 ·218
785 121 809 156 Ι.
837 121 1046 156 Abschnitt.
1086 121 1486 165 Konzilstagebiicher.

253 240 295 281 id
332 240 489 282 facere
526 244 777 293 recusaret,
812 244 973 283 exorta
1008 244 1078 283 est
1114 242 1317 295 suspicio
1351 241 1408 284 de
1445 255 1633 285 recessu
1666 246 1758 285 tam
1794 241 1836 285 d.
1871 242 2018 285 nostri

252 324 372 364 pape
411 324 547 364 quam
586 312 723 354 etiam
762 313 1063 365 prelatorum.
1114 313 1310 365 Propter
1347 313 1469 366 quod
1507 313 1547 357 d.
1587 326 1670 355 rex
1706 313 2018 356 Romanorum

253 382 385 425 iussit
406 382 638 425 custodias
662 382 768 424 fieri
791 386 882 424 tam
907 383 951 424 in
975 384 1120 436 portis
1143 396 1279 436 quarn
1303 384 1347 425 in
1372 384 1473 426 lacu
1498 397 1549 426 ac
1571 385 1716 426 eciam
1740 384 1886 426 noctis
1908 387 2019 426 tem-

252 465 365 505 pore
392 454 436 494 in
462 453 643 495 civitate
668 453 928 507 meniisque
958 454 1116 507 ipsius.

369 523 453 565 Die
481 524 597 566 iovis
624 524 778 566 XIIII.
806 526 982 567 mensis
1014 525 1168 567 Marcii
1198 538 1298 567 cum
1327 535 1497 567 revmus
1525 526 1566 568 d.
1594 525 1846 568 cardinalis
1875 525 2019 568 sancti

251 595 417 648 Angeli
452 599 631 648 portam
668 596 942 638 Constancie
975 608 1140 639 versus
1174 596 1372 639 Ytaliam
1407 597 1718 638 recreacionis
1752 597 1827 638 vel
1859 596 2020 650 pocius

250 667 505 719 temptandi
536 679 688 719 causa,
717 679 774 708 an
803 667 976 709 scilicet
1003 668 1124 709 liber
1152 667 1304 710 exitus
1334 668 1421 710 sibi
1450 671 1645 721 pateret,
1673 667 1834 721 egredi
1863 668 2020 719 vellet,

252 738 340 779 sibi
365 737 454 779 fuit
476 737 664 779 omnino
687 738 943 791 denegatus
967 751 1201 792 egressus,
1225 742 1417 792 propter
1441 739 1564 792 quod
1586 738 1721 781 factis
1745 738 1808 780 ibi
1833 738 2021 792 quibus-

251 808 355 850 dam
387 808 798 864 protestationibus
831 810 1111 852 retrocessit.
1157 809 1364 863 Cumque
1394 810 1479 852 hec
1512 809 1837 851 intimarentur
1867 808 2020 852 eidem

252 880 293 921 (1.
316 883 475 922 nostro
496 892 632 933 pape,
655 880 788 923 iussit
811 881 1027 923 accersiri
1051 881 1275 934 quosdam
1300 893 1357 923 ex
1380 881 1672 934 principibus
1694 880 1741 922 in
1764 893 1897 923 sacro
1918 893 2021 923 con-

251 951 355 993 cilio
381 951 692 993 existentibus
717 955 762 993 et
787 952 907 994 inter
933 955 1112 995 ceteros
1139 952 1302 994 ducem
1328 952 1515 994 Austrie
1543 965 1593 994 ac
1620 950 1889 1005 magistrum
1915 951 2022 993 civi-

250 1035 325 1063 um
359 1025 403 1064 et
436 1022 652 1064 consules
685 1022 878 1065 civitatis
914 1023 1203 1065 Constancie.
1248 1023 1425 1075 Quibus
1457 1035 1610 1065 coram
1644 1023 1745 1066 eius
1777 1021 2021 1076 presencia

250 1093 522 1145 constitutis,
551 1093 651 1146 ipse
682 1094 723 1135 d.
751 1098 911 1136 noster
940 1107 1061 1147 papa
1088 1095 1344 1147 proposuit,
1373 1095 1573 1147 qualiter
1602 1094 1703 1147 ipse
1731 1096 2021 1147 perceperat,

250 1164 373 1217 quod
405 1165 451 1205 in
480 1165 628 1218 portis
658 1168 703 1206 et
734 1166 835 1207 lacu
867 1168 911 1207 et
943 1166 1111 1208 meniis
1142 1165 1337 1207 civitatis
1368 1165 1549 1207 fiebant
1581 1165 1656 1207 die
1687 1167 1918 1218 noctuque
1949 1177 2022 1206 cu-

253 1235 415 1289 stodie,
446 1239 492 1278 et
522 1236 645 1289 quod
679 1235 765 1278 sibi
799 1240 843 1278 et
875 1236 916 1278 d.
950 1236 1266 1279 cardinalibus
1299 1249 1349 1279 ac
1381 1237 1577 1290 prelatis
1609 1239 1653 1278 et
1686 1235 1940 1278 curialibus
1964 1236 2021 1278 ‘in

252 1319 382 1349 sacra
412 1306 576 1349 sinodo
605 1308 895 1360 congregatis
926 1308 1047 1349 liber
1074 1320 1167 1350 non
1197 1307 1385 1361 patebat
1415 1320 1648 1360 egressus,
1679 1307 1736 1349 de
1767 1319 1857 1360 quo
1885 1305 2021 1349 valde

251 1378 520 1431 mirabatur,
556 1391 657 1420 cum
694 1391 752 1420 ex
787 1379 872 1420 hoc
907 1378 976 1421 eis
1011 1378 1250 1420 videretur
1285 1378 1502 1432 adempta
1537 1378 1732 1421 libertas
1766 1380 1925 1420 contra
1957 1380 2022 1420 te-

250 1462 410 1492 norem
446 1451 680 1492 salvorum
715 1450 987 1492 conductum
1021 1452 1113 1492 tam
1149 1463 1234 1503 per
1268 1450 1309 1492 d.
1345 1462 1503 1503 regem
1536 1449 1849 1492 Romanorum
1885 1461 2022 1502 quam

251 1533 331 1563 eos
357 1533 696 1563 concessorum.
736 1522 791 1563 Et
814 1524 1065 1574 propterea
1090 1521 1342 1574 postulavit
1368 1521 1426 1563 ab
1451 1521 1536 1574 eis,
1562 1533 1621 1563 an
1649 1521 1802 1563 salvos
1829 1519 2022 1562 conduc-

250 1595 323 1635 tus
355 1605 440 1646 per
473 1605 552 1635 eos
585 1593 806 1646 prestitos
840 1592 928 1634 sibi
961 1596 1006 1634 et
1037 1592 1260 1645 predictis
1294 1604 1485 1634 servare
1518 1592 1708 1634 vellent.
1753 1590 2023 1644 Responde-

252 1667 358 1705 runt
388 1663 538 1717 primo
570 1664 790 1717 magister
822 1663 988 1705 civium
1021 1667 1065 1705 et
1097 1664 1314 1706 consules
1345 1663 1543 1706 civitatis
1577 1661 1867 1716 Constancie,
1899 1660 2023 1716 quod

251 1734 458 1777 custodie
493 1735 701 1788 predicte
735 1748 828 1777 non
864 1735 992 1777 iussu
1028 1747 1189 1777 eorum
1226 1734 1309 1776 sed
1345 1734 1387 1777 d.
1423 1733 1548 1788 regis
1581 1733 1909 1786 Romanorum,
1943 1733 2021 1787 qui

252 1819 412 1848 eorum
440 1806 654 1848 dominus
681 1809 794 1858 erat,
823 1806 1016 1859 fiebant,
1045 1809 1090 1848 et
1118 1819 1318 1859 causam,
1347 1818 1491 1858 quare
1518 1805 1705 1859 fierent,
1733 1804 2022 1858 ignorabant.

252 1877 440 1919 Salvum
465 1877 737 1919 conductum
765 1890 876 1919 vero
902 1890 986 1930 per
1012 1890 1092 1919 eos
1119 1877 1290 1929 datum,
1317 1879 1539 1930 quantum
1567 1877 1615 1918 in
1640 1876 1709 1919 eis
1733 1878 1848 1929 erat,
1873 1887 2022 1928 usque

252 1949 309 1990 ad
337 1951 531 1990 mortem
559 1961 749 1991 servare
776 1948 1008 1991 volebant.
1048 1948 1174 1990 Tunc
1200 1961 1286 2002 per
1312 1947 1550 2000 principes
1578 1947 1752 1989 ibidem
1778 1959 1864 2001 pro
1889 1949 2022 2000 parte

253 2019 293 2060 cl.
324 2019 447 2073 regis
474 2019 786 2061 Romanorum
814 2019 1070 2062 existentes
1098 2019 1266 2061 dictum
1294 2022 1339 2061 et
1366 2031 1645 2072 responsum
1672 2017 1773 2071 fuit,
1801 2017 1925 2071 quod
1950 2029 2024 2060 cu-

253 2091 401 2133 stodie
435 2104 493 2133 ex
525 2090 823 2132 ordinacione
858 2090 1039 2132 concilii
1072 2090 1266 2143 fiebant,
1299 2103 1358 2132 ne
1393 2090 1562 2143 prelati
1598 2089 1865 2131 illicenciati
1898 2100 2024 2131 rece-

253 2162 419 2204 derent
442 2166 488 2204 et
512 2163 576 2203 sic
603 2161 940 2204 dissolveretur
965 2161 1221 2204 concilium.
1261 2162 1364 2203 Dux
1390 2161 1529 2203 etiam
1554 2160 1742 2203 Austrie
1768 2159 2023 2214 respondit,

253 2233 376 2286 quod
409 2233 587 2275 salvum
622 2232 895 2275 conductum
928 2245 1013 2286 per
1047 2244 1152 2274 eum
1187 2232 1343 2274 datum
1378 2232 1566 2274 omnino
1599 2243 1790 2274 servare
1823 2230 2022 2274 volebat.

254 2305 380 2346 Tunc
415 2304 456 2346 d.
491 2307 650 2346 noster
684 2317 805 2357 papa
841 2304 1020 2346 salvum
1056 2303 1329 2346 conductum
1366 2304 1527 2356 ipsius,
1563 2303 1640 2356 qui
1678 2303 1725 2344 in
1758 2302 2024 2345 theutonico

254 2375 452 2429 scriptus
478 2379 591 2428 erat,
617 2376 663 2417 in
688 2375 875 2428 publico
900 2375 990 2428 legi
1014 2377 1059 2417 et
1084 2374 1383 2427 interpretari
1410 2373 1658 2416 mandavit.

371 2447 467 2498 Que
490 2446 677 2499 quidem
699 2445 970 2488 convocacio
991 2458 1091 2487 cum
1116 2445 1160 2487 in
1183 2445 1398 2487 noticiam
1420 2444 1593 2498 prefati
1617 2445 1658 2486 d.
1681 2445 1807 2498 regis
1828 2444 2023 2495 veniret,

253 2518 514 2560 convocatis
545 2517 709 2559 eadem
742 2517 816 2558 die
848 2520 951 2570 post
982 2516 1231 2570 prandium
1262 2516 1536 2558 nacionibus
1569 2516 1615 2557 in
1646 2515 1844 2558 ecclesia
1872 2514 2024 2557 cathe-

254 2589 373 2631 drali
403 2588 753 2631 Constanciensi
784 2587 1033 2640 habitoque
1062 2600 1162 2629 cum
1192 2587 1260 2629 eis
1291 2587 1463 2629 ibidem
1493 2586 1678 2640 prolixo
1707 2585 1900 2628 consilio
1927 2588 2024 2628 tan-

256 2660 360 2702 dem
404 2659 610 2713 deputati
652 2659 897 2701 nacionum
941 2658 1170 2712 palacium
1216 2659 1518 2710 apostolicum
1564 2656 1893 2709 ascenderunt;
1938 2668 2023 2698 rex

255 2734 407 2773 autem
434 2731 493 2773 ad
519 2733 702 2791 tempus
728 2733 832 2783 post
857 2742 937 2771 eos
966 2728 1202 2781 remansit,
1229 2729 1582 2782 constitutisque
1609 2727 1808 2782 prefatis
1834 2727 2024 2781 deputa-

256 2803 313 2844 tis
338 2801 384 2843 in
410 2801 656 2854 presencia
684 2801 725 2843 d.
751 2801 897 2843 nostri
925 2813 1061 2854 pape,
1089 2809 1258 2841 revmus
1285 2800 1329 2841 in
1358 2800 1464 2841 Chr.
1492 2812 1535 2853 p.
1564 2799 1605 2841 d.
1633 2799 1873 2841 Johannes
1903 2797 2024 2840 Mau-

256 2874 367 2914 rosii
388 2872 650 2926 patriarcha
671 2872 956 2914 Antiocenus
976 2884 1062 2925 pro
1081 2874 1213 2924 parte
1235 2870 1371 2912 trium
1393 2870 1652 2923 nacionum,
1673 2869 1890 2911 videlicet
1911 2868 2024 2912 Ger-

256 2943 448 2996 manica,
479 2943 719 2985 Gallicana
749 2947 794 2985 et
824 2943 1094 2995 Anglicana,
1124 2941 1365 2995 proposuit
1394 2940 1650 2994 peticiones
1680 2940 2021 2993 infrascriptas:

256 3014 406 3066 primo
440 3015 575 3067 quod,
611 3014 732 3067 quia,
766 3018 814 3056 ut
849 3014 1150 3066 experiencia
1185 3012 1336 3055 docuit
1371 3013 1417 3053 in
1453 3013 1590 3054 Petro
1624 3012 1681 3054 de
1717 3011 1847 3054 Luna
1880 3010 2025 3052 Bene-
