2227 3434
785 197 871 232 1414
903 198 985 232 Dez.
1014 197 1109 232 nach
1135 199 1190 232 25.
1778 200 1862 242 389

99 313 157 356 II.
201 314 284 356 An
330 313 702 367 Siyismund.

217 395 341 429 Ter!
361 406 371 429 .·
404 395 481 429 Pal.
512 397 590 431 595.
619 396 684 439 fol.
722 399 792 430 103.

214 465 399 520 vidia)
435 466 842 520 iniquitatem
888 471 945 509 et
989 468 1562 511 contradictionem
1609 468 1667 510 in
1712 469 1866 511 civi-

97 537 224 578 tate
265 536 372 590 (Pso
399 536 573 591 LIIII).

212 617 563 661 Gloriosissime
594 619 827 673 princeps.
872 620 941 661 Ex
972 632 1064 673 quo
1094 621 1388 674 omnipotens
1419 622 1634 664 dominus
1664 624 1865 664 vestram

97 688 397 732 serenitatem
427 701 488 731 ex
521 690 644 731 omni
675 702 815 732 carne
847 691 991 744 elegit
1021 694 1067 733 et
1097 703 1220 733 nunc
1249 692 1484 734 constituit
1516 692 1564 734 in
1593 704 1866 746 supremum

97 771 255 813 regem
276 760 440 814 populi
463 760 717 813 christiani,
743 765 899 804 vestre
923 760 1259 804 dominacionis
1282 766 1369 815 est,
1393 763 1499 805 totis
1522 763 1705 806 nisibus
1730 766 1776 805 et
1800 764 1866 805 in-

97 830 326 884 fatigabili
347 843 458 874 cura
481 835 527 873 et
549 831 861 874 sollicitudine
885 832 1130 874 intendere
1153 834 1384 875 communi
1409 834 1547 875 saluti
1567 836 1614 876 et
1636 833 1866 887 profectui

96 901 428 953 proximorum.
465 902 560 944 Hoc
583 902 834 944 ostendunt
856 903 1001 945 verba
1022 906 1070 944 et
1092 915 1238 956 opera
1262 916 1313 945 ac
1336 903 1714 947 ferventissimus
1738 904 1866 946 zelus

94 971 404 1024 gloriosorum
438 971 797 1024 precedencium
834 986 1009 1026 regum,
1045 986 1071 1015 a
1107 973 1276 1026 quibus
1312 975 1514 1027 posteris
1549 974 1866 1017 verecundum

90 1046 216 1085 esset
234 1040 539 1096 degenerare,
558 1046 603 1084 et
623 1043 772 1085 tacitis
792 1044 897 1086 aliis
914 1056 1057 1086 unum
1078 1045 1395 1087 tantummodo
1415 1043 1672 1098 audiamus,
1693 1043 1868 1088 scilicet

95 1113 200 1155 dive
231 1114 455 1156 memorie
486 1114 801 1156 Justinianum
829 1115 1175 1169 imperatorem,
1207 1116 1284 1168 qui
1316 1116 1363 1157 in
1393 1116 1592 1158 diversis
1626 1150 1634 1158 .
1670 1154 1676 1160 .
1715 1150 1722 1158 .
1754 1116 1865 1159 locis

96 1183 153 1225 de
175 1196 228 1227 se
248 1183 355 1238 ipso
377 1185 456 1227 ait:
499 1184 712 1238 Magnum
739 1185 886 1227 Deum
910 1189 956 1227 et
980 1187 1261 1228 salvatorem
1284 1190 1493 1229 nostrum
1518 1187 1711 1229 Jhesum
1737 1186 1866 1230 Chri-

95 1257 214 1296 stum
243 1254 468 1297 auxilium
496 1255 765 1298 invocantes
795 1256 1048 1309 studemus,
1078 1269 1239 1298 omnes
1269 1261 1452 1299 nostros
1482 1257 1728 1310 subiectos,
1758 1270 1867 1311 quo-

95 1337 196 1366 rum
226 1325 435 1379 regimen
465 1326 655 1369 tradidit
683 1327 821 1370 nobis
852 1327 992 1380 Deus,
1025 1327 1187 1370 illesos
1216 1331 1261 1369 et
1293 1329 1393 1370 sine
1424 1328 1690 1382 calumpnia
1718 1331 1866 1371 custo-

95 1395 211 1438 dire.
260 1396 315 1438 Et
351 1396 463 1439 alibi
500 1397 579 1440 ait:
630 1397 793 1440 Nostre
831 1398 1097 1441 serenitatis
1135 1398 1362 1441 celsitudo
1397 1398 1618 1441 remediis
1656 1399 1867 1452 invigilat

94 1459 400 1520 subditorum,
424 1480 512 1510 nec
535 1479 774 1511 cessamus
801 1469 1056 1522 inquirere,
1083 1469 1122 1510 si
1148 1469 1260 1522 quid
1286 1469 1343 1512 sit
1366 1470 1415 1511 in
1439 1473 1598 1512 nostra
1624 1470 1865 1523 republica

93 1537 432 1591 corrigendum.
479 1539 574 1581 Hoc
608 1539 704 1581 ille.
754 1539 882 1582 Hanc
918 1541 1065 1582 eciam
1102 1540 1464 1582 sollicitudinem
1501 1540 1621 1583 circa
1656 1539 1864 1582 deditum

92 1609 316 1662 populum
340 1610 668 1664 exercendam,
694 1611 897 1653 ostendit
922 1611 1074 1664 ipsum
1100 1624 1270 1653 nomen
1297 1611 1420 1664 regis
1446 1615 1491 1653 et
1517 1612 1715 1665 requirit
1738 1611 1865 1653 insti-

93 1679 215 1722 tucio
235 1680 485 1722 ministerii
505 1682 680 1734 regalis
700 1681 952 1735 dignitatis.
988 1682 1087 1723 Rex
1107 1682 1233 1724 enim
1255 1695 1282 1724 a
1304 1682 1512 1735 regendo
1532 1681 1680 1725 dictus
1699 1685 1773 1724 est
1791 1695 1863 1734 eo,

93 1750 217 1803 quod
244 1763 410 1804 regere
437 1751 580 1794 habet
605 1753 829 1805 populum
856 1752 946 1794 sibi
974 1752 1208 1795 traditum.
1250 1752 1430 1806 Regere
1459 1756 1612 1795 autem
1638 1753 1864 1806 populum

93 1824 164 1864 est
183 1833 289 1864 eum
307 1821 358 1864 in
377 1821 525 1864 finem
544 1835 678 1864 suum
698 1823 903 1876 dirigere
922 1827 969 1865 et
986 1836 1074 1876 pro
1093 1836 1233 1876 posse
1253 1823 1526 1877 perducere.
1562 1823 1689 1867 Finis
1709 1827 1862 1866 autem

92 1892 253 1945 populi
281 1896 352 1936 est
373 1893 505 1936 salus
531 1897 669 1946 atque
694 1893 908 1946 felicitas,
936 1907 1026 1947 que
1051 1897 1123 1936 est
1146 1895 1339 1947 triplex:
1366 1893 1518 1947 prima
1544 1895 1746 1947 politica,
1772 1907 1862 1948 que

93 1963 140 2005 in
167 1963 317 2006 tribus
345 1964 571 2007 consistit:
613 1964 813 2017 primum
842 1969 913 2007 est
938 1977 1032 2018 pax
1061 1968 1106 2007 et
1132 1964 1447 2018 tranquillitas
1474 1965 1638 2019 populi
1663 1965 1864 2008 civiliter

93 2035 372 2089 congregati,
414 2035 505 2076 2um
547 2038 622 2078 est
662 2035 955 2078 sufficiencia
997 2037 1371 2078 necessariorum
1414 2036 1473 2078 ad
1512 2036 1862 2090 transigendam

94 2106 327 2157 presentis
357 2107 583 2159 temporis
614 2107 768 2159 vitam,
801 2106 892 2149 3un1
927 2110 999 2149 est
1031 2107 1282 2150 exterioris
1314 2107 1688 2150 conversacionis
1721 2107 1864 2149 homi-

92 2189 200 2219 num
241 2176 459 2220 decencia
496 2180 544 2219 et
580 2176 816 2221 honestas.
869 2177 1089 2231 Populus,
1128 2178 1206 2230 qui
1246 2178 1330 2219 hec
1367 2179 1509 2230 plene
1549 2181 1593 2219 et
1634 2177 1863 2220 stabiliter

93 2247 322 2300 habuerit,
355 2248 554 2290 civiliter
589 2248 706 2290 felix
741 2248 829 2290 dici
862 2252 1027 2301 potest.
1075 2248 1125 2290 2³
1160 2248 1360 2291 felicitas
1396 2248 1483 2290 dici
1520 2249 1637 2291 solet
1672 2249 1862 2290 moralis

91 2321 138 2360 et
156 2317 375 2361 similiter
398 2319 446 2360 in
468 2317 618 2362 tribus
641 2319 865 2362 consistit:
902 2319 1103 2372 primum
1126 2323 1199 2362 est
1220 2319 1465 2373 plenitudo
1487 2319 1768 2373 cognicionis
1793 2331 1863 2361 ce-

93 2388 278 2431 lestium
308 2393 355 2432 et
386 2389 718 2432 subcelestium
748 2402 835 2444 per
868 2390 1114 2432 scienciam
1145 2394 1192 2432 et
1223 2390 1383 2442 fidem,
1414 2390 1507 2432 2um
1540 2393 1612 2432 est
1643 2389 1861 2432 virtutum

93 2459 296 2501 omnium
322 2460 427 2514 iuge
453 2460 748 2514 exercicium,
773 2460 866 2503 311111
892 2465 965 2504 est
990 2461 1088 2502 veri
1115 2461 1265 2504 cultus
1290 2461 1414 2503 unici
1442 2460 1527 2503 Dei
1554 2461 1790 2514 publicum
1816 2463 1863 2502 et

92 2530 352 2584 sollempne
381 2531 666 2584 preconium.
709 2531 916 2584 Populus
944 2532 1082 2583 enim,
1114 2532 1191 2584 qui
1223 2532 1269 2573 in
1299 2531 1388 2573 hiis
1417 2531 1568 2574 tribus
1596 2533 1862 2574 constanter

93 2605 378 2654 perseverat,
410 2614 521 2643 vere
554 2601 793 2645 moraliter
824 2602 939 2644 felix
971 2605 1043 2645 est
1075 2636 1082 2644 .
1119 2636 1126 2643 .
1163 2636 1171 2643 .
1207 2599 1464 2656 Felicitasb)
1498 2602 1655 2654 tercia,
1688 2601 1862 2644 seilicet

93 2672 405 2726 premiatoria,
436 2672 482 2714 in
512 2685 603 2725 qua
633 2676 704 2715 est
733 2673 913 2715 ablacio
943 2673 1094 2715 omnis
1122 2673 1233 2715 mali
1264 2675 1311 2714 et
1339 2673 1681 2715 consummacio
1712 2671 1860 2713 omnis

92 2741 217 2796 boni,
244 2755 333 2796 que
361 2743 468 2786 licet
492 2744 653 2797 attingi
679 2756 773 2786 non
799 2746 952 2797 potest
978 2744 1024 2785 in
1050 2744 1205 2796 terris,
1231 2747 1386 2786 tamen
1414 2743 1572 2785 datum
1597 2745 1671 2785 est
1696 2745 1861 2784 morta-

93 2813 230 2865 libus,
254 2816 304 2856 ut
327 2814 414 2856 sub
437 2827 494 2856 ea
518 2814 743 2857 felicitate
765 2814 930 2856 morali
955 2826 1079 2856 nunc
1102 2815 1172 2856 eis
1195 2813 1410 2867 possibili
1436 2813 1563 2856 illam
1588 2812 1859 2866 perfectam,

93 2896 182 2936 que
214 2884 384 2926 sanctis
415 2874 718 2927 conservatur
747 2886 795 2927 in
827 2885 955 2937 celis,
985 2884 1166 2937 possint
1193 2884 1396 2926 faciliter
1422 2883 1700 2936 promereri.
1746 2883 1859 2925 Ecce

198 3052 228 3077 a)
255 3046 313 3072 Am
336 3046 465 3073 Raude:
498 3044 645 3074 Collacio
668 3054 724 3081 per
745 3047 877 3074 vos-lem
899 3053 1008 3073 voram
1032 3053 1107 3081 roge
1128 3046 1354 3072 Romanorum.

200 3093 231 3118 ln
258 3093 329 3118 Toy-r
349 3093 434 3118 m'rhr
454 3092 537 3119 ΙιἸην,
