2102 3444
229 141 313 184 356
766 141 789 174 Ι.
817 140 1026 174 Abschnitt.
1066 138 1465 182 Kouzilstagebiicher.

231 260 397 302 dictam
422 259 634 302 cedulam
660 258 864 300 laudavit
889 262 932 300 et
960 258 1206 300 ratificavit
1231 261 1276 300 et
1300 259 1588 312 approbavit,
1614 258 1782 301 additis
1806 258 2000 301 vocabu-

231 331 306 372 lis:
353 330 456 372 iuro
486 334 533 372 et
565 341 723 371 voveo.
772 329 994 382 Idemque
1030 329 1243 371 fecerunt
1276 329 1638 372 ambassiatores
1671 329 1869 372 ali-arum
1903 330 2002 371 uni-

232 402 502 444 versitatum
527 405 572 442 et
598 401 745 453 ipsam
772 401 812 441 d.
838 403 998 442 nostro
1023 412 1143 454 pape
1169 400 1535 454 presentandum
1562 400 1730 442 dictum
1757 401 2001 443 concilium

232 472 432 525 demptis
462 471 697 524 aliquibus
729 471 785 513 de
816 472 1012 513 nacione
1046 471 1224 514 Ytalica
1253 472 1643 526 concluserunt⁰);
1676 471 1758 514 illa
1788 469 1999 525 diequeb)

233 544 273 585 d.
301 544 552 596 imperator
579 542 745 585 dictam
772 542 984 584 cedulam
1012 555 1132 596 pape
1159 544 1460 596 presentavit.
1499 543 1595 595 Qua
1623 542 1811 596 quidem
1838 542 2003 585 cedula

233 626 317 667 per
341 614 509 656 dictum
535 613 576 655 d.
602 616 811 655 nostrum
833 626 1004 667 papam
1028 617 1215 667 recepta
1242 615 1287 656 in
1312 614 1563 656 crastinum
1588 614 1635 655 in
1660 626 1745 656 sua
1769 613 1877 656 aula
1898 625 2004 668 pre-

234 685 443 727 sentibus
469 685 510 727 d.
538 684 834 738 imperatore,
857 684 1189 739 cardinalibus,
1213 685 1408 739 prelatis
1435 688 1479 727 et
1505 685 1611 727 aliis
1637 684 1684 726 in
1709 683 2003 727 multitudine

233 756 419 809 copiosa
445 755 611 798 dictam
638 754 849 798 cedulam
876 756 989 809 legit
1012 756 1199 810 publice
1225 769 1327 798 eam
1354 755 1590 798 laudando
1612 760 1661 799 et
1686 755 2004 810 approbando,

234 826 291 867 de
315 839 405 879 quo
430 839 592 868 omnes
617 826 809 869 fuerunt
834 826 921 869 sibi
947 827 1192 880 regraciatii
1214 830 1263 869 et
1286 830 1606 869 cantaverunt:
1646 827 1710 868 Te
1736 827 1884 868 Deum
1910 827 2006 868 lau-

233 897 409 940 damus.
453 898 507 940 Et
538 897 627 940 fuit
655 897 890 951 assignata
921 898 1070 941 sessio
1099 899 1159 941 ad
1189 898 1432 941 sabbatum
1464 901 1751 951 sequentem.

352 969 435 1010 Die
472 969 652 1011 sabbati
690 969 895 1012 secunda
930 970 1106 1012 mensis
1145 969 1301 1011 Marcii
1338 1003 1345 1011 .
1383 1007 1388 1013 .
1426 969 1476 1023 .¹)

351 1039 436 1082 Die
462 1040 571 1081 lune
598 1040 812 1093 sequenti
838 1040 1200 1083 ambassiatores
1225 1040 1464 1082 Benedicti
1491 1044 1535 1082 et
1562 1041 1687 1093 regis
1712 1040 2005 1093 Arragonum

234 1111 501 1153 institerunt
529 1123 641 1164 erga
671 1111 1001 1164 imperatorem
1030 1124 1116 1164 pro
1146 1111 1453 1165 responsione
1484 1111 1702 1154 habenda
1730 1122 1873 1165 super
1902 1123 2006 1153 con-

236 1182 459 1224 vencione
484 1194 569 1236 per
593 1182 723 1235 prius
748 1182 902 1224 oblata
926 1185 971 1224 et
993 1182 1079 1224 fuit
1103 1183 1370 1224 conclusum
1392 1195 1494 1224 cum
1519 1183 1588 1225 eis
1613 1182 1670 1224 de
1694 1181 2007 1224 convencione

236 1252 396 1295 fienda
425 1265 510 1307 per
542 1255 684 1295 totum
717 1265 925 1295 mensem
958 1253 1067 1296 Maii
1099 1253 1146 1295 in
1177 1253 1361 1295 civitate
1392 1254 1516 1295 Nicie
1552 1287 1559 1295 .
1596 1287 1604 1295 .
1640 1254 1690 1307 .¹)

354 1323 437 1366 Die
466 1323 627 1368 martis
657 1324 871 1376 sequenti
900 1324 987 1366 fuit
1015 1325 1167 1378 posita
1195 1324 1360 1367 cedula
1390 1325 1436 1366 in
1466 1324 1614 1366 valvis
1643 1324 1839 1366 ecclesie
1870 1323 2009 1366 maio-

236 1395 301 1438 ris
323 1394 701 1438 Constanciensis
721 1408 781 1437 ex
801 1398 935 1448 parte
958 1395 1001 1437 d.
1022 1396 1169 1438 nostri
1191 1408 1329 1449 pape,
1353 1395 1476 1448 quod
1497 1395 1670 1449 nullus,
1692 1394 2007 1448 cujuscunque

235 1469 379 1509 status
411 1466 547 1520 foret,
581 1467 658 1520 qui
691 1466 749 1509 ad
782 1466 1026 1508 concilium
1058 1467 1280 1519 venisset,
1313 1466 1558 1508 recederet
1587 1465 1644 1508 de
1677 1465 1858 1508 civitate
1892 1464 2007 1508 Con—

239 1537 489 1580 stanciensi
535 1537 620 1580 sub
663 1538 800 1591 penis
845 1537 1342 1580 excommunicacionis
1387 1537 1488 1579 sine
1533 1536 1727 1579 licencia
1770 1536 1918 1590 ipsius
1963 1536 2004 1579 d.

235 1609 380 1651 nostri
405 1620 542 1663 pape.

353 1679 527 1722 Eadem
551 1693 662 1722 vero
686 1679 759 1721 die
784 1680 1074 1722 intraverunt
1097 1679 1458 1722 ambassiatores
1481 1679 1522 1722 d.
1547 1679 1694 1722 nostri
1717 1679 1843 1734 regis
1866 1678 2007 1722 Fran-

236 1763 406 1804 corum,
437 1751 604 1804 quibus
636 1751 677 1793 d.
709 1751 962 1805 imperator
992 1751 1136 1792 exivit
1164 1750 1348 1793 obviam
1378 1753 1425 1793 et
1453 1750 1586 1804 quasi
1615 1762 1778 1794 omnes
1806 1749 1900 1804 alii,
1929 1749 2007 1804 qui

236 1821 293 1864 ad
326 1821 495 1864 dictum
527 1821 771 1864 concilium
803 1825 1131 1864 convenerant.
1177 1821 1262 1874 Qui
1294 1821 1481 1875 quidem
1514 1821 1878 1864 ambassiatores
1909 1820 2008 1863 fue-

236 1895 342 1934 runt
370 1894 543 1946 recepti
575 1905 675 1935 cum
705 1893 828 1935 omni
859 1893 1185 1947 solempnitate
1215 1896 1259 1935 et
1288 1892 1574 1947 reverencia,
1605 1892 1774 1946 quibus
1803 1891 1948 1935 decet.

355 1963 438 2006 Die
467 1964 684 2006 mercurii
712 1965 941 2018 sequenti,
969 1977 1058 2018 que
1087 1964 1174 2006 fuit
1203 1966 1335 2007 sexta
1362 1964 1470 2006 dicti
1499 1963 1688 2018 mensis,
1714 1962 1888 2018 prefati
1915 1975 2008 2006 am-

237 2034 521 2077 bassiatores
551 2034 764 2077 fecerunt
788 2038 837 2078 et
864 2035 1180 2078 exhibuerunt
1209 2035 1528 2077 reverenciam
1557 2047 1679 2089 pape
1707 2033 2009 2089 presentibus

238 2105 279 2148 d.
300 2105 618 2151 cardinalibus
635 2109 683 2148 et
703 2107 945 2160 pecierunt
965 2106 1145 2148 eisdem
1166 2106 1497 2160 audienciamc)
1522 2107 1570 2148 in
1588 2105 1779 2159 publica
1796 2105 2007 2151 sessione

240 2176 297 2218 ad
323 2177 654 2230 exponendum
680 2177 775 2230 illa,
802 2190 890 2230 que
918 2178 987 2220 eis
1014 2177 1218 2219 iniuncta
1243 2180 1377 2219 erant
1402 2189 1461 2219 ex
1486 2179 1617 2230 parte
1645 2176 1687 2218 d.
1712 2175 1861 2219 nostri
1886 2174 2010 2230 regis

238 2247 626 2301 christianissimi,
659 2248 782 2301 quod
812 2248 853 2290 d.
885 2251 1044 2291 noster
1074 2260 1195 2301 papa
1226 2248 1295 2290 eis
1327 2248 1566 2290 concessit.

357 2318 534 2361 Diebus
575 2330 688 2361 vero
729 2318 859 2372 iovis,
902 2318 1089 2361 veneris
1132 2322 1177 2361 et
1219 2318 1399 2362 sabbati
1441 2318 1747 2373 sequentibus
1789 2317 2009 2361 naciones

240 2388 494 2442 Gallicana,
523 2389 800 2432 Germanica
827 2393 872 2432 et
901 2389 1157 2443 Anglicana
1185 2402 1286 2432 cum
1316 2390 1598 2443 imperatore
1627 2388 2010 2432 deliberaverunt

241 2463 344 2512 post
380 2460 548 2503 multas
584 2461 932 2513 altercaciones,
970 2461 1093 2513 quod
1129 2460 1302 2514 prefati
1339 2461 1702 2503 ambassiatores
1737 2458 2012 2503 audirentur

243 2532 288 2572 in
330 2530 573 2574 audiencia
613 2530 798 2585 publica
838 2543 925 2584 per
965 2531 1150 2573 modum
1193 2531 1453 2574 consistorii
1494 2530 1668 2585 publici
1709 2533 1755 2573 et
1792 2542 1885 2573 non
1924 2541 2011 2585 per

242 2601 427 2643 modum
461 2602 701 2655 sessionis,
735 2613 834 2643 cum
870 2601 917 2646 in
952 2602 1163 2644 sessione
1196 2602 1382 2655 publica
1414 2602 1545 2644 nulla
1580 2601 1753 2644 debent
1784 2600 1895 2656 poni
1928 2612 2013 2644 seu

240 2672 470 2725 publicari
505 2671 595 2715 nisi
632 2672 909 2716 concordata
943 2676 988 2714 et
1024 2672 1231 2715 advisata
1266 2685 1353 2726 per
1386 2684 1547 2715 omnes
1581 2672 1802 2715 naciones
1837 2671 2010 2715 ibidem

242 2742 560 2786 concludenda
591 2747 636 2786 et
667 2742 964 2785 diffinienda.
1007 2742 1157 2796 Super
1188 2743 1356 2796 quibus
1387 2743 1475 2785 fuit
1504 2742 1739 2798 assignata
1769 2741 1870 2786 dies
1900 2742 2011 2785 lune

244 2826 447 2867 sequens
488 2815 531 2855 in
572 2815 847 2856 consistorio
883 2814 1072 2867 publico
1109 2817 1328 2867 presente
1368 2818 1460 2856 toto
1498 2814 1691 2856 concilio
1730 2813 1776 2855 in
1815 2812 2011 2856 ecclesia

245 2885 407 2926 maiori
435 2886 481 2926 in
508 2886 621 2938 loco,
646 2885 725 2926 ubi
755 2885 990 2928 sessiones
1017 2884 1328 2937 celebrantur,
1355 2885 1488 2928 dictis
1515 2884 1930 2928 ambassiatoribus
1955 2883 2013 2926 ad

348 2993 377 3016 :il
404 2990 447 3015 Ils
467 2996 510 3016 ευ.
566 2989 597 3015 bl
621 2990 665 3015 11⁸
690 2989 761 3015 rhet·
783 2989 879 3022 quod.
937 2996 964 3015 c»
986 2988 1065 3021 fehlt
1087 2989 1173 3014 «ἲῑιιϊ.

363 3050 394 3089 ¹)
423 3048 545 3090 brinul
571 3048 690 3082 nichts
717 3058 843 3082 neue-S.
