2227 3434
565 214 604 249 Β.
644 214 722 251 Der
746 215 846 251 liber
870 218 1064 260 gestorum
1091 217 1160 251 des
1186 215 1428 252 Cerretanus.
1795 220 1876 262 251

236 332 595 375 Instrumentum
622 333 951 376 ratificacionis
980 368 987 376 .
1024 368 1031 375 .
1068 368 1075 376 .
1119 334 1168 376 In
1193 334 1380 377 nomine
1406 335 1580 378 domini
1606 336 1755 378 Amen
1783 371 1789 378 .
1827 371 1833 378 .
1871 371 1877 378 .

115 415 238 446 anno
270 403 456 458 sexto.¹)

231 474 316 516 Die
345 475 562 516 mercurii
591 474 831 517 XXVIIII.
863 476 1038 518 mensis
1072 476 1176 518 Maii
1208 511 1216 518 .
1252 510 1260 517 .
1297 511 1304 518 .
1336 477 1651 531 continetur.²)

231 545 358 599 Diea)
387 546 496 587 lune
526 545 606 588 III.
633 545 808 588 mensis
833 546 958 588 Junii
985 547 1026 588 d.
1054 546 1305 589 Baldassar
1331 547 1475 590 Cossa
1500 548 1732 601 quondam
1759 562 1880 602 papa

112 615 352 659 Johannes
380 615 552 658 XXIII.
584 616 641 658 de
672 619 822 658 castro
854 616 984 659 Celle
1015 617 1178 660 ductus
1207 621 1278 660 est
1308 618 1366 660 ad
1394 621 1595 660 castrum
1627 620 1725 661 sive
1755 620 1880 672 pala—

39 734 46 740 ,
112 685 230 728 cium
260 686 467 740 episcopi
497 686 889 740 Constanciensis,
920 688 1043 740 quod
1074 691 1262 730 vocatur
1299 687 1635 744 [Gotlieben¹’)]
1674 702 1759 744 per
1790 702 1880 732 me-

113 756 238 799 dium
270 757 450 800 miliare
483 757 816 800 Theutonicum
852 771 877 800 a
911 758 1187 801 Constancia
1220 759 1410 802 distans.

229 827 314 870 Die
344 828 561 870 mercurii
593 828 752 882 quinta
781 830 956 871 mensis
985 829 1112 872 Junii
1143 829 1335 872 fuerunt
1363 831 1593 873 licenciati
1623 844 1784 875 omnes
1815 832 1880 874 fa-

112 898 320 942 miliares
346 899 388 941 d.
414 899 701 942 Balthasaris
726 903 773 942 et
797 901 924 943 solus
950 901 1186 943 remansit.
1225 901 1318 956 Et‘2)
1347 901 1405 962 ad
1432 902 1574 944 alium
1600 902 1750 944 locum
1776 902 1881 945 duc-

110 972 183 1013 tus
211 973 294 1022 est,
323 969 539 1012 videlicet
566 970 624 1013 ad
653 970 882 1012 civitatem
911 971 1401 1025 Heydelsbergensem
1431 973 1472 1014 d.
1503 973 1632 1016 ducis
1662 973 1879 1015 Ludovici

112 1039 169 1082 de
212 1040 422 1093 Bavaria,
464 1041 642 1083 comitis
685 1041 882 1084 Palatini
925 1042 1042 1084 Reni
1083 1043 1299 1085 electoris
1342 1043 1539 1096 imperii.

230 1110 314 1153 Die
340 1112 528 1154 veneris
554 1112 659 1154 VII.
688 1113 864 1156 mensis
891 1113 1018 1155 Junii
1046 1113 1134 1155 fuit
1159 1113 1348 1167 eclipsis
1376 1115 1488 1157 solis
1517 1115 1574 1157 de
1603 1126 1738 1157 mane
1766 1116 1879 1158 hora

111 1184 243 1225 sexta
265 1185 370 1236 post
393 1182 594 1226 mediam
618 1187 798 1225 noctem
824 1187 869 1226 et
894 1184 1078 1226 duravit
1101 1185 1233 1237 quasi
1259 1198 1344 1238 per
1370 1185 1568 1228 mediam
1593 1186 1768 1228 horam.

228 1252 356 1308 Died)
385 1253 566 1297 sabbati
590 1254 686 1297 XV.
712 1255 887 1298 mensis
911 1255 1037 1297 Junii
1064 1256 1340 1309 magnificus
1365 1259 1409 1298 et
1434 1257 1649 1299 excelsus
1674 1257 1715 1299 d.
1743 1257 1879 1300 Caro·
1948 1263 1957 1271 ⁴

111 1323 183 1367 lus
212 1324 269 1366 de
303 1323 555 1367 Malatestis
585 1325 946 1378 precedentibus
975 1326 1176 1368 eundem
1206 1327 1403 1369 XXIIII.
1434 1327 1571 1370 mulis
1601 1329 1806 1371 oneratis
1835 1331 1881 1370 et

110 1397 210 1437 octo
243 1395 377 1449 equis
409 1395 666 1439 adextratis
698 1397 745 1438 in
779 1400 1006 1450 apparatu
1039 1397 1321 1450 pulcerrimo
1355 1399 1678 1441 Constanciam
1712 1402 1783 1441 est
1815 1400 1880 1441 in-

109 1478 314 1519 gressus.
351 1466 435 1510 Cui
459 1479 518 1509 ex
543 1467 758 1510 mandato
782 1468 906 1522 regis
929 1481 1090 1511 omnes
1115 1470 1367 1522 principes,
1392 1469 1565 1512 domini
1591 1473 1636 1512 et
1659 1483 1879 1523 proceres

111 1537 157 1579 in
184 1550 316 1580 sacro
342 1538 536 1581 concilio
563 1539 875 1582 existentibus
903 1552 952 1582 ac
981 1540 1123 1592 aliqui
1152 1553 1209 1581 ex
1238 1541 1433 1593 prelatis
1461 1553 1546 1594 pro
1573 1544 1704 1594 parte
1734 1541 1879 1594 ipsius

110 1608 228 1650 sacri
259 1609 440 1651 concilii
473 1609 781 1653 obviaverunt
812 1611 1056 1664 ipsumque
1089 1624 1235 1664 usque
1270 1612 1326 1654 ad
1359 1612 1543 1654 domum
1574 1612 1880 1654 habitacionis

111 1679 199 1721 sibi
227 1679 446 1733 deputate
475 1681 781 1724 sociaverunt.
823 1682 878 1723 Et
907 1681 951 1723 in
982 1682 1183 1724 crastino
1212 1695 1237 1724 a
1268 1682 1570 1725 serenissimo
1599 1683 1640 1725 d.
1671 1683 1712 1725 d.
1742 1683 1880 1736 Sigis-

110 1750 282 1793 mundo
323 1750 634 1793 Romanorum
678 1756 723 1794 et
766 1752 1002 1806 Hungarie
1046 1765 1155 1806 rege
1200 1766 1387 1806 semper
1431 1758 1624 1806 augusto
1668 1754 1714 1795 in
1759 1755 1878 1807 logia

111 1833 276 1875 magna
300 1835 441 1876 supra
466 1823 645 1864 Renum
670 1826 924 1866 conventus
949 1824 1282 1866 heremitarum
1309 1839 1342 1867 s.
1369 1825 1628 1878 Augustini,
1653 1826 1880 1878 presenti-

110 1893 195 1935 bus
226 1893 442 1946 pluribus
472 1894 682 1947 prelatis,
715 1894 1004 1948 principibus
1035 1899 1082 1937 et
1111 1895 1385 1948 proceribus
1418 1895 1661 1938 audiencia
1692 1896 1879 1949 publica

112 1963 199 2005 sibi
223 1963 328 2006 data
351 1967 433 2008 est.

229 2034 314 2077 Die
337 2035 517 2078 sabbati
541 2036 637 2078 XV.
662 2037 835 2079 mensis
857 2037 984 2079 Junii
1011 2071 1018 2078 .
1055 2071 1062 2078 .
1100 2071 1107 2079 .
1133 2038 1179 2079 in
1202 2050 1398 2080 numero
1420 2038 1660 2092 copioso.³‘)

231 2105 320 2160 In‘³)
344 2107 532 2149 nomine
554 2107 700 2160 patris
723 2142 730 2149 .
768 2142 775 2149 .
812 2142 819 2149 .
843 2108 1109 2161 Sequuntur
1132 2109 1465 2162 responsiones
1488 2109 1529 2151 d.
1554 2109 1877 2162 deputatorum

110 2175 167 2218 de
189 2176 476 2230 nacionibus,
500 2181 636 2231 prout
658 2179 727 2221 eis
750 2178 933 2220 videtur
955 2179 1302 2232 procedendum
1326 2180 1446 2222 circa
1468 2193 1537 2232 ea,
1561 2192 1649 2233 que
1675 2180 1878 2234 magnifi-

108 2259 188 2290 cus
216 2247 258 2290 d.
288 2248 483 2291 Carolus
513 2249 570 2291 de
601 2248 857 2292 Malatestis
886 2250 1050 2292 obtulit
1078 2250 1352 2303 ordinanda,
1381 2251 1418 2293 si
1450 2250 1507 2293 ad
1536 2252 1875 2304 presencialem

110 2318 514 2361 renunciacionem
545 2320 670 2363 illius
699 2320 885 2374 domini,
914 2321 991 2374 qui
1023 2322 1068 2362 in
1098 2334 1180 2364 sua
1209 2321 1483 2364 obediencia
1512 2321 1679 2364 dicitur
1707 2322 1878 2376 Grego-

111 2388 207 2432 rius
248 2389 368 2443 XII.‚
409 2390 578 2433 debeat
619 2392 873 2445 proveniri,
917 2393 1045 2434 salva
1087 2396 1242 2434 tamen
1285 2392 1631 2435 deliberacione
1674 2393 1876 2435 omnium

109 2461 367 2514 nacionum,
404 2465 540 2514 prout
578 2463 621 2503 in
661 2462 1135 2506 determinacionibus
1171 2463 1351 2505 concilii
1390 2463 1497 2506 fieri
1534 2464 1784 2506 consuevit.
1823 2465 1877 2506 Et

108 2535 211 2584 post
235 2533 377 2574 multa
403 2532 479 2574 vix
506 2535 577 2574 est
603 2532 851 2575 deventum
879 2534 935 2576 ad
962 2546 1032 2585 ea,
1060 2547 1149 2587 que
1177 2537 1448 2587 sequuntur.

212 2689 241 2713 a)
264 2684 392 2709 Bericht
415 2684 492 2710 illm·
514 2685 580 2709 Zrit
605 2692 670 2710 vum
694 2687 783 2715 3.-7,
806 2686 886 2711 Jmu‘
907 2685 987 2717 fehlt
1010 2688 1038 2711 ¹¹.
1079 2686 1109 2717 b)
1134 2687 1160 2712 B
1179 2685 1258 2718 fehlt
1281 2686 1389 2712 Numa
1412 2686 1482 2713 Nur
1507 2689 1570 2712 (vul
1608 2687 1718 2714 lt'imll.
1738 2688 1792 2712 har
1815 2688 1875 2713 ihn,

106 2735 134 2761 0)
157 2730 200 2756 13:
229 2730 311 2764 sulm
342 2731 607 2757 durclzetrichen:
640 2733 676 2758 ut
702 2732 860 2760 ereditur.
930 2732 962 2762 d)
994 2732 1160 2760 Abschm'rt
1191 2732 1269 2766 fehlt
1294 2734 1323 2759 ζ’.
1379 2735 1407 2765 e)
1441 2734 1466 2760 B
1497 2734 1603 2759 uvir-h!
1634 2735 1663 2759 in
1694 2734 1872 2767 somonam

106 2776 233 2803 aelia-ker
254 2777 303 2803 ab.
350 2778 423 2805 Vom
446 2781 484 2805 18.
503 2777 572 2804 Juli
593 2779 641 2806 ϋῐε
661 2782 704 2806 23.
727 2778 810 2813 Sept.
832 2779 911 2812 fr>ltlt
932 2788 1023 2812 ηυντ.

227 2839 258 2880 ¹)
282 2838 726 2882 Ratificctlionsurlsunde
748 2841 818 2874 der
840 2840 1002 2875 Articuli
1027 2851 1097 2876 von
1120 2841 1222 2876 sene
1244 2841 1426 2875 lolianus.
1463 2841 1582 2875 Harcll
1607 2841 1670 2877 IV,
1693 2839 1873 2878 271-76‚·

109 2893 232 2930 Man-si
261 2895 418 2938 XXVII,
446 2896 594 2932 701—3.

224 2954 256 2996 ²)
283 2954 432 2989 Bericlel
458 2955 553 2990 iiber
574 2955 638 2990 die
661 2957 748 2990 Sess
769 2968 789 2989 ο
814 2956 905 2999 XII,·
929 2957 1098 2992 4ῑι·(’)’1·ΙΙι”ι·Ιι
1125 2958 1244 2992 Hard!
1270 2957 1334 2997 IV,
1358 2957 1537 2998 270—72‚·
1564 2957 1688 2991 Mansz·
1713 2955 1870 2995 XXVII,

107 3010 219 3055 713t,·
253 3012 373 3047 daran
407 3013 568 3058 schliesse
603 3014 679 3047 sicle
715 3015 784 3048 (las
821 3015 954 3057 iIbriye
987 3015 1296 3049 Al··!enm(1lerial
1332 3017 1405 3049 und
1441 3015 1567 3056 ee‘niqe
1602 3015 1869 3049 Instrumenta.

110 3069 179 3103 wie
205 3069 262 3104 sie
291 3070 351 3105 bei
377 3070 497 3105 Hardt
527 3073 601 3105 und
631 3072 755 3105 Man-<si
783 3074 893 3106 meter
919 3073 1046 3107 Sessio
1074 3073 1157 3107 XII.
1188 3074 1328 3108 bereils
1358 3073 1639 3116 veroffertllicht
1667 3074 1763 3107 siml.

223 3127 255 3170 ³)
280 3128 429 3164 Bericht
453 3129 548 3163 it'ber
567 3129 630 3164 die
653 3130 780 3166 Sessio
803 3129 916 3172 XIII,·
938 3131 1058 3166 Hardt
1080 3131 1145 3172 IV,
1166 3131 1347 3174 332—36,·
1371 3131 1496 3166 Mansi
1519 3130 1676 3171 XXVII,
1698 3130 1867 3166 7:26-29.
