2227 3434
502 226 539 260 B.
588 225 665 261 Der
696 226 797 261 liber
828 228 1022 271 gestorum
1057 227 1125 262 des
1158 226 1400 262 Cerretanus.
1733 229 1818 272 293

52 344 194 386 invite
217 344 547 386 translatorum
571 346 616 385 et
640 343 1015 386 adversariorum
1042 357 1244 397 suorum,
1270 345 1487 388 videlicet
1510 346 1818 399 Vapicensem

51 418 96 458 et
123 414 406 456 Militensem
433 426 483 456 ac
509 414 647 456 etiam
675 415 928 456 electorum
957 415 1014 457 ad
1041 415 1286 458 ecclesiam
1314 416 1647 458 Senonensem.

167 483 468 527 sacrosancta
511 488 558 526 et
603 485 839 537 generalis
886 485 1089 538 synodus
1137 485 1514 529 Constanciensis
1559 487 1607 528 in
1655 487 1819 540 spiritu

52 558 208 598 sanc-to
247 555 453 609 legitime
494 558 784 609 congregata.
836 556 908 597 Ad
947 556 1225 609 peticionem
1267 558 1556 599 serenissimi
1599 561 1644 599 et
1682 557 1820 599 invic-

50 625 215 668 tissimi
247 625 473 679 principis
504 625 815 668 Romanorum
850 625 974 680 regis
1009 639 1195 680 semper
1229 628 1408 680 augusti
1443 630 1526 670 etc.
1561 628 1743 670 ordinat
1775 631 1820 670 et

51 696 268 750 disponit,
296 696 418 750 quod
447 699 666 740 strenuus
692 697 921 739 Henricus
950 697 1299 752 Latzenbockss),
1328 699 1462 741 miles
1491 711 1541 741 ac
1569 699 1820 742 ambassia-

51 771 122 810 tor
157 768 304 822 ipsius
341 768 383 810 d.
421 767 558 821 regis,
594 768 766 810 habeat
799 769 1048 810 terminum
1085 769 1389 822 Argentinam
1425 770 1699 812 transeundi
1734 783 1819 823 pro

51 837 335 881 liberacione
359 850 668 891 personarum
695 839 735 882 d.
762 838 1001 880 Wilhelmi
1028 839 1163 881 electi
1189 839 1546 893 Argentinensis
1571 853 1621 882 ac
1649 840 1690 882 d.
1717 853 1821 883 can-

50 908 164 952 toris
199 912 244 951 et
278 909 475 951 aliorum
512 922 613 951 cum
649 910 719 952 eis
753 909 1087 962 captivatorum
1123 922 1173 952 ac
1209 923 1294 963 pro
1329 910 1626 953 restitucione
1663 923 1819 953 rerum

51 979 166 1033 ipsis
190 979 450 1022 ablatorum
475 979 824 1033 quatuordecim
849 980 949 1022 dies
976 981 1218 1023 continuos
1244 994 1269 1023 a
1294 981 1389 1022 XV.
1417 981 1491 1023 die
1517 982 1692 1025 mensis
1716 994 1820 1035 pre-

52 1050 196 1094 sentis
227 1050 332 1093 Maii
361 1050 661 1103 inchoandos,
692 1052 752 1093 ita
781 1051 903 1104 quod
932 1050 1055 1093 infra
1086 1054 1185 1093 octo
1213 1052 1314 1094 dies
1344 1052 1401 1094 ab
1429 1052 1694 1094 huiusmodi
1723 1052 1819 1094 XV.

50 1121 126 1164 die
154 1121 488 1175 computandos
520 1122 688 1164 debeat
718 1122 980 1164 certificare
1012 1123 1097 1164 hoc
1129 1135 1310 1165 sacrum
1342 1124 1587 1165 concilium
1618 1123 1676 1165 de
1709 1123 1821 1165 libe-

52 1192 237 1235 racione
275 1204 583 1246 personarum
621 1192 817 1246 predicti
859 1193 899 1234 d.
938 1193 1087 1245 electi,
1126 1193 1326 1236 cantoris
1365 1197 1410 1235 et
1447 1194 1643 1236 aliorum
1682 1194 1821 1247 capti-

53 1275 212 1306 vorum
249 1276 299 1306 ac
337 1276 493 1305 rerum
531 1264 791 1306 ablatarum
828 1264 1032 1306 omnium
1070 1265 1369 1306 restitucione
1406 1265 1479 1307 vel
1519 1265 1574 1306 de
1613 1265 1819 1318 ipsarum

52 1345 222 1387 rerum,
254 1334 292 1377 si
320 1347 415 1377 non
445 1337 618 1387 extant,
650 1335 822 1377 valoris
854 1334 1185 1377 satisfactione.
1230 1335 1359 1386 Quod
1391 1336 1427 1378 si
1461 1335 1560 1388 ipse
1592 1334 1820 1378 Henricus

52 1405 187 1449 miles
210 1408 256 1448 et
279 1404 599 1458 ambassiator,
624 1406 739 1448 sicut
761 1405 1014 1459 prefertur,
1039 1405 1190 1459 ipsum
1217 1418 1397 1448 sacrum
1421 1407 1666 1448 concilium
1690 1406 1822 1448 certi-

51 1476 278 1529 ficaverit,
299 1489 359 1518 ex
376 1479 484 1519 tunc
505 1475 629 1519 infra
650 1489 734 1519 sex
755 1477 854 1518 dies
875 1477 1020 1520 dictos
1041 1480 1141 1519 octo
1161 1476 1425 1519 immediate
1448 1480 1698 1530 sequentes
1717 1489 1822 1531 per-

52 1559 211 1590 sonam
238 1547 345 1590 dicti
373 1547 415 1590 d.
441 1547 576 1589 electi
603 1547 869 1601 conspectui
895 1547 1075 1590 concilii
1105 1547 1320 1589 antedicti
1348 1547 1639 1601 presentabit
1664 1559 1822 1601 recep-

51 1620 200 1661 turam
232 1618 413 1661 iusticie
445 1618 833 1671 complementum
866 1619 1011 1660 active
1045 1621 1089 1660 et
1118 1618 1319 1672 passive,
1351 1619 1519 1661 ceteris
1551 1618 1744 1671 captivis
1775 1617 1821 1659 in

55 1701 137 1732 sua
172 1689 389 1732 libertate
427 1689 646 1732 dimissis.
697 1689 741 1732 Si
783 1692 936 1731 autem
976 1688 1100 1731 infra
1137 1689 1403 1731 huiusmodi
1442 1692 1541 1731 octo
1580 1689 1682 1732 dies
1720 1688 1822 1742 ipse

53 1759 281 1804 Henricus
313 1760 450 1803 miles
483 1772 663 1803 sacrum
696 1760 940 1802 concilium
973 1760 1030 1802 de
1064 1759 1211 1813 ipsius
1244 1760 1378 1802 electi
1413 1763 1459 1802 et
1491 1760 1688 1802 aliorum
1719 1772 1823 1813 pre-

55 1829 277 1874 dictorum
304 1830 592 1874 liberacione
620 1844 670 1874 ac
699 1831 927 1874 bonorum
956 1831 1214 1873 ablatorum
1244 1830 1541 1873 restitucione
1572 1843 1664 1873 non
1693 1830 1824 1872 certi-

56 1901 280 1955 ficaverit,
308 1914 491 1944 exnunc
519 1905 657 1956 prout
683 1905 852 1944 extunc
881 1901 1107 1944 certificat
1134 1901 1379 1944 concilium
1409 1913 1570 1944 omnes
1599 1905 1644 1943 et
1672 1901 1824 1955 singu·
1856 1936 1859 1937 γ

57 1972 139 2026 los,
165 1984 360 2026 quorum
388 1973 596 2026 interest,
623 1973 745 2026 quod
772 1973 829 2016 ad
856 1973 1225 2015 declaracionem
1251 1985 1477 2025 penarum
1505 1973 1551 2014 in
1579 1971 1824 2014 monitorio

56 2046 373 2086 contentarum
408 2047 454 2086 et
487 2044 544 2086 ad
578 2044 694 2087 alias
729 2043 842 2086 iuris
876 2056 1037 2097 penas,
1073 2047 1209 2097 prout
1244 2043 1359 2085 iuris
1393 2042 1548 2095 fuerit,
1583 2042 1821 2096 procedet;

57 2113 95 2156 si
122 2115 259 2157 etiam
289 2114 410 2157 facta
438 2114 780 2157 certificacione
809 2118 912 2168 post
941 2117 1040 2157 octo
1069 2115 1170 2156 dies
1201 2104 1324 2156 infra
1355 2114 1470 2156 alios
1501 2127 1583 2156 sex
1615 2113 1716 2156 dies
1745 2114 1825 2155 im-

58 2185 255 2228 mediate
289 2189 540 2240 sequentes
575 2187 725 2239 ipsum
760 2186 801 2228 d.
836 2186 1033 2228 electum
1066 2185 1171 2227 huic
1205 2198 1336 2228 sacro
1369 2185 1563 2226 concilio
1595 2197 1688 2226 non
1721 2196 1825 2237 pre-

59 2258 265 2299 sentaret
295 2260 341 2299 et
374 2257 464 2300 alia
499 2257 652 2299 omnia
686 2260 731 2299 et
765 2257 961 2310 singula,
996 2260 1044 2298 ut
1076 2257 1372 2310 premittitur,
1406 2268 1499 2297 non
1534 2255 1824 2308 adimpleret,

58 2329 224 2370 extunc
252 2328 419 2370 iterum
447 2340 627 2370 sacrum
656 2327 899 2370 concilium
929 2327 985 2370 ad
1015 2326 1377 2370 declarationem
1404 2339 1631 2380 penarum
1660 2326 1707 2368 in
1735 2338 1826 2367 mo-

58 2397 225 2441 nitorio
250 2401 569 2441 contentarum
595 2399 809 2441 ulteriori
838 2397 1067 2441 dilacione
1095 2401 1140 2440 et
1167 2397 1536 2451 posttergacione
1565 2401 1671 2439 tunc
1698 2396 1826 2450 peni-

60 2471 132 2513 tus
151 2469 392 2524 denegatis
412 2469 648 2524 procedet,
669 2473 806 2523 prout
828 2469 885 2511 de
906 2469 1007 2511 iure
1030 2468 1172 2511 fuerit
1193 2468 1554 2522 procedendum.

175 2540 265 2584 Nos
286 2543 576 2594 promotores
601 2540 718 2583 sacri
742 2540 920 2582 concilii
946 2539 1322 2583 Constanciensis
1347 2542 1533 2591 attento,
1557 2539 1679 2592 quod
1703 2537 1824 2580 fama

61 2610 227 2653 cotidie
249 2611 434 2665 publice
456 2611 761 2654 increbrescit
783 2614 828 2653 et
851 2610 1154 2653 communiter
1177 2613 1334 2652 notum
1358 2613 1441 2662 est,
1466 2609 1587 2663 quod
1612 2609 1822 2651 nonnulli

61 2681 408 2724 universitatem
433 2682 570 2725 studii
597 2682 792 2724 civitatis
816 2682 1066 2735 Pragensis
1090 2684 1306 2734 regentes
1329 2684 1374 2722 et
1396 2680 1473 2723 alii
1496 2679 1704 2722 eiusdem
1728 2680 1826 2721 uni-

62 2751 292 2795 versitatis
321 2752 568 2806 dampnate
601 2752 821 2794 memorie
853 2753 961 2795 olim
994 2752 1221 2795 Johannis
1252 2751 1489 2804 Wyckleff
1519 2764 1569 2793 ac
1600 2749 1826 2792 ‚Johannis

62 2820 159 2865 Hus
178 2834 366 2866 errores
389 2827 435 2866 et
457 2824 653 2867 hereses
676 2825 920 2875 sustinent,
945 2822 1205 2865 defendunt
1228 2826 1273 2864 et
1297 2821 1603 2875 dogmatizant
1628 2823 1825 2873 suntque

63 2891 225 2935 eadem
255 2893 362 2936 labe
393 2895 614 2948 respersi,
646 2894 769 2947 quod
801 2895 846 2936 in
877 2893 1202 2947 gravissimum
1234 2893 1373 2935 totius
1403 2891 1752 2934 christianitatis
1782 2892 1827 2931 et

65 2961 176 3005 fidei
215 2964 470 3007 orthodoxe
508 2965 778 3007 scandalum
816 2964 1045 3007 redundat
1084 2968 1130 3006 et
1164 2964 1253 3006 nisi
1293 2963 1378 3005 cito
1417 2961 1730 3015 provideatur,
1770 2961 1827 3002 sit

66 3045 277 3087 magnum
314 3035 572 3087 periculum
610 3048 693 3077 nec
731 3036 787 3078 ad
825 3035 1059 3078 deteriora
1097 3035 1384 3085 decurratur,
1423 3033 1528 3074 ideo
1564 3044 1663 3073 cum
1703 3031 1823 3073 omni

168 3138 198 3165 a)
220 3136 257 3162 0:
278 3118 510 3164 Isssstzeriborch.
