2102 3444
219 124 305 166 534
572 122 616 156 II.
650 121 859 156 Abschuitt.
902 120 1106 153 Sermones
1137 118 1287 153 concilii
1318 117 1637 153 constanciensis.

222 241 366 282 raudo
400 239 626 281 dicebam:
673 238 706 280 O
741 237 906 290 angele
940 236 1146 288 Gabriel,
1180 236 1319 278 hodie
1353 240 1458 278 sunt
1491 236 1677 290 triginta
1709 238 1833 290 anni,
1867 237 1989 291 quod

222 311 355 352 michi
382 311 426 351 in
453 309 677 351 Nazareth
703 307 873 359 dixisti,
899 307 1021 359 quod
1046 320 1174 348 eram
1199 306 1353 360 gracia
1378 307 1518 360 plena
1544 311 1589 350 et
1612 307 1697 349 hoc
1719 309 1863 361 plena
1888 321 1988 350 sum

220 380 541 423 amaritudine.
583 380 648 420 Tu
679 378 833 420 dixisti
867 377 1095 429 ,dominus
1123 377 1287 419 tecum‘
1317 381 1362 420 et
1390 390 1497 419 ecce
1523 390 1613 431 »per
1640 381 1835 420 mortem
1862 379 1990 421 elon-

219 455 351 503 gatus
374 453 443 493 est
466 463 490 492 a
515 463 586 491 me
612 483 620 490 .
657 486 662 492 .
701 482 708 490 .
745 449 871 490 Tunc
896 449 1089 491 accessit
1112 449 1366 501 Johannes‚
1390 448 1461 490 cui
1486 448 1696 492 Christus
1721 461 1794 491 me
1818 461 1990 492 recom-

221 521 520 562 mendaverat
554 523 598 562 et
632 519 823 561 intuitus
857 532 929 561 me
965 532 1014 562 se
1050 532 1075 561 a
1109 519 1311 561 lacrimis
1345 519 1571 561 contineri
1604 532 1696 562 non
1728 523 1912 573 poterat
1945 523 1990 562 et

221 604 319 632 cum
344 603 415 632 me
439 604 463 632 a
487 590 735 643 sepulchro
758 590 899 633 vellet
922 591 1126 642 elevare,
1150 590 1378 632 dicebam:
1414 590 1448 632 Ο
1472 590 1532 631 mi
1554 590 1701 632 dulcis
1724 590 1796 632 fili
1820 590 1990 633 Johan-

219 674 317 713 nes,
340 674 431 703 non
454 661 588 702 michi
614 660 759 702 facias
783 661 900 702 hanc
924 661 1156 713 iniuriam,
1178 664 1226 702 ut
1249 673 1321 702 me
1345 673 1370 703 a
1393 660 1563 703 dilecto
1584 655 1687 703 filio
1710 673 1904 715 separes

220 732 424 774 Tandem
463 744 535 773 me
576 732 862 784 levaverunt,
902 732 1010 784 quia
1049 744 1132 785 pre
1172 731 1313 774 nimia
1351 731 1593 773 debilitate
1633 744 1726 774 non
1765 734 1990 785 poteram,

219 802 514 844 sustentabar
565 803 685 844 inter
736 815 946 844 sororum
998 814 1162 845 manus
1213 836 1220 844 .
1257 836 1265 843 .
1301 836 1309 844 .
1378 802 1595 855 Ingressa
1645 802 1875 845 civitatem
1927 802 1991 845 sic

218 873 581 915 lamentabiliter
613 874 804 926 plorans
838 886 999 916 omnes
1034 873 1279 916 audientes
1311 885 1384 914 me
1418 873 1669 916 currebant
1701 876 1747 916 et
1778 873 1991 916 videntes

218 957 290 986 me
323 944 388 986 ¹ita
425 944 654 996 sanquine
693 957 947 997 aspersam,
986 944 1102 987 sicut
1140 948 1246 987 ante
1285 956 1467 985 crucem
1502 946 1739 998 steteram,
1776 944 1990 986 videntes

218 1027 303 1067 per
325 1017 463 1056 totam
486 1007 653 1056 faciem
677 1018 962 1057 cruentatam
986 1027 1045 1056 ex
1069 1015 1239 1057 osculis
1262 1015 1507 1057 volnerum
1528 1014 1762 1057 dicebant:
1799 1015 1896 1067 Que
1921 1018 1991 1057 est

218 1085 318 1137 ista,
341 1098 429 1138 que
452 1086 515 1128 sic
537 1085 826 1128 amari-ssime
846 1086 1029 1139 plorat‘?
1065 1086 1120 1129 Et
1140 1098 1226 1139 ego
1246 1088 1436 1128 vertens
1456 1098 1530 1128 me
1552 1085 1610 1128 ad
1632 1086 1741 1129 illos
1757 1086 1988 1128 dicebam:

218 1157 314 1209 Ego
345 1169 443 1198 sum
477 1160 624 1198 mater
656 1156 797 1210 illius,
829 1169 967 1209 quem
998 1157 1137 1199 hodie
1171 1156 1483 1210 suspendistis
1516 1157 1563 1198 in
1594 1169 1728 1199 cruce
1761 1159 1806 1199 et
1833 1156 1901 1199 ¹sic
1931 1169 1991 1199 ex

218 1227 375 1269 verbis
412 1226 527 1270 meis
564 1239 725 1269 omnes
760 1227 1072 1280 provocabam
1111 1227 1169 1269 ad
1206 1227 1370 1270 fletum
1410 1262 1418 1269 .
1454 1262 1462 1269 .
1498 1262 1507 1270 .
1558 1228 1613 1270 Et
1649 1227 1714 1270 sic
1748 1228 1886 1271 ducta
1920 1227 1989 1270 fui

217 1311 241 1339 a
272 1298 567 1350 plorantibus
597 1298 790 1351 plorans
822 1311 971 1351 usque
1004 1298 1062 1340 ad
1093 1298 1279 1341 domum
1311 1298 1538 1341 Johannis
1571 1299 1862 1352 evangeliste
1893 1336 1900 1343 .
1937 1333 1945 1341 .
1981 1331 1990 1340 .

218 1413 855 1458 oesterreichischer
893 1415 1306 1470 Gesandter.¹)
1394 1417 1508 1459 1415
1533 1417 1635 1459 Jan.
1663 1417 1733 1460 od.
1760 1416 1871 1460 Feb.

334 1485 491 1519 Tenet.-
533 1485 598 1519 Pal
624 1485 692 1520 595
716 1485 742 1529 Ϊ.
769 1486 824 1520 87.

334 1542 681 1586 Gloriosissime
717 1545 952 1598 princeps,
988 1558 1046 1587 ex
1082 1557 1172 1598 quo
1208 1545 1501 1598 omnipotens
1537 1545 1752 1589 dominus
1787 1548 1990 1588 vestram

219 1614 517 1657 serenitatem
539 1628 564 1657 e
580 1629 610 1657 x
645 1628 672 1657 o
687 1628 729 1657 m
744 1628 775 1657 n
792 1616 804 1657 i
841 1629 862 1657 c
879 1628 904 1658 a
920 1628 941 1657 r
956 1628 986 1657 n
1002 1629 1027 1658 e
1067 1628 1092 1657 e
1109 1616 1122 1658 1
1139 1628 1164 1657 e
1180 1629 1208 1669 g
1223 1616 1268 1659 it
1290 1619 1336 1659 et
1355 1629 1479 1658 nunc
1499 1616 1736 1660 constituit
1755 1616 1805 1659 'in
1830 1629 1989 1670 supre-

216 1697 336 1727 mum
366 1698 525 1739 regem
552 1719 562 1729 .
596 1719 606 1729 .
640 1722 649 1731 .

217 1802 251 1844 A
272 1816 300 1845 n
318 1816 341 1845 ο
358 1816 386 1845 η
402 1816 429 1857 y
444 1816 489 1846 m
503 1815 533 1845 u
549 1816 583 1846 s.

335 1873 361 1907 T
377 1875 460 1907 ear!
481 1883 491 1907 .·
530 1873 595 1908 Slu
623 1874 749 1909 'l'leeoL
776 1876 802 1915 (2
826 1876 906 1910 366.

336 1932 714 1987 Exsurrexi,
746 1934 889 1987 quia
922 1934 1207 1978 dominus
1239 1935 1527 1989 suscepit
1558 1947 1642 1978 me
1679 1934 1902 1990 (Ps.3‚5)

216 2048 251 2090 Α
272 2061 300 2090 η
317 2062 340 2091 0
358 2062 386 2091 η
401 2061 429 2103 y
444 2062 488 2091 m
503 2063 532 2092 u
548 2062 582 2093 s.

338 2119 365 2153 7⁷
380 2129 400 2152 e
414 2121 464 2153 art
485 2130 495 2154 .·
535 2121 599 2154 Mil
626 2122 747 2155 73421.

338 2177 579 2223 Inhalt:
621 2179 788 2224 Union.

338 2249 474 2293 Fiet
512 2263 690 2292 unum
729 2250 896 2294 ovile
935 2256 992 2294 et
1028 2265 1183 2296 unus
1220 2256 1439 2306 pastor
1479 2253 1603 2308 (Joh.
1630 2253 1671 2295 X
1696 2253 1813 2296 etin
1839 2264 1990 2295 ewan-

218 2319 340 2371 gelio
364 2319 580 2364 instantis
605 2321 871 2376 dominice).

338 2424 346 2432 .
382 2424 390 2432 .
426 2424 434 2433 .
458 2391 822 2435 Prestantissimi
846 2397 1034 2447 patres.
1071 2429 1078 2437 .
1115 2429 1123 2437 .
1158 2395 1386 2449 Egregius
1403 2395 1566 2438 »doctor
1587 2395 1905 2438 Damascenus

217 2506 252 2549 A
272 2520 301 2549 η
317 2520 341 2550 o
358 2520 387 2550 η
402 2520 429 2561 y
444 2520 489 2550 m
503 2521 532 2551 u
549 2521 583 2552 s.

340 2578 365 2611 T
381 2580 466 2612 emt
485 2588 496 2612 .·
533 2579 588 2612 Νἱὶ
612 2579 658 2614 48
678 2590 711 2623 21.
734 2581 821 2619 201,-
850 2581 888 2614 W
909 2582 1002 2616 4958
1023 2581 1048 2624 Τ.
1071 2582 1149 2617 265.

337 2636 401 2678 In
419 2637 445 2678 h
463 2650 487 2679 a
506 2638 518 2679 l
536 2643 579 2680 t:
620 2638 952 2691 Theoloyische
983 2639 1240 2684 Gedanken
1268 2642 1385 2684 iiber
1411 2642 1574 2685 Arbeit
1601 2643 1697 2685 und
1725 2641 1928 2694 Tuaend.

337 2707 556 2750 Gloria
620 2713 846 2762 autem,
910 2711 1104 2753 honor
1169 2715 1226 2754 et
1286 2725 1405 2765 pax
1469 2713 1628 2755 omni
1693 2710 1988 2766 operanti

219 2776 436 2820 bonum
479 2779 628 2833 (Rom.
661 2780 741 2833 ΙΙ).
782 2780 1045 2823 Reverendi
1075 2782 1248 2824 domini
1278 2784 1382 2825 mei.
1424 2783 1709 2837 Quamquam
1736 2784 1986 2826 humanum

219 2861 366 2901 genus
404 2862 489 2902 per
525 2851 951 2903 prevaricacionem
988 2852 1245 2905 primorum
1284 2857 1530 2907 parentum
1570 2854 1741 2898 decidit
1779 2867 1804 2897 a
1841 2853 1989 2908 gloria

220 2930 303 2962 sua
335 2922 381 2962 et
408 2919 586 2963 honore
619 2924 663 2963 et
696 2934 720 2964 a
753 2922 1088 2976 tranquillitate
1122 2924 1264 2978 pacis,
1297 2937 1434 2977 quam
1465 2925 1627 2968 habuit
1660 2925 1717 2968 ad
1747 2925 1872 2969 intus
1902 2936 1989 2979 per

339 3013 370 3055 ¹)
410 3013 435 3046 V
440 3024 480 3047 or
508 3014 738 3058 Siyz'smuml.
