2227 3434
598 236 635 270 B.
659 235 906 270 Avisamente
927 236 997 270 der
1017 235 1333 270 Reformatorien.
1762 239 1847 282 689

142 353 400 406 Anhang
444 353 487 396 b.
551 354 668 397 Die
713 354 991 396 Pariser
1035 353 1470 398 Universitat
1515 355 1635 398 und
1684 356 1790 399 (lie

717 435 1211 479 Mendikanten.

200 528 391 571 δῖιιὶίᾳανί,
427 528 670 563 Lamlesbibl.
707 530 776 563 iur.
810 530 875 572 Ῐοῖ.
912 511 978 564 1'30
1010 530 1035 573 Ῐ.
1070 532 1133 571 31,·
1174 530 1291 571 Wien,
1325 529 1598 564 Nationalbibl.
1631 530 1723 565 4923
1757 529 1848 575 (.—1);

83 587 295 631 1155703).

84 671 121 712 1.
179 670 386 724 Magistri
429 669 724 713 Parisienses
767 675 1048 723 rogaverunt
1092 671 1337 723 magistros
1379 670 1576 713 aliarum
1622 671 1850 713 universi-

81 743 239 794 tatum,
273 744 502 794 quatenus
536 741 606 783 eis
639 740 952 794 consulerent,
986 753 1043 783 an
1079 741 1401 795 infrascriptos
1434 741 1654 785 articulos
1688 745 1850 794 petere

83 811 312 855 deberent
349 823 375 853 a
416 823 546 854 sacro
586 811 780 854 concilio
819 816 865 854 et
902 812 957 865 si,
998 813 1119 864 quod
1162 816 1267 854 tunc
1306 812 1376 854 eis
1415 813 1461 854 in
1502 812 1586 855 hoc
1626 812 1850 855 assistere

804 882 1123 936 dignarentur.

197 976 327 1028 Quod
352 977 481 1019 bulla
511 988 730 1019 concessa
759 976 984 1019 fratribus
1015 976 1385 1018 Mendicantibus
1415 989 1501 1030 per
1530 975 1851 1018 Alexandrum

80 1058 248 1100 papam
278 1047 488 1100 quintum
523 1051 765 1089 revocetur
798 1060 884 1101 per
917 1047 1160 1089 concilium
1193 1048 1416 1101 generale
1449 1060 1552 1089 cum
1589 1047 1851 1089 insercione

41 1119 47 1121 ’
82 1117 229 1170 ipsius
252 1117 309 1160 de
334 1118 479 1160 verbo
503 1118 561 1160 ad
585 1118 778 1160 verbum
803 1121 849 1160 et
873 1131 974 1160 cum
1000 1118 1156 1160 debita
1180 1130 1407 1171 penarum
1432 1119 1712 1160 adieccione.

197 1200 326 1252 Quod
356 1200 706 1254 proposiciones
741 1202 787 1242 in
822 1201 986 1242 eadem
1020 1201 1149 1242 bulla
1181 1200 1522 1254 condempnati,
1557 1200 1664 1254 quia
1698 1201 1851 1241 minus

80 1270 328 1324 diligenter
352 1271 602 1313 examinati
633 1271 822 1324 fuerint,
850 1284 934 1325 per
962 1284 1143 1313 sacrum
1172 1271 1416 1313 concilium
1442 1272 1784 1313 examinentur.

197 1364 327 1417 Quod
351 1378 462 1408 usus
490 1378 573 1407 seu
600 1365 847 1408 auctoritas
874 1365 949 1407 vel
976 1369 1195 1418 potestas,
1223 1365 1391 1418 quibus
1420 1365 1575 1407 dicunt
1603 1378 1652 1407 se
1680 1364 1850 1406 fratres

80 1447 219 1489 posse
239 1436 303 1478 uti
323 1448 408 1489 per
430 1449 513 1478 sua
534 1436 780 1489 privilegia
802 1439 848 1478 et
868 1436 1320 1492 condempnaciones
1343 1437 1389 1477 in
1412 1436 1621 1478 favorem
1643 1436 1851 1489 ipsorum

80 1506 240 1562 factas,
271 1519 358 1560 per
388 1518 570 1548 sacrum
601 1507 844 1548 concilium
877 1507 1257 1560 interpretentur,
1288 1519 1391 1548 cum
1424 1507 1472 1548 in
1504 1520 1554 1549 se
1585 1507 1852 1549 contineant

81 1589 272 1631 magnas
296 1580 342 1620 et
365 1577 655 1630 periculosas
682 1577 1018 1631 ambiguitates.

195 1660 325 1712 Quod
354 1659 647 1702 considerata
679 1663 954 1713 paupertate
987 1659 1405 1702 ecclesiasticorum
1438 1663 1484 1701 et
1517 1659 1677 1712 populi
1711 1670 1850 1711 appo-

79 1733 215 1772 natur
238 1742 324 1784 per
349 1743 530 1773 sacrum
559 1731 803 1772 concilium
833 1731 995 1783 regula
1023 1743 1107 1773 seu
1135 1733 1260 1772 certa
1312 1730 1472 1783 limita,
1502 1730 1625 1783 quod
1652 1742 1745 1771 non
1773 1729 1850 1771 ad-

81 1801 320 1843 mittantur
340 1801 447 1843 novi
472 1801 662 1844 ordines
689 1801 1068 1853 Mendicancium,
1093 1801 1203 1854 quin
1227 1813 1332 1853 ymo
1357 1801 1587 1854 quomodo
1611 1800 1669 1842 ad
1692 1812 1851 1841 nume-

80 1884 180 1913 rum
208 1872 558 1925 suppositorum
598 1871 939 1924 restringantur
977 1872 1066 1914 iam
1104 1872 1298 1914 instituti
1335 1875 1380 1913 et
1418 1871 1608 1913 admissi
1646 1871 1850 1923 ordines,

79 1945 127 1984 ut
151 1942 243 1985 sint
265 1942 392 1984 clero
415 1945 461 1984 et
488 1943 663 1995 populo
689 1942 975 1984 tolerabiles.

195 2024 326 2076 Quod
351 2027 525 2066 certum
555 2027 625 2067 est
654 2024 825 2066 fratres
859 2024 1175 2067 MendIcantes
1204 2024 1397 2066 multum
1427 2023 1635 2066 favuisse
1663 2022 1851 2064 domino

79 2094 312 2148 quondam
338 2095 540 2137 Johanni
570 2098 616 2137 et
647 2095 797 2148 ipsum
830 2096 1062 2138 insecutos
1093 2094 1241 2137 fuisse
1272 2098 1374 2148 post
1405 2095 1661 2136 discessum
1692 2106 1717 2136 a
1746 2105 1851 2135 con-

79 2165 198 2219 cilio,
225 2170 417 2219 propter
442 2166 563 2219 quod
591 2165 907 2208 verisimiliter
931 2165 1119 2207 timetur
1142 2165 1334 2208 eosdam
1362 2166 1505 2207 multa
1531 2164 1850 2206 exorbitancia

79 2235 356 2289 impetrasse
387 2241 435 2280 et
466 2237 724 2279 obtinuisse
759 2237 816 2279 ab
849 2236 1027 2279 eodem.
1078 2236 1188 2278 Ideo
1221 2236 1522 2289 supplicatur,
1556 2235 1680 2288 quod
1710 2234 1850 2288 privi-

81 2307 202 2360 legia
227 2319 516 2360 quecumque
542 2307 615 2348 vel
642 2308 795 2360 gracie
823 2307 879 2349 ab
904 2307 1070 2348 eodem
1096 2307 1310 2349 Johanne
1334 2306 1522 2348 obtente
1548 2306 1621 2348 vel
1647 2305 1849 2357 obtenta,

79 2389 168 2430 que
199 2377 258 2420 ad
286 2378 502 2420 noticiam
532 2379 650 2420 sacri
680 2377 859 2419 concilii
891 2377 1196 2431 devenerunt,
1226 2379 1502 2430 reputentur
1532 2377 1661 2418 nulle
1692 2379 1738 2418 et
1764 2388 1849 2429 per

79 2460 260 2490 sacrum
289 2448 530 2490 concilium
559 2452 834 2490 revocentur
862 2451 906 2490 et
935 2448 1251 2500 annullentur,
1280 2447 1546 2500 specialiter
1573 2447 1725 2500 quoad
1754 2447 1848 2498 illa,

80 2530 170 2571 que
196 2521 442 2572 tangerent
468 2519 696 2561 interesse
724 2519 1010 2572 prelatorum
1039 2522 1116 2560 aut
1143 2521 1420 2560 curatorum.

200 2601 315 2643 Item
367 2601 644 2654 attendatur,
697 2601 928 2653 quomodo
985 2600 1300 2643 Mendicantes
1353 2599 1635 2652 coniungunt
1688 2611 1738 2640 se
1792 2597 1848 2639 ad

78 2671 411 2725 predicandum
449 2675 494 2714 et
531 2671 946 2724 dogmatizandum,
986 2684 1075 2724 qua
1114 2671 1384 2713 auctoritate
1424 2669 1766 2712 ordinariorum
1802 2671 1847 2709 et

34 2758 38 2761 ’
78 2753 168 2794 qua
195 2742 444 2795 pra-cticata
471 2742 516 2783 in
545 2742 629 2783 hoc
658 2754 790 2784 sacro
815 2742 1024 2793 concilio,
1053 2741 1251 2783 dicendo
1278 2741 1400 2794 quod
1428 2753 1519 2782 non
1548 2740 1721 2782 habent
1748 2751 1847 2791 cog-

80 2824 274 2854 noscere
301 2812 358 2854 de
386 2812 482 2854 fide
509 2816 554 2854 et
582 2812 764 2864 similia,
793 2812 837 2853 in
865 2812 1034 2864 odium,
1062 2812 1178 2854 sicut
1204 2812 1503 2864 presumItur,
1532 2809 1849 2851 universitatis

82 2881 364 2925 Parisiensis
389 2886 436 2924 et
462 2883 658 2924 aliorum
688 2885 732 2924 et
761 2886 806 2924 ut
834 2895 927 2924 non
954 2883 1134 2935 possint
1161 2881 1207 2923 in
1236 2881 1332 2924 suis
1358 2880 1762 2934 predicacionibus
1791 2879 1848 2920 ab

79 2952 236 3005 aliquo
262 2952 561 3005 reprehendi.

147 3183 289 3212 Finke.
315 3185 397 3212 Acta
416 3184 549 3212 concilii
570 3183 848 3212 Constanciensis.
866 3183 904 3210 Π.
1579 3171 1638 3211 44
