2102 3444
343 212 427 254 686

417 1145 620 1197 Usque
682 1143 751 1185 ad
811 1154 987 1184 unum
1048 1140 1178 1193 api-

329 1229 463 1257 cem.
514 1216 862 1268 Argumentum,
900 1212 1023 1266 quod
1058 1224 1084 1254 a
1121 1210 1178 1253 si-

328 1287 422 1328 mili
455 1289 603 1339 potest
632 1297 754 1338 papa
783 1284 979 1337 obligari
1010 1283 1068 1325 ad
1097 1282 1176 1323 im—

328 1358 581 1399 mutilatam
602 1356 652 1397 id
675 1359 745 1398 est
764 1355 994 1408 integram
1018 1354 1176 1396 obser-

326 1429 563 1469 vacionem
624 1425 914 1479 quorundam
977 1425 1175 1467 aliorum

326 1498 638 1550 conciliorum,
675 1498 784 1550 quia
819 1497 925 1539 licet
960 1496 1041 1538 illa
1076 1495 1175 1537 fue-

325 1569 415 1611 rint
442 1569 599 1622 priora
627 1570 672 1610 et
696 1566 989 1621 principalia,
1018 1569 1173 1609 tamen

325 1639 573 1692 sequencia
595 1639 836 1692 gene-ralia
857 1638 1053 1680 concilia
1073 1637 1173 1679 uni-

324 1710 519 1752 versalis
556 1710 752 1751 ecclesie
784 1708 1057 1751 *auctoritate
1092 1708 1172 1750 fir-

323 1784 443 1822 mata
472 1793 564 1821 non
596 1780 788 1823 minoris
817 1779 1034 1822 videntur
1065 1791 1170 1821 esse

324 1851 517 1893 roboris.

410 1922 676 1964 Decreta
723 1921 1040 1964 canonica.
1088 1921 1171 1962 Ar-

321 1995 601 2046 gumentum,
626 1992 749 2045 quod
770 2005 892 2046 papa
915 2005 1008 2034 non
1032 1991 1170 2034 debet

322 2063 420 2103 sine
452 2063 720 2105 auctoritate
752 2063 915 2116 synodi
946 2063 1169 2105 minorari

321 2146 389 2185 ea,
424 2146 511 2185 que
547 2147 633 2186 per
665 2147 773 2176 suos
806 2134 1170 2187 pre-decessores

321 2203 605 2255 synodaliter
635 2208 739 2247 sunt
769 2204 969 2247 decreta.
1012 2205 1067 2247 Et
1095 2205 1169 2246 hic

320 2277 425 2316 nota
473 2274 670 2316 differre
719 2275 905 2318 decneta
952 2275 1073 2318 facta
1121 2276 1168 2317 in

319 2344 592 2387 consistorio
634 2349 678 2388 et
721 2346 843 2388 facta
882 2346 931 2388 ‘in
971 2346 1166 2400 synodo,

322 2415 365 2455 id
394 2418 464 2457 est
493 2415 687 2458 concilio
713 2417 938 2470 generali.

404 2555 600 2598 Ritum
649 2558 942 2602 ecclesie.
990 2558 1166 2601 Videli-

317 2629 385 2667 cet
414 2626 618 2669 Romane
649 2629 861 2681 ecclesie,
892 2632 940 2671 ut
968 2629 1166 2671 innuunt

777 205 842 239 lll.
877 201 1084 237 Absclmilt.
1128 199 1279 234 Reform
1313 198 1390 232 und
1423 195 1672 240 Verl‘assung.

1260 316 1462 370 vianum,
1503 315 1778 371 Hormiste¹)
1824 315 1871 356 in
1911 315 2102 368 epistola

1259 386 1316 428 ad
1349 386 1582 428 Justinum
1614 385 1960 439 imperatorem,
1995 385 2102 428 Mar·

1258 456 1341 498 tini
1372 457 1511 509 primi
1546 457 1592 498 in
1620 456 1823 509 epistol-a
1854 456 1912 498 ad
1941 456 2102 499 Aman-

1258 527 1365 569 dum
1399 527 1709 583 epi-scopum2)
1744 530 1790 570 et
1819 526 1996 580 pariter
2027 526 2102 581 Cy-

1258 598 1351 639 rilli
1388 598 1433 639 in
1465 598 1665 650 epistola
1698 597 1756 640 ad
1789 598 2102 653 Nestoriumfi)

1346 668 1689 710 Doctorum.
1739 668 1799 711 Ut
1834 668 2102 723 Jheronimi,

1256 739 1503 792 Augustini
1536 742 1583 781 et
1611 739 1836 781 similium
1869 742 1961 782 tam
1995 739 2102 783 Gre-

1256 822 1413 851 corum
1462 809 1577 853 alias
1626 810 1922 852 orient-alium
1969 822 2102 864 quam

1256 880 1667 935 occidentaliumfi)

1343 951 1567 994 Sancta
1651 963 1908 1005 quoque.
1989 952 2102 995 Hinc

1254 1022 1379 1063 enim
1435 1022 1613 1064 tollitur
1668 1022 1777 1065 XVI
1828 1022 1878 1064 ⁴dri
1934 1026 2102 1076 ,sancta

1253 1092 1407 1147 octo‘⁴)
1433 1095 1479 1134 et
1494 1092 1597 1134 LXI
1613 1093 1658 1134 d=i
1675 1093 1847 1146 ,nullus
1863 1094 2101 1150 invitu·s‘.⁵)

1330 2204 1757 2258 Synodaliter.
1831 2204 1946 2247 Nota
2007 2202 2093 2245 dif-

1242 2275 1372 2318 ferre
1395 2276 1582 2318 decreta
1605 2275 1725 2318 fact-a
1749 2276 1796 2317 in
1818 2273 2092 2316 consistorio

1241 2350 1286 2388 et
1313 2346 1434 2389 facta
1458 2346 1507 2388 ¹in
1536 2346 1726 2400 synodo.
1766 2346 1822 2389 Et
1847 2344 2091 2388 concordat

1241 2418 1462 2470 Symacus
1500 2418 1552 2459 ¹in
1598 2417 1617 2459 I
1658 2416 1851 2459 concilio
1890 2429 1915 2458 c
1958 2415 2003 2458 II
2043 2415 2090 2458 in

1240 2488 1511 2542 principioss)
1549 2525 1556 2533 .
1593 2521 1602 2530 .
1637 2522 1646 2531 .

1329 2559 1363 2601 E
1377 2572 1402 2600 c
1417 2559 1510 2600 cle
1527 2559 1633 2601 sie.
1668 2557 1850 2601 Scilicet
1870 2557 2090 2610 Romane,

1239 2633 1288 2672 ut
1320 2630 1519 2673 innuunt
1550 2628 1814 2683 sequencia.

1310 2725 1340 2751 u)
1372 2722 1417 2747 Hs
1438 2720 1617 2749 Grecorum
1648 2728 1745 2756 quum
1772 2719 1984 2747 orientalium
2004 2717 2087 2746 alias

1239 2768 1506 2796 occidentalium.

1311 2818 1342 2861 1)
1372 2818 1599 2852 Hormisdas
1625 2817 1713 2860 Rea.
1741 2817 1848 2852 Pont.
1875 2815 1895 2850 Ι
1921 2816 1984 2852 Nr.
2009 2812 2087 2850 806.

1310 2877 1342 2920 2)
1375 2877 1395 2911 l.
1426 2887 1453 2911 c.
1482 2877 1545 2911 Nr.
1574 2875 1677 2911 2059.

1310 2935 1342 2979 3)
1370 2935 1404 2969 D
1430 2937 1451 2971 5
1477 2945 1494 2969 c
1519 2935 1575 2971 39.

1309 2993 1341 3037 ⁴)
1370 2993 1404 3027 D
1430 2994 1473 3028 16
1498 3003 1515 3027 c
1539 2993 1571 3029 9.

1309 3052 1341 3094 5)
1370 3052 1403 3085 D
1430 3054 1472 3086 61
1500 3062 1516 3086 c
1544 3052 1597 3087 13.

1309 3111 1340 3154 θ)
1371 3110 1459 3154 Rey.
1488 3111 1591 3154 pont.
1619 3108 1639 3143 Ι
1667 3108 1762 3144 nach
1790 3108 1854 3144 Nr.
1882 3107 1961 3144 755.
