2227 3434
537 168 580 202 A.
621 167 817 202 Fillastres
847 167 962 203 Gesta
989 168 1139 203 concilii
1166 167 1480 202 Constantiensis.
1809 165 1891 212 113

125 286 217 328 niis
253 286 377 340 regis
413 286 692 338 Aragonum,
729 286 874 328 eciam
912 286 1078 328 insulis
1117 285 1281 327 Ytalie.
1333 286 1558 328 Dicebant
1594 286 1715 328 enim
1755 286 1890 339 legati

128 356 331 399 Castelle
359 357 444 398 hoc
471 369 563 398 non
593 356 715 398 velle
745 357 854 409 pati,
883 369 967 398 nec
997 356 1140 398 eciam
1171 369 1251 398 eos
1281 357 1441 409 ligare,
1472 356 1580 409 quia
1608 356 1778 398 factum
1808 356 1893 397 fuit

126 427 227 470 sine
258 427 385 480 ipsis.
425 427 807 480 Aragonensibus
835 427 994 469 volunt
1021 427 1291 479 promittere
1322 440 1412 468 non
1443 428 1519 468 uti.

244 498 341 539 Rex
376 501 503 540 tenet
537 497 680 539 multa
715 497 907 539 concilia
943 510 1043 539 cum
1079 498 1342 550 patriarcha
1378 497 1711 548 Anthiocheno,
1749 498 1893 539 archi-

125 569 344 621 episcopo
382 568 719 610 Mediolanensi
754 571 798 609 et
833 568 1052 621 episcopo
1086 567 1411 610 Sarisbiriensi
1447 572 1490 609 et
1526 567 1630 609 aliis
1665 567 1894 620 complici-

127 639 254 692 busa)
299 642 457 681 contra
496 638 721 680 cedulam.
778 639 830 680 Et
871 638 1056 691 quidam
1101 639 1318 691 magister
1365 638 1609 680 Mauricius
1651 636 1890 690 Boemus'·)

125 709 253 752 visus
279 713 349 752 est
377 721 479 752 eam
506 709 794 762 impugnare,
823 709 906 751 sed
933 721 991 750 ex
1020 710 1154 752 falsis
1182 709 1348 759 causis,
1376 708 1482 761 quia
1511 708 1742 761 supponit,
1771 708 1892 761 quod

125 780 390 823 cardinales
418 780 546 822 illam
575 780 685 822 dent
715 780 1030 821 auctoritative
1062 793 1146 832 per
1177 779 1361 821 modum
1393 779 1548 821 statuti
1578 779 1685 820 facti
1717 779 1774 821 ab
1804 780 1891 829 eis;

125 853 171 893 et
197 850 255 893 de
282 852 415 904 copia
440 850 620 903 cedule‚
648 863 790 904 super
818 863 907 903 qua
936 850 1099 904 arguit,
1128 851 1360 892 sublatum
1388 853 1488 892 erat
1517 849 1709 891 verbum
1737 849 1893 893 offert.

125 921 203 964 ubi
236 922 282 963 in
315 921 479 964 cedula
512 920 742 973 scribitur,
774 921 896 974 quod
928 921 1175 974 collegium
1207 920 1512 962 cardinalium
1545 920 1702 972 offert,
1733 923 1779 961 et
1810 931 1895 972 per

125 993 209 1034 hoc
246 996 529 1034 evanescunt
566 993 720 1034 omnia
758 1004 841 1034 sua
878 995 1163 1045 argumenta.
1214 992 1543 1044 Aragonenses
1580 992 1893 1043 promiserunt

126 1064 292 1117 legatis
321 1063 524 1106 Castelle
554 1063 818 1116 approbare
847 1062 1011 1104 dictam
1040 1062 1251 1104 cedulam
1280 1061 1599 1113 cardinalium,
1629 1061 1666 1103 si
1697 1061 1803 1102 dicti
1833 1061 1894 1101 le—

126 1135 217 1188 gati
256 1134 519 1176 se-vellent
555 1133 688 1175 unire
725 1134 934 1185 concilio,
972 1133 1089 1175 alias
1126 1133 1344 1189 dixerunt
1382 1145 1430 1174 se
1471 1136 1592 1174 stare
1631 1144 1731 1173 cum
1770 1143 1893 1184 rege.

128 1204 286 1258 Legati
323 1204 447 1258 regis
485 1204 678 1246 Francie
716 1207 761 1245 et
798 1207 893 1246 tres
930 1204 1194 1246 cardinales
1232 1203 1289 1244 de
1328 1203 1521 1244 Francia
1558 1204 1894 1255 persuaserunt

128 1276 293 1330 legatis
334 1275 552 1327 Castelle‚
593 1275 715 1328 quod
757 1287 806 1316 se
849 1274 1049 1326 unirent,
1090 1275 1195 1315 licet
1238 1274 1458 1316 Germani
1500 1277 1543 1314 et
1582 1273 1762 1325 Anglici
1802 1285 1895 1313 non

127 1346 443 1399 approbarent
480 1345 706 1388 cedulam.
758 1346 813 1387 Et
849 1348 1187 1387 consenserunt
1226 1357 1387 1386 omnes
1427 1347 1584 1396 preter
1623 1355 1778 1395 unum,
1819 1342 1894 1394 qui

127 1419 289 1471 postea
324 1416 383 1459 ad
417 1417 773 1470 persuasionem
808 1416 1031 1458 dictorum
1068 1415 1375 1458 cardinalium
1410 1418 1454 1456 et
1490 1414 1779 1467 quorundam
1816 1413 1895 1455 ali-

127 1499 259 1530 orum
284 1488 533 1530 consensit.
1206 1531 1208 1533 ,

249 1559 299 1600 In
338 1558 535 1600 nacione
577 1557 827 1600 Germanie
868 1570 1010 1610 super
1051 1558 1223 1599 unione
1266 1558 1522 1609 legatorum
1564 1555 1767 1597 Castelle
1809 1554 1895 1595 suit

129 1629 245 1672 lecta
273 1632 319 1671 et
347 1628 622 1671 concordata
651 1641 743 1670 una
772 1628 952 1680 cedula,
981 1631 1026 1669 et
1054 1627 1273 1679 nescitur,
1304 1626 1406 1679 quis
1436 1626 1523 1668 fuit
1553 1628 1726 1676 auctor;
1759 1636 1895 1677 quam

127 1700 396 1742 obtulerunt
429 1699 722 1751 Castellanis,
755 1700 932 1741 tenoris
965 1698 1221 1751 sequentis:

250 1770 301 1812 In
323 1770 486 1824 primis
512 1771 729 1812 iurabunt
753 1782 803 1811 se
828 1781 1065 1822 nunquam
1089 1768 1258 1810 fecisse
1283 1781 1366 1809 nec
1391 1768 1564 1809 facient
1589 1768 1634 1808 in
1658 1769 1895 1819 posterum

129 1842 331 1895 aliquam
371 1841 526 1894 ligam,
565 1840 927 1894 colligacionem,
968 1840 1235 1893 paccionem
1276 1851 1357 1880 seu
1399 1837 1755 1891 promissionem
1796 1848 1896 1877 cum

129 1911 324 1966 collegio
359 1911 666 1954 cardinalium
703 1923 787 1952 nec
824 1923 925 1952 cum
961 1910 1156 1952 nacione
1193 1909 1371 1951 Ytalica
1408 1911 1484 1950 aut
1521 1908 1776 1958 Gallicana,
1815 1919 1896 1948 seu

130 1995 230 2024 cum
268 1982 424 2035 aliquo
462 1983 703 2035 supposito
741 1981 1012 2032 eorundem,
1052 1983 1189 2033 prout
1226 1979 1371 2021 eciam
1410 1981 1739 2032 Aragonenses
1780 1977 1898 2018 iura-

130 2055 308 2095 verunt.
1256 2105 1259 2110 s

251 2123 363 2166 Item
393 2123 440 2165 in
470 2126 691 2176 quantum
723 2122 764 2164 d.
796 2135 880 2164 rex
912 2122 1222 2163 Romanorum
1254 2124 1475 2174 sequatur
1505 2120 1624 2161 viam
1658 2120 1821 2160 iustam
1854 2120 1897 2158 et

131 2193 410 2247 canonicam,
436 2194 552 2235 sicut
579 2194 636 2235 de
663 2205 719 2235 eo
746 2193 834 2246 ipsi
862 2205 954 2234 non
981 2192 1206 2244 dubitant,
1235 2192 1385 2244 ipsum
1412 2190 1458 2232 in
1485 2203 1540 2232 ea
1568 2192 1837 2242 sequuntur.

249 2265 363 2307 Item
387 2265 560 2307 habent
586 2277 635 2306 se
660 2264 795 2305 unire
822 2263 1093 2316 simpliciter
1118 2261 1371 2304 secundum
1398 2262 1594 2302 formam
1620 2263 1665 2301 et
1686 2263 1896 2301 tenorem

55 2393 63 2398 .
131 2335 435 2389 capitulorum
479 2334 859 2377 concordatorum
903 2334 949 2375 in
992 2333 1221 2385 Narbona,
1265 2332 1325 2374 ita
1369 2331 1491 2384 quod
1533 2334 1635 2384 post
1677 2331 1896 2371 unionem

132 2405 387 2448 eorundem
429 2405 534 2448 aliis
575 2404 844 2458 postpositis
888 2403 1153 2445 immediate
1196 2402 1475 2456 procedatur
1517 2401 1574 2443 ad
1617 2401 1897 2442 eieccionem

135 2475 258 2518 Petri
278 2476 336 2518 de
358 2475 502 2528 Luna,
523 2475 758 2517 Benedicti
781 2474 910 2516 XIII.
934 2475 978 2515 in
1002 2487 1085 2517 sua
1107 2473 1382 2515 obediencia
1405 2472 1642 2523 nominati,
1663 2473 1709 2512 et
1728 2470 1897 2512 deinde

133 2545 192 2588 ad
219 2546 606 2589 reformacionem
637 2546 834 2587 ecclesie
866 2546 911 2586 in
941 2545 1090 2597 capite
1122 2547 1166 2586 et
1197 2545 1243 2584 in
1274 2543 1399 2585 curia
1430 2543 1635 2584 Romana
1663 2545 1708 2583 et
1737 2543 1898 2594 postea

133 2616 191 2658 ad
214 2616 496 2659 eleccionem
522 2616 687 2658 iustam
713 2619 757 2657 et
782 2615 1049 2657 canonicam
1075 2614 1197 2655 unici
1221 2617 1266 2655 et
1292 2612 1537 2671 indubitati
1563 2611 1775 2665 pastoris.

249 2687 358 2730 Post
382 2688 467 2729 hoc
492 2700 551 2729 ex
576 2690 708 2740 parte
736 2685 943 2728 nacionis
970 2685 1220 2727 Germanic
1249 2684 1335 2725 fuit
1364 2684 1675 2736 sIgnit'icatum
1703 2681 1898 2733 collegio

133 2756 451 2810 cardinalium,
473 2756 596 2810 quod
619 2757 700 2799 illa
721 2757 853 2798 nacio
876 2755 1086 2797 cedulam
1110 2755 1332 2796 dictorum
1355 2752 1660 2796 cardinalium
1686 2764 1769 2805 pro
1792 2753 1896 2792 tunc

135 2829 180 2868 et
206 2826 320 2870 sicut
346 2827 538 2880 iacebat,
566 2839 658 2869 non
687 2827 967 2879 acceptabat,
995 2825 1307 2877 crediturque,
1335 2824 1458 2876 quod
1488 2823 1567 2865 illa
1593 2823 1725 2864 nacio
1752 2821 1898 2862 noluit

136 2897 382 2940 offendere
425 2909 597 2951 regem,
640 2898 717 2950 qui
761 2896 1060 2950 impugnabat
1102 2895 1327 2937 cedulam.
1383 2893 1474 2936 Sed
1517 2892 1733 2942 creditur,
1777 2890 1897 2943 quod

135 2970 296 3020 postea
318 2967 585 3021 acceptabit.

238 3060 268 3089 a)
289 3059 339 3086 D:
362 3059 599 3094 compluribus.
638 3059 670 3092 b)
691 3059 792 3086 Name
812 3058 892 3091 fehlt
914 3060 942 3085 C.

204 3116 348 3151 Finke,
368 3118 449 3146 Acta
469 3117 603 3146 concilii
624 3116 902 3145 Constanciensis.
922 3116 959 3144 11.
1661 3102 1686 3141 S
