2102 3444
173 146 258 187 474
530 145 573 179 ll.
606 146 815 180 Abschnill.
860 148 1064 179 Sermones
1094 146 1243 179 concilii
1275 146 1593 180 Constanciensis.

179 263 390 305 redactus
418 268 500 315 est,
528 267 570 305 et
598 264 719 315 quod
747 264 895 305 adhuc
922 267 1023 316 post
1049 263 1324 305 electionem
1354 265 1474 306 idem
1505 266 1689 318 iuravit;
1718 269 1944 318 quartum,

176 335 297 386 quod
330 338 489 386 postea
522 348 577 375 ex
614 337 743 385 parte
779 334 901 386 regis
936 334 1127 375 Francie
1162 347 1246 387 per
1279 334 1419 376 duces
1452 335 1804 389 Bituricensem‚
1836 336 1944 378 Bur-

176 405 345 455 gundie
374 408 417 446 et
445 405 875 457 Aurelianensem³)
907 408 951 446 et
978 418 1062 457 per
1088 406 1294 457 prelatos
1321 409 1364 447 et
1391 405 1602 448 doctores
1630 405 1946 448 universitatis

180 474 456 516 l'arisiensis
485 479 527 516 et
555 487 715 516 omnes
745 488 852 516 suos
880 475 1143 517 cardinales
1170 476 1311 517 t'lexis
1339 476 1537 529 genibus
1566 476 1653 518 fuit
1680 478 1946 530 requisitus,

179 550 223 586 ut
250 549 614 597 prosequeretur
644 545 860 586 unionem
889 559 972 598 per
1000 545 1119 588 viam
1148 550 1302 588 mutue
1331 547 1556 589 cessionis
1581 551 1626 589 et
1654 547 1948 590 declararent

178 617 262 657 sibi
293 616 570 667 cardinales,
598 616 719 668 quod
747 616 815 657 eis
842 616 1087 658 videbatur
1114 618 1177 658 sic
1204 617 1431 669 expedire
1459 618 1656 660 ecclesie
1684 622 1728 660 et
1754 630 1838 671 per
1863 618 1947 660 hoc

177 687 481 739 purificarent
518 686 728 728 cedulam
767 687 1020 739 predictam
1061 690 1103 729 ct
1141 688 1263 739 quod
1301 687 1399 740 ipse
1438 700 1664 741 expresse
1702 688 1948 742 denegavit

177 758 258 798 lioc
284 761 328 798 et
353 757 566 798 similiter
592 758 841 809 requisicio
866 761 1027 810 postea
1053 758 1172 800 facta
1198 758 1285 800 fuit
1310 771 1368 799 ex
1393 762 1524 811 parte
1551 771 1712 812 regum
1739 759 1947 812 Francie,

177 828 356 880 Anglie,
387 827 590 869 Castelle
620 831 665 870 et
694 828 958 881 Aragonum
988 832 1032 870 et
1061 832 1223 881 postea
1252 842 1310 870 ex
1340 832 1472 882 parte
1502 829 1814 871 Romanorum
1841 833 1948 871 tunc

178 899 300 951 regis
333 911 417 951 per
451 898 686 940 dominum
719 899 857 940 hodie
893 899 1279 941 Cameracensem
1313 899 1612 952 cardinalem,
1646 900 1793 953 ipsius
1826 899 1948 953 regis

177 972 421 1023 oratorem,
451 973 556 1011 tunc
587 969 973 1012 Cameracensem
1002 970 1286 1023 episcopum,
1316 975 1360 1012 et
1391 971 1490 1023 ipse
1520 970 1799 1014 Benedictus
1827 971 1949 1013 simi—

180 1040 283 1082 liter
318 1040 564 1092 denegavit
597 1044 642 1082 et
677 1041 795 1082 viam
831 1041 1056 1083 cessionis
1090 1041 1199 1082 fecit
1236 1042 1279 1082 in
1314 1041 1587 1083 consistorio
1620 1042 1830 1095 generali
1865 1054 1950 1095 per

178 1111 446 1153 advocatum
473 1111 657 1164 publice
686 1112 948 1163 reprobari3
977 1112 1185 1164 quintum
1213 1112 1333 1164 quod
1362 1110 1525 1165 idemb)
1557 1113 1866 1154 iuramentum
1893 1112 1949 1154 de

179 1182 387 1223 cedendo
426 1186 508 1223 etc.
550 1182 729 1234 pluries
768 1182 954 1235 repetiit
994 1183 1281 1235 precipiente
1323 1196 1407 1224 suo
1444 1183 1641 1224 consilio
1681 1183 1951 1237 Perpiniani

180 1253 265 1293 sub
292 1252 455 1306 forma,
483 1256 529 1294 ut
556 1253 704 1294 altero
731 1253 1039 1294 contendente
1068 1256 1247 1294 mortuo
1272 1254 1345 1294 vel
1375 1253 1521 1295 eiecto
1545 1253 1735 1295 cederet
1759 1256 1804 1295 et
1830 1253 1951 1306 quod

179 1327 283 1375 post
319 1323 473 1376 aliqua
514 1323 571 1365 de
611 1324 921 1377 iuramentis)
965 1324 1077 1365 obiit
1121 1324 1423 1366 lnnocencius
1461 1324 1580 1376 VII„
1619 1324 1683 1365 sic
1721 1323 1869 1367 dictus
1905 1323 1951 1365 in

181 1394 322 1436 Roma
349 1398 394 1436 et
419 1393 673 1446 Gregorius
700 1394 803 1436 XII.
831 1395 970 1437 cessit
996 1398 1041 1436 et
1066 1394 1306 1436 <Iohannes
1332 1394 1505 1436 XXIII.
1533 1394 1773 1447 depositus
1799 1394 1886 1437 fuit
1908 1396 1953 1436 et

181 1466 332 1517 cessit,
359 1468 513 1506 tamen
540 1465 819 1506 Benedictus
846 1465 1013 1507 cedere
1042 1466 1190 1507 noluit
1215 1478 1300 1506 nec
1327 1466 1441 1517 vult3
1471 1468 1617 1518 sexto,
1644 1465 1767 1518 quod
1790 1468 1953 1518 postea

182 1549 266 1588 per
299 1536 554 1577 Romanum
588 1548 746 1589 regem
781 1539 825 1578 et
859 1539 1069 1578 oratores
1102 1536 1240 1578 huius
1275 1535 1426 1577 sinodi
1459 1540 1506 1578 et
1538 1549 1623 1589 per
1658 1548 1815 1589 regem
1848 1539 1954 1578 tunc

182 1608 448 1660 Aragonum
487 1607 722 1648 dominum
760 1607 1109 1649 Ferdinandum
1148 1610 1192 1649 et
1231 1607 1348 1649 alios
1386 1607 1625 1660 principes
1664 1610 1709 1649 et
1746 1610 1955 1649 oratores

183 1690 341 1730 regum
377 1682 421 1720 et
455 1679 668 1721 comitum
703 1691 785 1720 sue
820 1678 1092 1719 obediencie
1126 1681 1171 1720 et
1203 1691 1288 1731 per
1321 1681 1532 1720 oratores
1566 1678 1814 1720 multorum
1847 1677 1955 1719 alio-

184 1762 283 1790 rum
318 1762 477 1802 regum
509 1749 704 1791 Francie
736 1754 780 1792 et
812 1749 978 1802 Anglie
1010 1750 1190 1802 pluries
1223 1748 1475 1801 requisitus
1507 1748 1563 1790 de
1597 1749 1699 1801 ipsa
1728 1747 1955 1800 cessione,

185 1821 305 1872 quod
345 1821 500 1862 ¹iacere
541 1820 842 1873 pertinaciter
882 1821 1113 1862 recusavit
1152 1823 1198 1861 et
1238 1832 1286 1862 se
1326 1820 1563 1862 transtulit
1601 1819 1659 1861 ad
1698 1819 1954 1872 predictum

185 1895 383 1932 castrum
416 1892 672 1944 Paniscole,
703 1891 780 1933 ubi
811 1892 868 1933 ad
897 1904 1002 1932 eum
1032 1904 1124 1932 non
1155 1895 1225 1934 est
1254 1894 1378 1933 tutus
1408 1903 1640 1942 accessus;
1673 1890 1871 1943 septimo
1898 1902 1954 1931 ex

186 1962 289 2014 hiis,
326 1963 524 2004 maxime
562 1976 619 2004 ex
658 1963 744 2004 isto
782 1963 997 2004 scismate
1033 1975 1091 2003 ex
1127 1975 1195 2014 eo,
1233 1962 1355 2014 quod
1391 1961 1514 2003 idem
1549 1958 1831 2004 Benedictus
1863 1972 1955 2002 non

187 2032 312 2075 dedit
338 2046 490 2085 neque
520 2034 615 2075 vult
644 2034 755 2075 dare
784 2046 944 2086 pacem
973 2033 1170 2074 ecclesie
1198 2045 1283 2086 per
1310 2045 1440 2074 suam
1468 2031 1741 2084 cessionem,
1770 2030 1957 2074 scanda-

189 2105 351 2146 lizatur
388 2105 585 2146 ecclesia
623 2109 667 2146 et
704 2105 905 2157 populus
943 2104 1222 2146 christianus
1259 2107 1304 2145 et
1342 2104 1484 2145 multa
1522 2103 1643 2145 mala
1679 2101 1957 2156 proveniunt

189 2175 233 2215 in
272 2175 390 2217 dicta
427 2176 624 2217 ecclesia
664 2179 708 2216 et
744 2175 951 2228 pericula
990 2176 1264 2227 animarum,
1303 2187 1391 2227 que
1431 2177 1671 2216 cessarent
1706 2185 1791 2226 per
1826 2184 1956 2215 suam

189 2245 445 2287 cessionem
476 2249 519 2287 et
548 2246 669 2298 quod
699 2259 756 2287 ex
786 2246 874 2287 hiis
904 2246 989 2287 fuit
1019 2249 1063 2288 et
1091 2249 1161 2288 est
1190 2246 1289 2298 ipse
1321 2244 1600 2287 Benedictus
1629 2257 1654 2286 a
1680 2242 1959 2286 christri-fide-

192 2317 311 2358 libus
350 2321 394 2359 et
433 2318 656 2369 precipue
697 2330 721 2358 a
762 2318 923 2358 maiori
964 2320 1096 2369 parte
1137 2319 1377 2369 reputatus
1417 2315 1641 2357 defensor
1678 2318 1726 2356 et
1763 2313 1959 2356 nutritor

190 2388 326 2429 huius
364 2388 608 2429 inveterati
647 2388 873 2430 scismatis
910 2392 955 2430 et
990 2387 1238 2429 hereticus.
1288 2385 1563 2439 Octavum,¹¹)
1604 2385 1727 2438 quod
1762 2385 1820 2426 de
1857 2396 1959 2438 pre-

192 2459 344 2501 missis
371 2458 457 2500 fuit
481 2462 525 2499 et
553 2462 621 2500 est
648 2459 833 2511 publica
861 2472 949 2500 vox
975 2462 1019 2499 et
1045 2458 1183 2509 fama,
1209 2471 1361 2510 ymmo
1387 2457 1630 2500 notorium.
1671 2456 1875 2497 Primum
1902 2453 1958 2496 de

190 2533 398 2582 tempore
430 2529 627 2571 inchoati
662 2529 889 2570 scismatis
921 2529 1026 2570 dicti
1058 2529 1295 2570 Benedicti
1326 2528 1550 2581 probatur
1580 2527 1637 2568 de
1668 2526 1959 2579 notorio-per

191 2603 387 2652 quatuor
416 2600 679 2642 cardinales
709 2603 752 2641 et
783 2600 898 2642 alios
927 2600 1089 2652 plures
1117 2603 1161 2640 et
1190 2612 1274 2652 per
1303 2599 1502 2652 omnes‘·)
1536 2598 1593 2640 de
1621 2597 1747 2640 fama
1772 2600 1818 2639 et
1844 2607 1960 2638 com-

192 2672 317 2712 muni
351 2671 657 2724 reputatione.
701 2670 962 2712 Secundum
995 2671 1116 2722 quod
1149 2683 1234 2723 per
1265 2669 1554 2712 doctissimos
1584 2668 1709 2711 viros
1739 2667 1960 2721 probatur

193 2742 249 2783 de
282 2743 475 2784 veritate
509 2745 552 2783 et
584 2741 857 2783 notorietate
890 2754 974 2794 per
1002 2741 1195 2782 eosdem
1229 2744 1425 2793 quatuor
1456 2743 1501 2782 et
1531 2751 1616 2793 per
1648 2739 1815 2781 multos
1847 2737 1960 2780 alios

194 2814 399 2864 prelatos
423 2816 467 2854 et
491 2812 734 2865 magistros
759 2815 804 2854 et
828 2812 1039 2854 doctores
1063 2815 1106 2853 et
1132 2811 1247 2853 alios
1270 2814 1315 2852 et
1337 2811 1574 2864 precipue,
1599 2811 1676 2863 qui
1701 2809 1891 2851 fuerunt
1914 2807 1959 2848 in

194 2884 389 2925 concilio
427 2884 609 2935 Pisano,
648 2886 691 2925 et
729 2896 814 2936 per
850 2895 1011 2924 omnes
1050 2882 1106 2923 de
1146 2881 1374 2923 communi
1414 2881 1706 2934 reputatione
1742 2883 1789 2921 et
1825 2878 1959 2921 fama.

301 3019 329 3037 :ll
360 3013 401 3037 lls
444 3011 670 3038 lun-eliensmn.
729 3012 758 3037 ¹21
791 3012 832 3037 lls¹
854 3010 967 3036 uida-ni
1038 3018 1066 3036 ci
1088 3018 1121 3037 su
1146 3011 1208 3045 lls;
1232 3010 1345 3043 richela
1368 3009 1539 3037 ‘welleii—lit.-
1573 3007 1751 3042 aliquaudo
1774 3002 1962 3033 iuramentis

192 3062 275 3092 post.
333 3059 363 3083 «11
390 3060 431 3085 lls
453 3061 600 3085 υνῐίινιιε.
676 3066 703 3084 vl
730 3060 771 3085 lls
792 3057 874 3090 sulm
897 3057 960 3093 qul.
