2227 3434
550 188 588 222 Β.
625 188 702 223 Der
724 188 824 223 liber
846 191 1038 233 gestorum
1063 188 1132 223 des
1154 186 1396 223 Cerretanus
1772 188 1856 231 239

89 305 289 359 quodam
319 305 602 348 monasterio
632 306 915 359 monialium,
947 306 1025 348 ubi
1057 319 1159 348 cum
1190 305 1375 348 domina
1406 305 1568 359 regina
1597 309 1858 356 cenaverat,

89 377 281 420 rediens
313 377 396 420 illo
430 389 537 420 sero
571 377 852 430 colloquium
887 377 1048 419 habuit
1082 378 1376 430 primumque
1412 377 1620 428 verbum,
1656 376 1779 429 quod
1814 378 1858 418 ei

90 447 218 501 dixit,
242 448 345 491 fuit:
383 449 482 490 Non
505 448 748 490 dimittitur
771 451 1022 501 peccatum,
1046 447 1137 489 nisi
1162 448 1431 489 restituatur
1456 447 1677 489 ablatum!

208 518 387 573 Dieque
415 520 631 561 mercurii
657 519 808 572 prima
835 519 1008 561 mensis
1039 518 1144 560 Maii
1170 518 1383 572 prefatus
1410 518 1504 560 dux
1529 517 1717 560 Austrie
1746 517 1860 560 Con-

91 589 312 633 stanciam
357 591 597 643 ingressus
643 591 688 631 in
733 590 913 643 palacio
954 589 1167 642 contiguo
1209 589 1465 643 episcopali
1509 590 1689 642 palacio
1733 590 1859 630 iuxta

90 660 267 703 fontem
300 661 475 704 locatus
507 664 591 704 est.

208 731 385 775 Prefati
420 734 573 775 autem
610 732 652 774 d.
689 731 952 773 cardinales
988 735 1033 773 et
1067 734 1277 774 oratores
1313 732 1431 773 sacri
1468 731 1664 784 concilii,
1700 730 1778 784 qui
1814 730 1858 771 in

90 802 124 844 F
128 802 302 856 ryburg
335 815 436 844 cum
470 815 594 856 papa
628 806 966 855 remanserant,
1002 802 1272 844 execucioni
1309 815 1391 845 sue
1427 802 1678 856 legacionis
1715 802 1861 843 inten-

89 873 268 927 dentes,
300 873 376 916 die
408 873 636 916 dominica
666 873 881 915 XXVIII.
914 873 1089 916 mensis
1120 873 1299 926 Aprilis
1330 873 1454 926 apud
1484 885 1653 926 papam
1686 873 1861 915 instite—

90 947 210 998 runt,
244 944 367 998 quod
400 947 727 999 procuratores
761 944 820 987 ad
854 944 1223 986 renunciandum
1256 945 1446 997 papatui
1482 944 1782 986 constitueret
1816 946 1861 985 et

91 1015 182 1058 alia
201 1014 393 1069 faceret,
415 1027 504 1069 que
526 1016 584 1058 ab
606 1015 708 1069 ipso
730 1016 778 1057 in
798 1015 975 1069 Brysag
995 1027 1080 1069 per
1102 1028 1182 1057 eos
1205 1028 1291 1068 pro
1311 1018 1443 1068 parte
1465 1015 1647 1057 concilii
1669 1014 1860 1056 fuerunt

88 1086 334 1139 postulata.
373 1085 524 1140 Super
552 1086 721 1140 quibus
747 1099 848 1128 cum
877 1099 926 1129 se
955 1086 1200 1127 difficilem
1228 1085 1486 1139 exhiberet,
1515 1086 1686 1139 prefati
1716 1085 1860 1127 sancti

93 1156 231 1200 Marci
261 1160 307 1200 et
337 1157 635 1200 Florentinus
665 1156 930 1199 cardinales
960 1170 1010 1200 ac
1041 1157 1082 1199 d.
1113 1157 1361 1210 episcopus
1393 1156 1860 1208 Charchassonensis,

90 1240 210 1271 unus
240 1240 300 1270 ex
331 1228 464 1271 dictis
494 1231 593 1271 octo
626 1228 902 1281 oratoribus,
935 1228 994 1270 ad
1024 1231 1205 1281 partem
1239 1241 1287 1270 se
1320 1241 1421 1269 cum
1454 1240 1576 1281 papa
1606 1227 1860 1278 trahentes,

90 1299 179 1341 sibi
211 1311 379 1353 aspere
412 1302 518 1342 sunt
550 1299 702 1352 locuti,
733 1302 1066 1353 premonentes
1097 1299 1312 1351 eundem,
1346 1299 1483 1352 quod,
1516 1298 1606 1341 nisi
1637 1298 1860 1352 predicta,

90 1381 180 1423 que
207 1370 352 1424 petita
379 1369 568 1412 fuerant
593 1369 784 1423 faceret,
813 1373 972 1413 contra
1000 1382 1105 1412 eum
1134 1382 1276 1423 super
1304 1370 1576 1412 criminibus
1603 1372 1649 1411 et
1676 1369 1862 1412 sceleri-

90 1441 178 1484 bus
199 1453 286 1495 per
309 1452 416 1483 eum
437 1442 736 1495 perpetratis,
760 1441 960 1483 maxime
986 1441 1208 1494 symonia,
1233 1440 1494 1493 homicidio,
1520 1439 1860 1493 dilapidacione

90 1511 317 1555 bonorum
342 1511 554 1564 ecclesie,
580 1513 747 1565 rapina
772 1513 871 1555 sive
898 1512 1036 1565 furto,
1062 1512 1254 1554 crimine
1280 1511 1499 1565 pessimo,
1526 1511 1770 1563 adulterio,
1797 1511 1862 1552 in-

89 1584 219 1625 cestu
247 1585 292 1626 et
317 1582 527 1636 periurio
556 1595 607 1625 ac
637 1583 743 1626 aliis
771 1596 856 1637 per
887 1595 1069 1626 sacrum
1098 1582 1341 1625 concilium
1371 1582 1430 1625 ad
1459 1582 1606 1636 ipsius
1636 1582 1862 1635 deposici-

89 1665 226 1715 onem
253 1653 602 1707 procederetur.
643 1653 819 1705 Quibus
849 1654 1007 1697 verbis
1035 1654 1225 1697 territus
1256 1654 1356 1707 ipse
1384 1666 1506 1707 papa
1536 1655 1862 1706 procuratores

91 1724 337 1779 constituit,
362 1727 412 1768 ut
435 1724 592 1768 fuerat
614 1726 911 1778 postulatum.
951 1725 1006 1767 Et
1032 1725 1226 1778 insuper
1252 1724 1450 1778 prefatis
1476 1724 1517 1766 d.
1545 1723 1861 1766 cardinalibus

91 1796 178 1839 sub
209 1795 455 1839 credencia
485 1796 714 1838 commisit
746 1796 787 1838 d.
822 1796 920 1849 regi
953 1796 1265 1838 Romanorum
1298 1795 1445 1849 ipsius
1477 1797 1610 1849 parte
1643 1797 1862 1837 oretenus

90 1865 359 1921 referenda,
391 1866 515 1920 quod
547 1866 636 1910 sibi
668 1867 860 1921 plenum
892 1866 1159 1909 mandatum
1192 1866 1331 1909 dabat
1362 1866 1507 1908 eciam
1539 1878 1661 1908 nunc
1694 1877 1863 1907 renun-

89 1936 243 1980 ciandi
269 1938 475 1992 papatui,
503 1937 751 1980 dummodo
780 1938 837 1980 de
865 1938 1113 1980 securitate
1142 1949 1343 1991 persone
1373 1950 1456 1980 sue
1483 1939 1528 1979 et
1555 1937 1782 1979 bonorum
1812 1949 1862 1978 ac

93 2007 150 2052 de
175 2011 296 2052 statu
318 2021 521 2062 congruo
543 2021 629 2063 per
652 2008 896 2051 concilium
921 2008 1073 2051 eidem
1096 2007 1436 2062 provideretur.
1472 2008 1684 2050 Alterum
1708 2010 1861 2050 tamen

93 2079 150 2122 de
179 2079 291 2123 locis
318 2083 515 2133 quatuor
543 2079 631 2123 sibi
659 2092 746 2134 pro
772 2092 857 2122 sua
886 2080 1127 2122 mansione
1157 2091 1305 2132 usque
1335 2079 1394 2121 ad
1421 2078 1863 2121 determinacionem

93 2150 275 2192 concilii
299 2151 547 2204 assignatis
573 2150 748 2204 eligere
774 2150 1017 2193 recusavit.
1054 2150 1146 2193 Sed
1171 2150 1303 2192 tarde
1329 2162 1502 2191 venere
1527 2149 1734 2201 bubulci,·
1760 2148 1864 2190 hec-

92 2233 181 2273 que
211 2222 367 2264 omnia
395 2234 481 2275 per
511 2221 661 2275 ipsum
691 2221 868 2264 frustra
895 2225 997 2263 acta
1027 2224 1145 2274 sunt,
1177 2221 1395 2274 quoniam
1427 2221 1517 2262 iam
1549 2232 1729 2262 sacrum
1760 2232 1863 2262 con-

93 2291 248 2334 cilium
276 2292 377 2335 eius
404 2304 640 2334 recessum
668 2292 1009 2335 clandestinum
1038 2292 1095 2333 de
1123 2292 1300 2345 Brysag
1325 2295 1370 2333 et
1396 2294 1556 2334 contra
1582 2291 1863 2344 promissum

92 2362 137 2404 in
172 2363 247 2405 die
279 2363 549 2416 precedenti
583 2363 624 2405 d.
657 2363 975 2405 cardinalibus
1008 2366 1053 2405 et
1085 2363 1347 2405 oratoribus
1381 2362 1551 2404 factum
1584 2374 1635 2404 ac
1667 2361 1863 2403 reducti-

94 2445 229 2476 onem
255 2433 403 2487 ipsius
429 2434 488 2477 ad
514 2434 725 2488 Fryburg
751 2434 1168 2487 detencionemque
1194 2446 1287 2475 non
1312 2433 1600 2475 voluntarias
1626 2432 1672 2474 in
1698 2432 1862 2474 eodem

95 2502 184 2547 iam
216 2508 430 2547 senserat
459 2507 507 2547 et
537 2505 602 2547 sic
632 2517 717 2558 per
749 2517 1055 2557 consequens,
1087 2516 1176 2557 que
1208 2516 1294 2557 per
1328 2505 1478 2557 ipsum
1510 2503 1630 2546 facta
1662 2503 1862 2554 fuerant,

95 2587 188 2618 non
227 2575 446 2618 valebant
484 2579 529 2618 et
566 2579 726 2629 posset
763 2576 809 2617 in
849 2575 1056 2618 futurum
1088 2575 1318 2628 allegare,
1357 2587 1407 2617 se
1447 2575 1528 2617 illa
1568 2574 1738 2616 fecisse
1778 2585 1863 2626 per

96 2648 280 2688 metum.
330 2646 385 2689 Et
420 2649 671 2700 propterea
709 2646 1056 2688 deliberaverat
1091 2649 1249 2688 contra
1287 2645 1438 2699 ipsum
1475 2657 1561 2698 per
1598 2646 1719 2686 viam
1758 2645 1863 2685 cita-

94 2715 240 2760 cionis
268 2716 523 2759 secundum
553 2716 750 2759 formam
781 2717 910 2769 iuris,
940 2720 988 2759 ut
1019 2716 1075 2759 ad
1108 2716 1430 2758 Constanciam
1462 2715 1617 2757 redire
1647 2718 1691 2757 et
1723 2726 1864 2767 super

96 2798 180 2839 per
200 2799 306 2830 eum
325 2788 609 2841 perpetratis
630 2787 952 2841 responderet,
974 2787 1245 2840 procedere,
1267 2789 1402 2840 prout
1424 2787 1470 2828 in
1491 2786 1703 2839 sequenti
1727 2785 1862 2827 sessi-

95 2869 184 2900 one
210 2858 502 2912 postmodum
528 2857 699 2900 factum
725 2860 808 2900 est.

214 2927 298 2971 Die
324 2929 435 2971 lune
460 2928 700 2971 XXVIIII.
728 2928 902 2971 mensis
927 2928 1104 2981 Aprilis
1131 2940 1264 2970 mane
1292 2927 1426 2979 facto,
1452 2926 1621 2979 prefati
1649 2926 1690 2967 d.
1718 2925 1863 2968 cardi-

97 2998 230 3042 nales
264 3002 310 3042 et
343 3002 568 3051 oratores,
604 2999 804 3052 receptis
840 2999 983 3041 bullis
1019 2998 1324 3051 procuratorii
1362 3000 1406 3039 et
1442 2997 1732 3039 comissionis
1767 3007 1863 3038 cre-

97 3067 258 3112 dencie
289 3070 348 3112 ab
377 3069 542 3112 eodem
571 3069 615 3112 d.
646 3069 859 3112 Johanne
889 3081 1011 3122 papa
1040 3068 1211 3110 XXIII.
1244 3067 1300 3109 de
1334 3067 1543 3120 Fryburg
1574 3066 1861 3117 recedenteS,
