2102 3444
152 163 237 206 460
507 164 552 197 ΙΙ.
584 163 794 198 Abschnilt.
838 164 1042 197 Sermones
1072 163 1222 197 concilii
1253 163 1572 198 Constanciensis.

155 281 310 323 ditatis
336 284 379 323 et
405 282 555 323 minus
580 281 878 334 sapiencialis
903 284 947 323 et
972 280 1124 322 devoti
1151 282 1332 334 saporis
1357 282 1532 324 habere
1556 282 1804 335 minusque
1830 282 1922 324 edi-

155 352 392 393 t'icacionis
422 385 429 392 .
466 385 473 392 .
510 389 516 395 .
546 352 694 404 gustia
723 352 876 392 offere
906 351 1171 393 dinoscitur.

362 456 368 463 .
423 423 680 463 Ridiculum
720 422 843 463 enim
882 425 926 464 et
964 423 1095 475 quasi
1135 422 1346 465 ficticium
1386 424 1458 464 vel
1499 423 1759 465 voluntarie
1796 423 1924 465 adin-

154 498 338 535 ventum
357 490 542 533 'videtur
563 493 802 535 nonnullis
821 493 1088 534 historicum
1110 506 1193 535 seu
1214 494 1463 535 litteralem
1485 506 1673 536 sensum
1696 495 1922 547 scripture

154 564 209 603 ad
242 563 417 615 aliquid
451 563 731 604 misticorum
759 576 986 605 sensuum
1016 564 1277 616 traducere,
1309 564 1571 607 dicentibus
1601 565 1755 607 omnia
1785 576 1923 617 posse

154 633 411 675 consimilia
439 633 642 675 omnium
670 633 925 676 intellectui
953 635 1172 687 coaptari,
1200 634 1410 687 quamvis
1437 635 1682 687 loquentes
1710 635 1757 677 in
1784 635 1925 689 scrip-

153 705 269 745 turis
301 704 489 755 t'uerint,
523 707 570 746 ut
603 704 759 746 dicunt
790 705 879 757 isti,
913 706 1098 747 illorum
1133 718 1354 747 sensuum
1388 718 1582 758 prorsus
1616 706 1924 748 immemores.

154 775 283 825 Quod
304 775 460 827 utique
484 775 655 816 falsum
676 779 747 817 est
766 779 810 817 et
832 776 1089 818 auctoritati
1113 777 1341 829 scripture
1362 788 1456 818 non
1478 776 1773 819 mediocriter
1794 776 1926 819 dero-

153 858 281 897 gans,
315 858 415 886 cum
454 845 643 888 indubia
679 846 776 888 fide
813 847 1057 890 credamus
1091 847 1236 890 tocius
1272 848 1501 900 scripture
1537 859 1667 889 sacre
1701 847 1788 890 hoc
1820 859 1924 890 esse

154 915 449 969 privilegium
491 916 742 969 singulare,
780 921 829 958 ut
868 917 1059 970 spiritus
1099 921 1285 960 sanctus
1325 931 1410 971 per
1449 930 1623 971 organa
1661 920 1925 960 sanctorum

155 987 350 1039 loquens
380 991 425 1029 et
453 987 609 1029 verbis
639 987 854 1039 loquatur
883 991 928 1030 et
955 989 1111 1042 rebus,
1141 1001 1217 1030 res
1248 991 1400 1030 autem
1431 989 1685 1030 secundum
1715 989 1926 1031 diversas

153 1057 464 1110 proprietates
497 1070 657 1100 earum
690 1058 901 1101 diversas
933 1072 1010 1101 res
1043 1059 1312 1112 significare
1344 1064 1540 1112 possunt
1571 1093 1579 1101 .
1616 1093 1624 1101 .
1660 1093 1668 1101 .

270 1129 458 1180 Verum,
499 1130 607 1182 quia
646 1133 802 1171 sancte
844 1130 1020 1182 synodo
1058 1131 1268 1184 generali
1308 1133 1467 1173 noster
1506 1130 1719 1184 dirigitur
1759 1143 1924 1183 sermo,

153 1199 303 1252 michi,
334 1200 499 1252 fateor,
529 1200 655 1242 venit
692 1199 781 1255 [in]
821 1204 1037 1253 mentem,
1069 1204 1116 1243 ut
1148 1201 1204 1242 de
1237 1201 1457 1254 materiis,
1490 1214 1579 1254 que
1612 1201 1763 1244 solent
1793 1201 1840 1243 in
1870 1213 1924 1244 ea

154 1270 455 1322 frequencius
481 1271 659 1324 agitari,
687 1271 985 1324 dissererem,
1013 1275 1173 1324 utputa
1200 1272 1257 1314 de
1285 1272 1477 1314 materia
1503 1272 1689 1315 unionis
1714 1272 1924 1324 ecclesie,

155 1341 209 1382 de
245 1341 562 1394 extirpacione
595 1342 830 1395 heresum,
864 1355 967 1395 que,
1002 1343 1090 1384 nisi
1126 1343 1237 1385 lima
1271 1343 1569 1385 correctionis
1603 1346 1650 1385 et
1681 1342 1925 1396 condemp-

154 1411 360 1454 nacionis
413 1404 595 1455 sarculo
644 1413 1018 1466 prescindantur,
1072 1426 1288 1467 magnum
1339 1413 1522 1455 videtur
1572 1413 1816 1455 imminere
1868 1413 1925 1456 de

153 1483 365 1534 proximo
407 1483 520 1525 fidei
566 1483 894 1526 detrimentum
935 1487 983 1526 et
1023 1484 1293 1527 scandalum
1336 1497 1492 1538 grave,
1534 1497 1627 1526 non
1669 1484 1806 1527 modo
1846 1497 1926 1538 pu-

155 1553 364 1595 sillorum
391 1557 461 1596 set
484 1555 685 1597 fortasse
711 1555 967 1597 doctiorum
994 1559 1038 1597 et
1062 1555 1253 1608 grandis
1279 1556 1539 1597 animarum
1564 1555 1791 1608 perdicio;
1817 1555 1926 1598 item

155 1625 211 1666 de
236 1625 351 1667 vicio
376 1626 583 1678 symonie
609 1629 654 1667 et
677 1626 955 1679 symoniacis
980 1639 1081 1668 cum
1106 1627 1203 1669 suis
1226 1626 1489 1669 fautoribus
1513 1625 1925 1680 condempnandis,

245 1730 252 1737 .
291 1697 484 1750 insuper
520 1697 576 1738 de
613 1698 884 1739 auctoritate
919 1702 965 1741 et
996 1700 1227 1750 ⁴potestate
1265 1698 1431 1740 summi
1465 1697 1704 1751 pontificis
1739 1710 1799 1739 ex
1833 1709 1926 1739 una

154 1770 284 1819 parte
316 1771 360 1809 et
384 1768 506 1810 sacri
536 1768 717 1809 concilii
748 1768 984 1821 generalis
1012 1781 1071 1810 ex
1102 1769 1249 1810 altera
1279 1771 1325 1810 et
1353 1768 1707 1821 comparacione
1733 1767 1925 1811 istarum

154 1839 473 1880 auctoritatum
500 1839 557 1880 ad
578 1838 793 1891 invicem,
819 1852 1014 1892 quarum
1038 1839 1191 1881 neutri
1217 1839 1466 1881 detrahere
1491 1840 1565 1881 vel
1591 1839 1819 1893 derogare
1843 1839 1925 1881 sed

156 1908 213 1949 ad
247 1909 489 1950 veritatem
526 1909 714 1952 cuilibet
750 1910 956 1963 ipsarum
992 1909 1154 1951 favere
1188 1913 1236 1952 et
1269 1910 1518 1963 unicuique
1554 1910 1770 1962 reddere,
1805 1909 1926 1963 quod

157 1992 288 2020 suum
315 1983 398 2031 est,
423 1993 472 2021 ac
498 1993 674 2022 summe
701 1981 1012 2034 congratulari
1037 1981 1277 2033 debemus,
1304 1981 1637 2024 benedicentes
1660 1981 1823 2033 Deum,
1847 1980 1925 2034 qui

153 2049 280 2091 dedit
299 2054 573 2103 potestatem
593 2052 733 2093 talem
754 2050 1036 2105 hominibus,
1058 2065 1108 2094 ac
1127 2050 1271 2094 eciam
1292 2051 1348 2093 de
1370 2050 1710 2093 reformacione
1729 2050 1926 2094 ecclesie

155 2124 200 2162 et
218 2121 499 2174 turpissimis
521 2123 728 2163 moribus
747 2122 1167 2165 ecclesiasticorum
1189 2123 1402 2165 severius
1423 2122 1689 2176 arguendis,
1709 2121 1925 2175 quoniam

158 2192 202 2232 in
228 2193 350 2233 omni
378 2195 510 2244 statu,
535 2193 681 2245 gradu
706 2197 752 2234 et
774 2193 938 2235 ordine
963 2194 1095 2246 lapsa
1120 2197 1203 2246 est,
1228 2194 1371 2247 proch
1397 2194 1542 2246 dolor,
1567 2193 1717 2236 omnis
1742 2191 1926 2235 ecclesi-

156 2263 296 2304 astica
322 2263 582 2315 disciplina.
623 2264 678 2305 Et
702 2276 771 2316 ve,
797 2277 852 2306 ve
880 2268 924 2306 et
949 2264 1092 2306 tercio
1118 2277 1173 2306 ve
1200 2264 1519 2306 sacerdotibus
1543 2268 1589 2306 et
1613 2264 1823 2318 prelatis,
1849 2262 1924 2317 qui

157 2333 252 2375 suis
288 2334 746 2386 impudicentissimis
782 2335 959 2377 actibus
994 2335 1086 2377 dati
1124 2338 1229 2377 sunt
1263 2335 1483 2377 universe
1518 2335 1645 2388 plebi
1682 2334 1728 2376 in
1762 2334 1925 2388 obpro-

159 2404 323 2456 brium,
349 2404 617 2446 scandalum
642 2408 685 2446 et
710 2405 905 2455 ruinam,
930 2405 1006 2458 qui
1032 2406 1260 2448 deberent
1283 2410 1327 2448 et
1350 2418 1455 2448 esse
1480 2406 1694 2448 solebant
1717 2406 1763 2447 in
1786 2405 1925 2447 hono-

158 2487 270 2527 rem,
291 2478 595 2517 tutamentum
618 2479 661 2517 et
680 2476 826 2518 tocius
849 2476 1166 2529 religiositatis
1186 2480 1233 2518 et
1254 2476 1512 2519 honestatis
1528 2477 1788 2530 exemplar.
1821 2473 1925 2527 Sed,

158 2546 264 2587 dum
303 2546 387 2587 hoc
428 2557 604 2587 mecum
645 2547 808 2588 tacitus
847 2546 947 2599 ipse
987 2550 1269 2600 reputarem,
1309 2548 1409 2589 visa
1447 2550 1518 2589 est
1557 2547 1788 2589 michimet
1828 2583 1835 2590 .
1872 2579 1880 2587 .
1915 2578 1923 2586 .

157 2616 445 2669 respondere
468 2616 712 2659 meditacio
731 2629 833 2659 mea
853 2620 898 2659 et
918 2630 1018 2658 cum
1041 2617 1244 2671 suspirio
1263 2618 1392 2671 gravi
1415 2617 1588 2659 dicere:
1612 2618 1750 2660 stulto
1765 2616 1923 2659 labore

156 2688 457 2739 consumeris,
478 2688 697 2739 quoniam
717 2687 806 2729 hiis
827 2687 991 2730 diebus
1012 2688 1172 2730 volunt
1191 2688 1404 2730 homines
1426 2688 1514 2730 sibi
1535 2688 1662 2741 loqui
1680 2687 1924 2741 placentia.

158 2757 215 2799 Ut
249 2757 376 2799 sicud
412 2759 649 2810 apostolus
685 2758 957 2810 predixerat
990 2758 1113 2811 olim,
1151 2759 1403 2800 secundum
1440 2772 1523 2801 sua
1558 2758 1794 2802 desideria
1826 2768 1924 2800 coa-

159 2833 348 2871 cervant
370 2828 457 2870 sibi
482 2829 726 2882 magistros
748 2815 1018 2881 prurientes
1041 2829 1232 2871 auribus
1254 2833 1299 2871 et
1323 2843 1347 2872 a
1370 2830 1566 2872 veritate
1591 2829 1777 2882 quidem
1801 2827 1925 2871 audi-

159 2902 252 2939 tum
288 2902 514 2952 avertunt,
551 2900 608 2941 ad
644 2899 829 2941 fabulas
865 2904 1017 2942 autem
1053 2903 1338 2942 convertunt.
1388 2900 1605 2942 Ceterum
1638 2912 1731 2942 non
1766 2909 1925 2942 omnes

161 2968 280 3010 idem
309 2969 507 3022 sapiunt,
537 2970 619 3012 sed
644 2969 883 3012 habundat
909 2970 1107 3022 quilibet
1132 2970 1177 3011 in
1206 2984 1289 3012 suo
1317 2983 1457 3014 sensu
1484 2973 1531 3012 et
1555 2973 1666 3024 quot
1689 2969 1838 3023 capita
1862 2969 1925 3010 tot

160 3040 411 3093 sentencie,
438 3043 499 3081 tot
526 3040 725 3083 affectus
751 3044 796 3083 et
821 3041 1095 3084 voluntates.
1139 3041 1374 3097 Magisque
1401 3042 1562 3085 talium
1587 3040 1923 3097 predicacione,
