2102 3444
225 132 280 174 78
744 129 770 163 I.
811 128 1022 163 Abschnitt.
1076 126 1476 173 Konzilstagebiicher.

346 249 399 291 Et
422 249 531 302 quia
556 248 603 290 in
629 248 938 290 instruccione
964 248 1021 289 de
1047 249 1198 290 forma
1221 247 1484 300 timebatur,
1509 247 1633 300 quod
1656 246 1807 300 primo
1831 256 1998 298 prepa-

228 321 414 362 racione
453 332 701 373 processus
740 318 879 360 fieret
918 318 1192 361 informacio
1230 318 1479 361 summarIa
1517 331 1602 371 per
1641 316 1934 370 deputandos
1971 328 1998 358 a

228 391 422 433 concilio
449 402 590 443 super
619 389 839 442 articulis,
867 402 957 442 que
986 390 1032 431 in
1060 389 1181 431 facto
1208 392 1355 442 erant,
1382 393 1429 431 ut
1455 390 1581 431 clare
1609 388 1862 440 videretur,
1887 386 1999 440 quid

228 465 386 514 posset
417 461 623 514 probari,
654 464 698 503 et
731 473 874 514 super
905 461 990 502 hoc
1022 461 1224 502 intencio
1255 460 1547 513 fundaretur,
1579 459 1666 501 fuit
1696 458 1818 501 facta
1849 458 2000 501 forma

229 532 568 574 commissionis
600 532 658 574 ad
689 531 1073 573 informacionem
1106 531 1361 584 predictam
1393 530 1601 573 fiendam
1634 533 1679 572 et
1709 530 1795 571 hoc
1826 528 2002 571 delibe-

231 606 381 645 ratum
403 603 450 645 in
472 602 747 645 nacionibus
771 606 816 644 et
838 603 1036 655 collegio
1057 602 1363 644 cardinalium
1387 605 1431 644 et
1454 601 1640 656 placuit.

350 674 435 716 Die
470 674 608 728 igitur
640 673 757 716 iovis
791 674 951 726 quinta
982 673 1256 716 Novembris
1289 686 1411 715 anno
1447 671 1750 715 MCCCCXVI
1783 674 1828 713 et
1859 670 2003 714 tercio

230 745 410 787 concilii
447 744 682 797 assignata
716 744 775 786 ad
810 745 1069 787 sessionem
1103 744 1310 786 fiendam
1344 757 1430 797 pro
1464 743 1763 785 decernenda
1796 741 2004 785 commis-

233 816 363 858 sione
404 816 462 858 ad
501 815 887 857 informacionem
926 815 1149 868 fiendam,
1189 815 1246 856 de
1286 827 1421 857 mane
1462 817 1568 857 ante
1609 813 1867 857 sessionem
1907 825 2003 855 rev.

233 899 275 939 p.
308 886 350 929 d.
381 885 634 928 cardinalis
666 885 1019 928 Cameracensis
1049 898 1134 939 pro
1166 898 1275 939 rege
1307 886 1503 928 Francie
1533 888 1578 927 et
1609 885 1666 927 ab
1697 897 1753 927 eo
1781 884 2004 938 generale

234 957 501 999 mandatum
528 957 714 999 habens
745 960 791 998 et
823 957 904 998 alii
937 956 1148 998 eiusdem
1182 957 1306 1010 regis
1338 959 1681 1010 proposuerant
1714 956 1761 997 in
1794 954 2005 997 sessione

234 1028 498 1081 protestari,
530 1027 654 1081 quod
684 1027 817 1070 nacio
849 1027 1105 1080 Anglicana
1137 1040 1230 1070 non
1262 1028 1457 1069 deberet
1490 1028 1537 1069 in
1569 1026 1763 1069 concilio
1795 1026 2005 1080 generali

236 1098 399 1141 haberi
432 1111 586 1152 neque
620 1099 829 1152 reputari
862 1111 947 1152 pro
980 1111 1072 1140 una
1105 1098 1313 1151 nacione,
1345 1099 1549 1140 faciente
1583 1100 1794 1151 quartam
1826 1100 2007 1151 partem

236 1170 418 1211 concilii
454 1169 635 1212 concilii
672 1170 911 1223 generalis
947 1173 993 1211 et
1026 1182 1112 1222 per
1148 1181 1441 1222 consequens
1476 1168 1761 1211 universalis
1796 1167 2008 1220 ecclesie,

236 1244 373 1294 prout
401 1240 458 1283 de
487 1241 609 1283 facto
638 1240 828 1293 fecerat,
856 1253 959 1282 cum
988 1252 1182 1294 regnum
1211 1240 1407 1282 Francie
1436 1240 1580 1282 multo
1608 1239 1757 1282 maius
1786 1239 1844 1282 sit
1871 1251 2009 1292 quam

237 1313 405 1365 Anglie
426 1315 472 1354 et
490 1312 630 1354 nacio'
645 1311 838 1365 Ytalica,
857 1310 1137 1353 Germanica
1155 1314 1200 1353 et
1219 1310 1399 1353 Gallica
1418 1311 1563 1353 multo
1581 1313 1626 1352 et
1644 1310 1788 1352 multo
1809 1309 2011 1352 maiores

239 1382 342 1425 sint.
384 1382 499 1425 Cum
527 1385 682 1425 autem
707 1382 891 1435 Anglici
921 1384 1027 1424 ante
1056 1382 1316 1424 sessionem
1344 1381 1430 1423 hoc
1457 1380 1749 1435 audiverunt,
1779 1380 1923 1433 aliqui
1951 1391 2011 1422 ex

239 1454 334 1496 illis
360 1457 405 1496 et
433 1453 681 1496 Germanis
707 1455 938 1495 venerunt
965 1452 1024 1495 ad
1050 1452 1315 1495 cardinales
1340 1455 1385 1494 et
1413 1452 1647 1504 dixerunt,
1674 1450 1812 1504 quod,
1840 1450 1880 1492 si
1905 1449 2012 1493 talis

239 1525 519 1578 protestacio
547 1524 701 1577 fieret,
729 1524 952 1566 naciones
981 1523 1233 1566 Germanie
1262 1526 1307 1565 et
1335 1523 1503 1576 Anglie
1532 1535 1626 1564 non
1654 1524 1813 1564 essent
1841 1520 1889 1563 in
1919 1532 2014 1563 ses-

243 1596 388 1649 sione,
427 1599 472 1637 et
512 1596 573 1638 ita
614 1595 922 1648 impediretur
962 1594 1124 1647 sessio,
1164 1606 1253 1647 que
1294 1593 1440 1636 fiebat
1479 1605 1565 1646 pro
1603 1592 1776 1635 unione
1814 1591 2013 1634 ecclesie

242 1670 401 1709 contra
427 1667 614 1708 Petrum
639 1666 696 1708 de
723 1666 866 1708 Luna.
905 1665 1102 1719 Propter
1127 1664 1251 1718 quod
1275 1664 1540 1707 cardinales
1564 1665 1846 1717 rogaverunt
1869 1661 2016 1704 cardi-

242 1739 399 1780 nalem
437 1737 839 1790 Cameracensem,
876 1736 1000 1790 quod
1037 1736 1294 1778 abstineret
1331 1735 1388 1777 ab
1426 1734 1508 1777 illa
1544 1733 1900 1787 protestacione‚
1936 1732 2014 1786 qui

244 1809 420 1861 annuit,
448 1807 697 1850 dummodo
724 1808 806 1850 illa
833 1807 972 1849 fieret
999 1808 1046 1849 in
1074 1807 1272 1859 collegio
1298 1805 1604 1848 cardinalium
1631 1804 1697 1846 ibi
1725 1805 2015 1857 congregato.

246 1881 300 1922 Et
330 1881 392 1922 ita
421 1880 544 1921 facta
572 1879 660 1920 fuit
690 1891 775 1932 per
806 1879 982 1931 legatos
1013 1881 1058 1920 et
1086 1880 1436 1930 procuratorem
1466 1875 1591 1929 regis
1622 1874 1830 1917 Francie.

364 1963 458 2005 Hoc
488 1962 610 2004 facto
641 1964 828 2003 ventum
860 1963 930 2003 est
962 1960 1021 2002 ad
1052 1959 1311 2002 sessionem
1343 1962 1388 2001 et
1419 1957 1725 2012 pronunciata
1756 1969 1841 2010 per
1873 1955 2019 1999 archi-

246 2033 516 2087 episcopum
560 2032 958 2074 Mediolanensem
996 2029 1259 2072 commissio
1297 2029 1506 2083 predicta
1543 2041 1630 2082 pro
1667 2027 2018 2070 informacione.

249 2104 390 2147 Culus
415 2107 548 2146 tenor
573 2103 680 2146 talis
695 2105 782 2144 est:
815 2102 865 2143 In
881 2104 1067 2143 auctore
1081 2100 1210 2153 pacis
1226 2133 1234 2142 .
1253 2134 1261 2142 .
1280 2133 1288 2141 .
1305 2099 1621 2153 opportuna.¹)
1649 2099 1746 2150 Qua
1761 2099 1879 2140 lecta
1895 2099 2020 2139 ante-

249 2187 387 2228 quam
420 2173 804 2232 responderetur:
839 2172 1010 2225 Placet,
1043 2171 1184 2224 legati
1215 2170 1449 2223 Aragonie
1482 2171 1837 2222 resumpserunt
1869 2170 2021 2221 prote-

251 2245 501 2288 stacionem
531 2245 648 2287 alias
680 2244 800 2285 inter
830 2242 1075 2302 deputatos
1102 2254 1188 2295 per
1217 2254 1298 2283 eos
1327 2240 1509 2293 factam,
1539 2239 1664 2293 quod
1691 2238 1824 2281 nacio
1852 2238 2021 2292 Anglie

250 2317 346 2359 illis
375 2328 468 2358 non
498 2315 793 2369 preferretur
824 2316 894 2355 set
924 2315 1125 2354 econtra.
1170 2312 1224 2354 Et
1254 2311 1336 2353 illa
1366 2313 1605 2364 resumpta
1634 2309 1854 2352 dixerunt
1883 2307 2023 2362 patri·

252 2387 390 2430 arche
421 2386 712 2428 Antiocheno
743 2384 956 2427 ordinato
987 2383 1046 2426 ad
1076 2381 1457 2435 respondendum
1488 2394 1574 2434 pro
1605 2379 1820 2423 omnibus
1850 2379 2020 2433 placet:

254 2457 597 2511 respondeatis:
635 2457 805 2498 Placet.
852 2455 906 2497 Et
941 2454 1003 2496 ita
1037 2456 1348 2495 recesserunt.
1396 2452 1450 2494 Et
1484 2451 1749 2505 patriarcha
1784 2448 2025 2503 respondit

254 2542 339 2583 pro
366 2532 458 2571 toto
485 2527 697 2570 concilio:
741 2527 897 2568 Placet
923 2528 968 2568 et
995 2524 1248 2566 cardinalis
1275 2522 1504 2566 Ostiensis
1531 2521 1797 2575 specialiter
1824 2532 1910 2574 pro
1936 2519 2026 2562 col-

256 2600 377 2653 legio
406 2597 730 2641 cardinalium:
775 2597 946 2639 Placet.

374 2671 428 2712 Et
453 2669 606 2712 statim
633 2668 837 2711 surrexit
863 2679 984 2709 unus
1011 2666 1260 2708 advocatus
1286 2676 1371 2718 pro
1397 2662 1604 2716 Anglicis
1631 2662 1794 2704 volens
1820 2673 1906 2714 pro
1931 2659 2026 2702 illis

258 2753 522 2794 proponere
553 2742 712 2782 contra
740 2738 1129 2792 protestacionem
1160 2736 1526 2788 Aragonensem,
1556 2736 1626 2775 set
1655 2732 1805 2775 factus
1833 2733 1905 2773 est
1931 2733 2029 2773 tan-

259 2817 332 2855 tus
366 2812 537 2865 pedum
573 2810 794 2864 strepitus
828 2812 873 2850 et
906 2809 1094 2860 clamor,
1130 2805 1253 2860 quod
1287 2804 1437 2848 audiri
1472 2816 1566 2846 non
1600 2803 1748 2856 potuit
1781 2804 1827 2844 et
1862 2802 1925 2843 ita
1958 2812 2029 2842 re-

259 2895 441 2925 cessum
475 2885 556 2926 est.
604 2881 778 2923 Eodem
812 2880 886 2922 die
920 2880 967 2921 in
1000 2877 1214 2930 vesperis
1247 2875 1428 2929 Anglici
1461 2873 1726 2927 congregati
1759 2872 1950 2914 fuerunt
1982 2870 2030 2912 in

379 3036 410 3077 ¹)
436 3034 557 3068 Hardt
581 3033 647 3075 IV,
670 3032 851 3074 961-65,·
878 3030 1005 3065 Mansa·
1029 3026 1188 3070 XXVII,
1211 3027 1281 3062 963
1294 3025 1320 3069 Τ.
