<?xml version="1.0" encoding="UTF-8"?>
<!DOCTYPE html PUBLIC "-//W3C//DTD XHTML 1.0 Transitional//EN"
    "http://www.w3.org/TR/xhtml1/DTD/xhtml1-transitional.dtd">
<html xmlns="http://www.w3.org/1999/xhtml" xml:lang="en" lang="en">
 <head>
  <title>
</title>
<meta http-equiv="Content-Type" content="text/html;charset=utf-8" />
  <meta name='ocr-system' content='tesseract 3.04.00' />
  <meta name='ocr-capabilities' content='ocr_page ocr_carea ocr_par ocr_line ocrx_word'/>
</head>
<body>
  <div class='ocr_page' id='page_1' title='image "./actaconciliicons02counuoft/actaconciliicons02counuoft_0175.png"; bbox 0 0 2227 3434; ppageno 0'>
   <div class='ocr_carea' id='block_1_1' title="bbox 484 164 1839 215">
    <p class='ocr_par' dir='ltr' id='par_1_1' title="bbox 484 164 1839 215">
     <span class='ocr_line' id='line_1_1' title="bbox 484 164 1839 215; baseline 0.003 -15"><span class='ocrx_word' id='word_1_1' title='bbox 484 164 528 200; x_wconf 91' lang='lat' dir='ltr'>A.</span> <span class='ocrx_word' id='word_1_2' title='bbox 568 164 767 202; x_wconf 81' lang='lat' dir='ltr'>Fillastres</span> <span class='ocrx_word' id='word_1_3' title='bbox 795 165 912 202; x_wconf 85' lang='lat' dir='ltr'>Gesta</span> <span class='ocrx_word' id='word_1_4' title='bbox 937 167 1088 202; x_wconf 81' lang='lat' dir='ltr'>concilii</span> <span class='ocrx_word' id='word_1_5' title='bbox 1115 167 1839 215; x_wconf 78' lang='lat' dir='ltr'>Constantiensis.161</span> 
     </span>
    </p>
   </div>
   <div class='ocr_carea' id='block_1_2' title="bbox 0 243 1841 2954">
    <p class='ocr_par' dir='ltr' id='par_1_2' title="bbox 0 243 1841 469">
     <span class='ocr_line' id='line_1_2' title="bbox 0 243 1841 344; baseline 0.002 -18"><span class='ocrx_word' id='word_1_6' title='bbox 0 243 14 344; x_wconf 52' lang='grc' dir='ltr'>ἓ,</span> <span class='ocrx_word' id='word_1_7' title='bbox 73 282 132 326; x_wconf 88' lang='lat' dir='ltr'>ad</span> <span class='ocrx_word' id='word_1_8' title='bbox 164 283 420 337; x_wconf 85' lang='lat' dir='ltr'>quamlibet</span> <span class='ocrx_word' id='word_1_9' title='bbox 453 284 755 327; x_wconf 89' lang='lat' dir='ltr'>collacionem</span> <span class='ocrx_word' id='word_1_10' title='bbox 789 297 932 327; x_wconf 92' lang='lat' dir='ltr'>unum</span> <span class='ocrx_word' id='word_1_11' title='bbox 964 285 1297 328; x_wconf 82' lang='lat' dir='ltr'>beneficiatum</span> <span class='ocrx_word' id='word_1_12' title='bbox 1330 288 1518 343; x_wconf 66' lang='lat' dir='ltr'>eciam2)</span> <span class='ocrx_word' id='word_1_13' title='bbox 1553 288 1841 341; x_wconf 89' lang='lat' dir='ltr'>preferendo</span> 
     </span>
     <span class='ocr_line' id='line_1_3' title="bbox 0 353 1840 412; baseline 0.003 -17"><span class='ocrx_word' id='word_1_14' title='bbox 0 359 13 411; x_wconf 61' lang='lat' dir='ltr'>f.</span> <span class='ocrx_word' id='word_1_15' title='bbox 73 353 206 396; x_wconf 93' lang='lat' dir='ltr'>illum</span> <span class='ocrx_word' id='word_1_16' title='bbox 229 353 487 396; x_wconf 84' lang='lat' dir='ltr'>auctoritati</span> <span class='ocrx_word' id='word_1_17' title='bbox 511 355 777 408; x_wconf 85' lang='lat' dir='ltr'>apostolice.</span> <span class='ocrx_word' id='word_1_18' title='bbox 813 356 943 408; x_wconf 86' lang='lat' dir='ltr'>Quod</span> <span class='ocrx_word' id='word_1_19' title='bbox 967 356 1112 398; x_wconf 91' lang='lat' dir='ltr'>eciam</span> <span class='ocrx_word' id='word_1_20' title='bbox 1136 357 1275 399; x_wconf 91' lang='lat' dir='ltr'>nimis</span> <span class='ocrx_word' id='word_1_21' title='bbox 1299 370 1440 411; x_wconf 87' lang='lat' dir='ltr'>grave</span> <span class='ocrx_word' id='word_1_22' title='bbox 1465 357 1553 400; x_wconf 93' lang='lat' dir='ltr'>fuit</span> <span class='ocrx_word' id='word_1_23' title='bbox 1577 362 1840 412; x_wconf 89' lang='lat' dir='ltr'>reputatum</span> 
     </span>
     <span class='ocr_line' id='line_1_4' title="bbox 0 423 815 469; baseline -0.003 0"><span class='ocrx_word' id='word_1_24' title='bbox 0 464 9 469; x_wconf 93' lang='lat'>-</span> <span class='ocrx_word' id='word_1_25' title='bbox 72 427 118 466; x_wconf 89' lang='lat' dir='ltr'>et</span> <span class='ocrx_word' id='word_1_26' title='bbox 147 423 289 466; x_wconf 84' lang='lat' dir='ltr'>nichil</span> <span class='ocrx_word' id='word_1_27' title='bbox 321 424 378 466; x_wconf 88' lang='lat' dir='ltr'>de</span> <span class='ocrx_word' id='word_1_28' title='bbox 410 424 500 467; x_wconf 92' lang='lat' dir='ltr'>hiis</span> <span class='ocrx_word' id='word_1_29' title='bbox 531 437 815 469; x_wconf 86' lang='lat' dir='ltr'>concessum.</span> 
     </span>
    </p>

    <p class='ocr_par' dir='ltr' id='par_1_3' title="bbox 70 494 1840 694">
     <span class='ocr_line' id='line_1_5' title="bbox 189 494 1840 553; baseline 0.004 -17"><span class='ocrx_word' id='word_1_30' title='bbox 189 494 280 537; x_wconf 91' lang='lat' dir='ltr'>Pro</span> <span class='ocrx_word' id='word_1_31' title='bbox 317 507 428 549; x_wconf 88' lang='lat' dir='ltr'>rege</span> <span class='ocrx_word' id='word_1_32' title='bbox 467 495 748 550; x_wconf 87' lang='lat' dir='ltr'>Aragonum,</span> <span class='ocrx_word' id='word_1_33' title='bbox 786 496 954 539; x_wconf 87' lang='lat' dir='ltr'>Secilie</span> <span class='ocrx_word' id='word_1_34' title='bbox 994 497 1168 540; x_wconf 90' lang='lat' dir='ltr'>scilicet</span> <span class='ocrx_word' id='word_1_35' title='bbox 1206 498 1360 540; x_wconf 88' lang='lat' dir='ltr'>insule</span> <span class='ocrx_word' id='word_1_36' title='bbox 1399 501 1444 541; x_wconf 92' lang='lat' dir='ltr'>et</span> <span class='ocrx_word' id='word_1_37' title='bbox 1481 498 1712 553; x_wconf 88' lang='lat' dir='ltr'>Sardinie‚</span> <span class='ocrx_word' id='word_1_38' title='bbox 1752 499 1840 542; x_wconf 90' lang='lat' dir='ltr'>fuit</span> 
     </span>
     <span class='ocr_line' id='line_1_6' title="bbox 70 565 1840 621; baseline 0.003 -14"><span class='ocrx_word' id='word_1_39' title='bbox 70 565 265 619; x_wconf 78' lang='lat' dir='ltr'>petitum</span> <span class='ocrx_word' id='word_1_40' title='bbox 290 565 456 619; x_wconf 92' lang='lat' dir='ltr'>primo,</span> <span class='ocrx_word' id='word_1_41' title='bbox 485 566 608 619; x_wconf 89' lang='lat' dir='ltr'>quod</span> <span class='ocrx_word' id='word_1_42' title='bbox 637 579 759 620; x_wconf 88' lang='lat' dir='ltr'>papa</span> <span class='ocrx_word' id='word_1_43' title='bbox 788 568 1045 610; x_wconf 88' lang='lat' dir='ltr'>remitteret</span> <span class='ocrx_word' id='word_1_44' title='bbox 1074 572 1304 621; x_wconf 90' lang='lat' dir='ltr'>perpetuo</span> <span class='ocrx_word' id='word_1_45' title='bbox 1334 581 1524 612; x_wconf 91' lang='lat' dir='ltr'>censum</span> <span class='ocrx_word' id='word_1_46' title='bbox 1553 569 1714 612; x_wconf 89' lang='lat' dir='ltr'>decem</span> <span class='ocrx_word' id='word_1_47' title='bbox 1742 570 1840 612; x_wconf 92' lang='lat' dir='ltr'>mil-</span> 
     </span>
     <span class='ocr_line' id='line_1_7' title="bbox 71 634 1839 694; baseline 0.002 -16"><span class='ocrx_word' id='word_1_48' title='bbox 71 634 183 678; x_wconf 90' lang='lat' dir='ltr'>lium</span> <span class='ocrx_word' id='word_1_49' title='bbox 212 648 300 690; x_wconf 89' lang='lat' dir='ltr'>pro</span> <span class='ocrx_word' id='word_1_50' title='bbox 329 635 499 680; x_wconf 92' lang='lat' dir='ltr'>Secilia</span> <span class='ocrx_word' id='word_1_51' title='bbox 530 639 574 679; x_wconf 89' lang='lat' dir='ltr'>et</span> <span class='ocrx_word' id='word_1_52' title='bbox 606 650 773 679; x_wconf 82' lang='lat' dir='ltr'>novem</span> <span class='ocrx_word' id='word_1_53' title='bbox 805 638 1001 680; x_wconf 89' lang='lat' dir='ltr'>millium</span> <span class='ocrx_word' id='word_1_54' title='bbox 1034 651 1120 691; x_wconf 91' lang='lat' dir='ltr'>pro</span> <span class='ocrx_word' id='word_1_55' title='bbox 1151 638 1367 682; x_wconf 82' lang='lat' dir='ltr'>Sardinia</span> <span class='ocrx_word' id='word_1_56' title='bbox 1398 639 1579 682; x_wconf 91' lang='lat' dir='ltr'>debitos</span> <span class='ocrx_word' id='word_1_57' title='bbox 1610 644 1839 694; x_wconf 88' lang='lat' dir='ltr'>perpetuo</span> 
     </span>
    </p>

    <p class='ocr_par' dir='ltr' id='par_1_4' title="bbox 0 705 1839 834">
     <span class='ocr_line' id='line_1_8' title="bbox 0 705 1839 765; baseline 0.003 -17"><span class='ocrx_word' id='word_1_58' title='bbox 0 755 3 763; x_wconf 60' lang='lat'>.</span> <span class='ocrx_word' id='word_1_59' title='bbox 70 705 276 750; x_wconf 85' lang='lat' dir='ltr'>Romane</span> <span class='ocrx_word' id='word_1_60' title='bbox 310 707 523 761; x_wconf 84' lang='lat' dir='ltr'>ecclesie,</span> <span class='ocrx_word' id='word_1_61' title='bbox 555 720 641 761; x_wconf 92' lang='lat' dir='ltr'>pro</span> <span class='ocrx_word' id='word_1_62' title='bbox 676 708 844 761; x_wconf 92' lang='lat' dir='ltr'>quibus</span> <span class='ocrx_word' id='word_1_63' title='bbox 878 709 1100 751; x_wconf 90' lang='lat' dir='ltr'>redderet</span> <span class='ocrx_word' id='word_1_64' title='bbox 1132 722 1277 752; x_wconf 88' lang='lat' dir='ltr'>unum</span> <span class='ocrx_word' id='word_1_65' title='bbox 1310 722 1483 763; x_wconf 90' lang='lat' dir='ltr'>equum</span> <span class='ocrx_word' id='word_1_66' title='bbox 1518 709 1717 765; x_wconf 81' lang='lat' dir='ltr'>album&#39;¹)</span> <span class='ocrx_word' id='word_1_67' title='bbox 1754 724 1839 765; x_wconf 92' lang='lat' dir='ltr'>pro</span> 
     </span>
     <span class='ocr_line' id='line_1_9' title="bbox 0 777 1323 834; baseline 0.002 -14"><span class='ocrx_word' id='word_1_68' title='bbox 0 795 9 810; x_wconf 70' lang='lat'>,-</span> <span class='ocrx_word' id='word_1_69' title='bbox 69 777 240 821; x_wconf 87' lang='lat' dir='ltr'>Secilia</span> <span class='ocrx_word' id='word_1_70' title='bbox 268 781 314 820; x_wconf 90' lang='lat' dir='ltr'>et</span> <span class='ocrx_word' id='word_1_71' title='bbox 343 790 487 820; x_wconf 92' lang='lat' dir='ltr'>unum</span> <span class='ocrx_word' id='word_1_72' title='bbox 516 791 723 832; x_wconf 90' lang='lat' dir='ltr'>pannum</span> <span class='ocrx_word' id='word_1_73' title='bbox 754 791 947 822; x_wconf 89' lang='lat' dir='ltr'>aureum</span> <span class='ocrx_word' id='word_1_74' title='bbox 977 792 1064 834; x_wconf 90' lang='lat' dir='ltr'>pro</span> <span class='ocrx_word' id='word_1_75' title='bbox 1094 779 1323 823; x_wconf 88' lang='lat' dir='ltr'>Sardinia.</span> 
     </span>
    </p>

    <p class='ocr_par' dir='ltr' id='par_1_5' title="bbox 184 848 1839 905">
     <span class='ocr_line' id='line_1_10' title="bbox 184 848 1839 905; baseline 0.003 -15"><span class='ocrx_word' id='word_1_76' title='bbox 184 848 413 903; x_wconf 89' lang='lat' dir='ltr'>Secundo,</span> <span class='ocrx_word' id='word_1_77' title='bbox 439 849 564 903; x_wconf 93' lang='lat' dir='ltr'>quod</span> <span class='ocrx_word' id='word_1_78' title='bbox 589 849 704 892; x_wconf 91' lang='lat' dir='ltr'>ordo</span> <span class='ocrx_word' id='word_1_79' title='bbox 731 884 739 892; x_wconf 94' lang='lat'>.</span> <span class='ocrx_word' id='word_1_80' title='bbox 776 884 784 892; x_wconf 95' lang='lat'>.</span> <span class='ocrx_word' id='word_1_81' title='bbox 820 850 868 905; x_wconf 79' lang='lat'>.0)</span> <span class='ocrx_word' id='word_1_82' title='bbox 898 851 946 892; x_wconf 94' lang='lat' dir='ltr'>in</span> <span class='ocrx_word' id='word_1_83' title='bbox 971 863 1116 904; x_wconf 87' lang='lat' dir='ltr'>regno</span> <span class='ocrx_word' id='word_1_84' title='bbox 1142 851 1409 905; x_wconf 67' lang='lat' dir='ltr'>Aragonum</span> <span class='ocrx_word' id='word_1_85' title='bbox 1437 853 1709 895; x_wconf 90' lang='lat' dir='ltr'>constitutus</span> <span class='ocrx_word' id='word_1_86' title='bbox 1736 866 1839 895; x_wconf 91' lang='lat' dir='ltr'>con-</span> 
     </span>
    </p>

    <p class='ocr_par' dir='ltr' id='par_1_6' title="bbox 0 915 1837 976">
     <span class='ocr_line' id='line_1_11' title="bbox 0 915 1837 976; baseline 0.003 -14"><span class='ocrx_word' id='word_1_87' title='bbox 0 915 4 921; x_wconf 81' lang='grc'><strong>’</strong></span> <span class='ocrx_word' id='word_1_88' title='bbox 68 923 140 963; x_wconf 92' lang='lat' dir='ltr'>tra</span> <span class='ocrx_word' id='word_1_89' title='bbox 159 919 382 962; x_wconf 83' lang='lat' dir='ltr'>infideles</span> <span class='ocrx_word' id='word_1_90' title='bbox 404 920 743 963; x_wconf 82' lang='lat' dir='ltr'>transferretur</span> <span class='ocrx_word' id='word_1_91' title='bbox 763 921 811 963; x_wconf 93' lang='lat' dir='ltr'>in</span> <span class='ocrx_word' id='word_1_92' title='bbox 831 921 1095 964; x_wconf 88' lang='lat' dir='ltr'>Sardiniam</span> <span class='ocrx_word' id='word_1_93' title='bbox 1116 925 1160 964; x_wconf 90' lang='lat' dir='ltr'>et</span> <span class='ocrx_word' id='word_1_94' title='bbox 1181 935 1343 965; x_wconf 90' lang='lat' dir='ltr'>omnes</span> <span class='ocrx_word' id='word_1_95' title='bbox 1363 923 1689 976; x_wconf 88' lang='lat' dir='ltr'>possessiones</span> <span class='ocrx_word' id='word_1_96' title='bbox 1710 923 1837 967; x_wconf 91' lang='lat' dir='ltr'>illius</span> 
     </span>
    </p>

    <p class='ocr_par' dir='ltr' id='par_1_7' title="bbox 0 987 1839 1047">
     <span class='ocr_line' id='line_1_12' title="bbox 0 987 1839 1047; baseline 0.002 -15"><span class='ocrx_word' id='word_1_97' title='bbox 0 987 3 992; x_wconf 80' lang='grc'><strong><em>’</em></strong></span> <span class='ocrx_word' id='word_1_98' title='bbox 68 989 246 1034; x_wconf 86' lang='lat' dir='ltr'>ordinis</span> <span class='ocrx_word' id='word_1_99' title='bbox 277 991 500 1034; x_wconf 90' lang='lat' dir='ltr'>darentur</span> <span class='ocrx_word' id='word_1_100' title='bbox 531 992 630 1045; x_wconf 85' lang='lat' dir='ltr'>regi</span> <span class='ocrx_word' id='word_1_101' title='bbox 663 995 707 1034; x_wconf 92' lang='lat' dir='ltr'>et</span> <span class='ocrx_word' id='word_1_102' title='bbox 738 1004 882 1045; x_wconf 86' lang='lat' dir='ltr'>regno</span> <span class='ocrx_word' id='word_1_103' title='bbox 913 993 1195 1046; x_wconf 82' lang='lat' dir='ltr'>Aragonum,</span> <span class='ocrx_word' id='word_1_104' title='bbox 1228 1006 1317 1047; x_wconf 91' lang='lat' dir='ltr'>que</span> <span class='ocrx_word' id='word_1_105' title='bbox 1350 993 1649 1047; x_wconf 89' lang='lat' dir='ltr'>posessiones</span> <span class='ocrx_word' id='word_1_106' title='bbox 1681 995 1839 1037; x_wconf 91' lang='lat' dir='ltr'>valent</span> 
     </span>
    </p>

    <p class='ocr_par' dir='ltr' id='par_1_8' title="bbox 67 1061 1835 1117">
     <span class='ocr_line' id='line_1_13' title="bbox 67 1061 1835 1117; baseline 0.002 -13"><span class='ocrx_word' id='word_1_107' title='bbox 67 1061 190 1105; x_wconf 89' lang='lat' dir='ltr'>ultra</span> <span class='ocrx_word' id='word_1_108' title='bbox 212 1061 248 1103; x_wconf 96' lang='lat' dir='ltr'>L</span> <span class='ocrx_word' id='word_1_109' title='bbox 271 1062 414 1115; x_wconf 88' lang='lat' dir='ltr'>milia,</span> <span class='ocrx_word' id='word_1_110' title='bbox 438 1065 487 1104; x_wconf 92' lang='lat' dir='ltr'>ut</span> <span class='ocrx_word' id='word_1_111' title='bbox 509 1061 674 1115; x_wconf 90' lang='lat' dir='ltr'>fertur,</span> <span class='ocrx_word' id='word_1_112' title='bbox 700 1066 743 1105; x_wconf 88' lang='lat' dir='ltr'>et</span> <span class='ocrx_word' id='word_1_113' title='bbox 767 1075 853 1104; x_wconf 82' lang='lat' dir='ltr'>rex</span> <span class='ocrx_word' id='word_1_114' title='bbox 877 1063 1137 1117; x_wconf 85' lang='lat' dir='ltr'>assignaret</span> <span class='ocrx_word' id='word_1_115' title='bbox 1161 1064 1232 1107; x_wconf 90' lang='lat' dir='ltr'>eis</span> <span class='ocrx_word' id='word_1_116' title='bbox 1255 1068 1510 1117; x_wconf 81' lang='lat' dir='ltr'>proventus</span> <span class='ocrx_word' id='word_1_117' title='bbox 1535 1065 1582 1107; x_wconf 93' lang='lat' dir='ltr'>in</span> <span class='ocrx_word' id='word_1_118' title='bbox 1606 1064 1835 1108; x_wconf 90' lang='lat' dir='ltr'>Sardinia.</span> 
     </span>
    </p>

    <p class='ocr_par' dir='ltr' id='par_1_9' title="bbox 65 1131 1837 1257">
     <span class='ocr_line' id='line_1_14' title="bbox 184 1131 1837 1189; baseline 0.002 -15"><span class='ocrx_word' id='word_1_119' title='bbox 184 1131 362 1186; x_wconf 91' lang='lat' dir='ltr'>Tercio,</span> <span class='ocrx_word' id='word_1_120' title='bbox 394 1132 518 1186; x_wconf 91' lang='lat' dir='ltr'>quod</span> <span class='ocrx_word' id='word_1_121' title='bbox 549 1136 779 1187; x_wconf 90' lang='lat' dir='ltr'>perpetuo</span> <span class='ocrx_word' id='word_1_122' title='bbox 812 1134 1002 1176; x_wconf 88' lang='lat' dir='ltr'>daretur</span> <span class='ocrx_word' id='word_1_123' title='bbox 1035 1134 1134 1188; x_wconf 85' lang='lat' dir='ltr'>regi</span> <span class='ocrx_word' id='word_1_124' title='bbox 1165 1134 1433 1188; x_wconf 87' lang='lat' dir='ltr'>Aragonum</span> <span class='ocrx_word' id='word_1_125' title='bbox 1467 1148 1608 1189; x_wconf 90' lang='lat' dir='ltr'>super</span> <span class='ocrx_word' id='word_1_126' title='bbox 1640 1148 1837 1189; x_wconf 91' lang='lat' dir='ltr'>proven-</span> 
     </span>
     <span class='ocr_line' id='line_1_15' title="bbox 65 1202 1039 1257; baseline 0.002 -12"><span class='ocrx_word' id='word_1_127' title='bbox 65 1202 189 1246; x_wconf 91' lang='lat' dir='ltr'>tibus</span> <span class='ocrx_word' id='word_1_128' title='bbox 214 1203 541 1246; x_wconf 87' lang='lat' dir='ltr'>ecclesiasticis</span> <span class='ocrx_word' id='word_1_129' title='bbox 568 1204 700 1257; x_wconf 87' lang='lat' dir='ltr'>regni</span> <span class='ocrx_word' id='word_1_130' title='bbox 727 1216 820 1247; x_wconf 89' lang='lat' dir='ltr'>una</span> <span class='ocrx_word' id='word_1_131' title='bbox 847 1204 1039 1247; x_wconf 90' lang='lat' dir='ltr'>decima.</span> 
     </span>
    </p>

    <p class='ocr_par' dir='ltr' id='par_1_10' title="bbox 5 1274 1836 1330">
     <span class='ocr_line' id='line_1_16' title="bbox 5 1274 1836 1330; baseline 0.002 -14"><span class='ocrx_word' id='word_1_132' title='bbox 5 1316 9 1320; x_wconf 83' lang='grc'>,</span> <span class='ocrx_word' id='word_1_133' title='bbox 182 1274 368 1328; x_wconf 87' lang='lat' dir='ltr'>Quarto,</span> <span class='ocrx_word' id='word_1_134' title='bbox 400 1274 524 1328; x_wconf 93' lang='lat' dir='ltr'>quod</span> <span class='ocrx_word' id='word_1_135' title='bbox 554 1274 744 1317; x_wconf 90' lang='lat' dir='ltr'>daretur</span> <span class='ocrx_word' id='word_1_136' title='bbox 775 1275 874 1329; x_wconf 86' lang='lat' dir='ltr'>regi</span> <span class='ocrx_word' id='word_1_137' title='bbox 905 1276 1173 1329; x_wconf 87' lang='lat' dir='ltr'>Aragonum</span> <span class='ocrx_word' id='word_1_138' title='bbox 1202 1279 1431 1329; x_wconf 91' lang='lat' dir='ltr'>perpetuo</span> <span class='ocrx_word' id='word_1_139' title='bbox 1461 1277 1533 1318; x_wconf 89' lang='lat' dir='ltr'>ius</span> <span class='ocrx_word' id='word_1_140' title='bbox 1563 1279 1836 1330; x_wconf 89' lang='lat' dir='ltr'>patronatus</span> 
     </span>
    </p>

    <p class='ocr_par' dir='ltr' id='par_1_11' title="bbox 0 1344 1775 1399">
     <span class='ocr_line' id='line_1_17' title="bbox 0 1344 1775 1399; baseline 0.002 -12"><span class='ocrx_word' id='word_1_141' title='bbox 0 1360 3 1366; x_wconf 93' lang='lat'><em>·</em></span> <span class='ocrx_word' id='word_1_142' title='bbox 67 1345 115 1387; x_wconf 89' lang='lat' dir='ltr'>in</span> <span class='ocrx_word' id='word_1_143' title='bbox 135 1344 352 1388; x_wconf 93' lang='lat' dir='ltr'>omnibus</span> <span class='ocrx_word' id='word_1_144' title='bbox 374 1345 600 1399; x_wconf 91' lang='lat' dir='ltr'>ecclesiis,</span> <span class='ocrx_word' id='word_1_145' title='bbox 624 1346 922 1388; x_wconf 89' lang='lat' dir='ltr'>monasteriis</span> <span class='ocrx_word' id='word_1_146' title='bbox 946 1349 991 1388; x_wconf 91' lang='lat' dir='ltr'>et</span> <span class='ocrx_word' id='word_1_147' title='bbox 1014 1346 1262 1388; x_wconf 90' lang='lat' dir='ltr'>beneficiis</span> <span class='ocrx_word' id='word_1_148' title='bbox 1286 1347 1453 1390; x_wconf 91' lang='lat' dir='ltr'>Secilie</span> <span class='ocrx_word' id='word_1_149' title='bbox 1478 1351 1523 1390; x_wconf 91' lang='lat' dir='ltr'>et</span> <span class='ocrx_word' id='word_1_150' title='bbox 1546 1347 1775 1390; x_wconf 91' lang='lat' dir='ltr'>Sardinie.</span> 
     </span>
    </p>

    <p class='ocr_par' dir='ltr' id='par_1_12' title="bbox 0 1404 1833 1470">
     <span class='ocr_line' id='line_1_18' title="bbox 0 1404 1833 1470; baseline 0.001 -12"><span class='ocrx_word' id='word_1_151' title='bbox 0 1404 2 1407; x_wconf 35' lang='lat'>⁵</span> <span class='ocrx_word' id='word_1_152' title='bbox 181 1415 363 1470; x_wconf 85' lang='lat' dir='ltr'>Quinto,</span> <span class='ocrx_word' id='word_1_153' title='bbox 401 1416 539 1469; x_wconf 91' lang='lat' dir='ltr'>quod,</span> <span class='ocrx_word' id='word_1_154' title='bbox 578 1429 678 1458; x_wconf 92' lang='lat' dir='ltr'>cum</span> <span class='ocrx_word' id='word_1_155' title='bbox 719 1429 745 1459; x_wconf 89' lang='lat' dir='ltr'>a</span> <span class='ocrx_word' id='word_1_156' title='bbox 782 1420 991 1470; x_wconf 90' lang='lat' dir='ltr'>tempore</span> <span class='ocrx_word' id='word_1_157' title='bbox 1031 1417 1364 1460; x_wconf 90' lang='lat' dir='ltr'>subtraccionis</span> <span class='ocrx_word' id='word_1_158' title='bbox 1403 1417 1675 1460; x_wconf 91' lang='lat' dir='ltr'>obediencie</span> <span class='ocrx_word' id='word_1_159' title='bbox 1713 1418 1833 1461; x_wconf 89' lang='lat' dir='ltr'>facte</span> 
     </span>
    </p>

    <p class='ocr_par' dir='ltr' id='par_1_13' title="bbox 0 1486 1835 1684">
     <span class='ocr_line' id='line_1_19' title="bbox 0 1486 1835 1542; baseline -0.001 -11"><span class='ocrx_word' id='word_1_160' title='bbox 0 1527 2 1531; x_wconf 80' lang='grc'>,</span> <span class='ocrx_word' id='word_1_161' title='bbox 65 1498 149 1539; x_wconf 90' lang='lat' dir='ltr'>per</span> <span class='ocrx_word' id='word_1_162' title='bbox 178 1498 286 1529; x_wconf 90' lang='lat' dir='ltr'>eum</span> <span class='ocrx_word' id='word_1_163' title='bbox 316 1486 456 1529; x_wconf 90' lang='lat' dir='ltr'>Petro</span> <span class='ocrx_word' id='word_1_164' title='bbox 488 1487 544 1529; x_wconf 92' lang='lat' dir='ltr'>de</span> <span class='ocrx_word' id='word_1_165' title='bbox 577 1487 710 1530; x_wconf 87' lang='lat' dir='ltr'>Luna</span> <span class='ocrx_word' id='word_1_166' title='bbox 738 1487 840 1541; x_wconf 93' lang='lat' dir='ltr'>ipse</span> <span class='ocrx_word' id='word_1_167' title='bbox 872 1499 957 1529; x_wconf 85' lang='lat' dir='ltr'>rex</span> <span class='ocrx_word' id='word_1_168' title='bbox 988 1488 1219 1541; x_wconf 89' lang='lat' dir='ltr'>receperit</span> <span class='ocrx_word' id='word_1_169' title='bbox 1250 1501 1412 1531; x_wconf 91' lang='lat' dir='ltr'>omnes</span> <span class='ocrx_word' id='word_1_170' title='bbox 1442 1491 1697 1542; x_wconf 85' lang='lat' dir='ltr'>proventus</span> <span class='ocrx_word' id='word_1_171' title='bbox 1728 1501 1835 1542; x_wconf 89' lang='lat' dir='ltr'>apo-</span> 
     </span>
     <span class='ocr_line' id='line_1_20' title="bbox 66 1557 1833 1612; baseline 0.001 -12"><span class='ocrx_word' id='word_1_172' title='bbox 66 1557 225 1600; x_wconf 86' lang='lat' dir='ltr'>stolice</span> <span class='ocrx_word' id='word_1_173' title='bbox 261 1569 461 1612; x_wconf 88' lang='lat' dir='ltr'>camere,</span> <span class='ocrx_word' id='word_1_174' title='bbox 500 1558 655 1601; x_wconf 91' lang='lat' dir='ltr'>omnia</span> <span class='ocrx_word' id='word_1_175' title='bbox 692 1558 781 1601; x_wconf 92' lang='lat' dir='ltr'>sibi</span> <span class='ocrx_word' id='word_1_176' title='bbox 819 1559 1182 1601; x_wconf 88' lang='lat' dir='ltr'>remitterentur.</span> <span class='ocrx_word' id='word_1_177' title='bbox 1233 1559 1288 1601; x_wconf 82' lang='lat' dir='ltr'>Et</span> <span class='ocrx_word' id='word_1_178' title='bbox 1323 1559 1408 1601; x_wconf 94' lang='lat' dir='ltr'>hoc</span> <span class='ocrx_word' id='word_1_179' title='bbox 1445 1559 1656 1602; x_wconf 92' lang='lat' dir='ltr'>ultimum</span> <span class='ocrx_word' id='word_1_180' title='bbox 1694 1559 1833 1602; x_wconf 85' lang='lat' dir='ltr'>facile</span> 
     </span>
     <span class='ocr_line' id='line_1_21' title="bbox 65 1627 1609 1684; baseline 0.002 -15"><span class='ocrx_word' id='word_1_181' title='bbox 65 1639 349 1678; x_wconf 81' lang='lat' dir='ltr'>concessum.</span> <span class='ocrx_word' id='word_1_182' title='bbox 389 1627 457 1670; x_wconf 89' lang='lat' dir='ltr'>De</span> <span class='ocrx_word' id='word_1_183' title='bbox 484 1629 652 1671; x_wconf 90' lang='lat' dir='ltr'>ceteris</span> <span class='ocrx_word' id='word_1_184' title='bbox 681 1628 824 1672; x_wconf 93' lang='lat' dir='ltr'>dilata</span> <span class='ocrx_word' id='word_1_185' title='bbox 849 1630 1097 1683; x_wconf 91' lang='lat' dir='ltr'>responsio</span> <span class='ocrx_word' id='word_1_186' title='bbox 1123 1633 1168 1672; x_wconf 91' lang='lat' dir='ltr'>et</span> <span class='ocrx_word' id='word_1_187' title='bbox 1195 1633 1401 1672; x_wconf 84' lang='lat' dir='ltr'>extracta</span> <span class='ocrx_word' id='word_1_188' title='bbox 1427 1629 1609 1684; x_wconf 89' lang='lat' dir='ltr'>peticio.</span> 
     </span>
    </p>

    <p class='ocr_par' dir='ltr' id='par_1_14' title="bbox 64 1698 1834 1966">
     <span class='ocr_line' id='line_1_22' title="bbox 180 1698 1834 1754; baseline 0 -12"><span class='ocrx_word' id='word_1_189' title='bbox 180 1698 268 1742; x_wconf 92' lang='lat' dir='ltr'>Die</span> <span class='ocrx_word' id='word_1_190' title='bbox 293 1699 454 1742; x_wconf 89' lang='lat' dir='ltr'>martis</span> <span class='ocrx_word' id='word_1_191' title='bbox 481 1700 637 1743; x_wconf 85' lang='lat' dir='ltr'>XIIII.</span> <span class='ocrx_word' id='word_1_192' title='bbox 666 1699 937 1742; x_wconf 86' lang='lat' dir='ltr'>Decembris</span> <span class='ocrx_word' id='word_1_193' title='bbox 965 1713 1087 1754; x_wconf 91' lang='lat' dir='ltr'>papa</span> <span class='ocrx_word' id='word_1_194' title='bbox 1114 1700 1222 1743; x_wconf 89' lang='lat' dir='ltr'>fecit</span> <span class='ocrx_word' id='word_1_195' title='bbox 1248 1700 1594 1754; x_wconf 82' lang='lat' dir='ltr'>professionem</span> <span class='ocrx_word' id='word_1_196' title='bbox 1620 1699 1737 1743; x_wconf 88' lang='lat' dir='ltr'>fidei</span> <span class='ocrx_word' id='word_1_197' title='bbox 1764 1712 1834 1743; x_wconf 90' lang='lat' dir='ltr'>ca-</span> 
     </span>
     <span class='ocr_line' id='line_1_23' title="bbox 64 1769 1834 1825; baseline 0.001 -13"><span class='ocrx_word' id='word_1_198' title='bbox 64 1769 231 1813; x_wconf 88' lang='lat' dir='ltr'>tholice</span> <span class='ocrx_word' id='word_1_199' title='bbox 271 1769 527 1812; x_wconf 91' lang='lat' dir='ltr'>secundum</span> <span class='ocrx_word' id='word_1_200' title='bbox 566 1771 804 1813; x_wconf 88' lang='lat' dir='ltr'>decretum</span> <span class='ocrx_word' id='word_1_201' title='bbox 843 1770 1025 1813; x_wconf 89' lang='lat' dir='ltr'>concilii</span> <span class='ocrx_word' id='word_1_202' title='bbox 1066 1783 1209 1825; x_wconf 92' lang='lat' dir='ltr'>super</span> <span class='ocrx_word' id='word_1_203' title='bbox 1247 1771 1334 1813; x_wconf 89' lang='lat' dir='ltr'>hoc</span> <span class='ocrx_word' id='word_1_204' title='bbox 1373 1771 1562 1825; x_wconf 89' lang='lat' dir='ltr'>editum,</span> <span class='ocrx_word' id='word_1_205' title='bbox 1602 1771 1725 1825; x_wconf 90' lang='lat' dir='ltr'>quod</span> <span class='ocrx_word' id='word_1_206' title='bbox 1762 1774 1834 1814; x_wconf 92' lang='lat' dir='ltr'>est</span> 
     </span>
     <span class='ocr_line' id='line_1_24' title="bbox 65 1839 1834 1896; baseline -0.001 -13"><span class='ocrx_word' id='word_1_207' title='bbox 65 1851 220 1894; x_wconf 91' lang='lat' dir='ltr'>supra,</span> <span class='ocrx_word' id='word_1_208' title='bbox 249 1843 297 1884; x_wconf 91' lang='lat' dir='ltr'>et</span> <span class='ocrx_word' id='word_1_209' title='bbox 324 1839 436 1884; x_wconf 90' lang='lat' dir='ltr'>fecit</span> <span class='ocrx_word' id='word_1_210' title='bbox 465 1854 569 1884; x_wconf 91' lang='lat' dir='ltr'>eam</span> <span class='ocrx_word' id='word_1_211' title='bbox 600 1842 648 1883; x_wconf 92' lang='lat' dir='ltr'>in</span> <span class='ocrx_word' id='word_1_212' title='bbox 680 1842 862 1895; x_wconf 89' lang='lat' dir='ltr'>capella</span> <span class='ocrx_word' id='word_1_213' title='bbox 892 1854 977 1884; x_wconf 92' lang='lat' dir='ltr'>sua</span> <span class='ocrx_word' id='word_1_214' title='bbox 1007 1844 1112 1896; x_wconf 94' lang='lat' dir='ltr'>post</span> <span class='ocrx_word' id='word_1_215' title='bbox 1142 1842 1332 1885; x_wconf 91' lang='lat' dir='ltr'>missam</span> <span class='ocrx_word' id='word_1_216' title='bbox 1364 1841 1624 1885; x_wconf 89' lang='lat' dir='ltr'>convocatis</span> <span class='ocrx_word' id='word_1_217' title='bbox 1654 1845 1700 1885; x_wconf 91' lang='lat' dir='ltr'>et</span> <span class='ocrx_word' id='word_1_218' title='bbox 1729 1853 1834 1896; x_wconf 90' lang='lat' dir='ltr'>pre-</span> 
     </span>
     <span class='ocr_line' id='line_1_25' title="bbox 65 1911 1832 1966; baseline 0.001 -12"><span class='ocrx_word' id='word_1_219' title='bbox 65 1911 275 1955; x_wconf 88' lang='lat' dir='ltr'>sentibus</span> <span class='ocrx_word' id='word_1_220' title='bbox 301 1911 584 1955; x_wconf 90' lang='lat' dir='ltr'>electoribus</span> <span class='ocrx_word' id='word_1_221' title='bbox 613 1913 724 1966; x_wconf 93' lang='lat' dir='ltr'>suis‚</span> <span class='ocrx_word' id='word_1_222' title='bbox 753 1913 861 1966; x_wconf 89' lang='lat' dir='ltr'>quia</span> <span class='ocrx_word' id='word_1_223' title='bbox 889 1925 975 1966; x_wconf 90' lang='lat' dir='ltr'>per</span> <span class='ocrx_word' id='word_1_224' title='bbox 1003 1912 1399 1955; x_wconf 90' lang='lat' dir='ltr'>inadvertenciam</span> <span class='ocrx_word' id='word_1_225' title='bbox 1427 1912 1583 1955; x_wconf 90' lang='lat' dir='ltr'>fuerat</span> <span class='ocrx_word' id='word_1_226' title='bbox 1610 1913 1832 1955; x_wconf 91' lang='lat' dir='ltr'>omissum</span> 
     </span>
    </p>

    <p class='ocr_par' dir='ltr' id='par_1_15' title="bbox 0 1981 1833 2954">
     <span class='ocr_line' id='line_1_26' title="bbox 0 1981 1833 2037; baseline 0 -13"><span class='ocrx_word' id='word_1_227' title='bbox 0 2004 18 2019; x_wconf 59' lang='lat' dir='ltr'>s</span> <span class='ocrx_word' id='word_1_228' title='bbox 64 1981 192 2025; x_wconf 89' lang='lat' dir='ltr'>illam</span> <span class='ocrx_word' id='word_1_229' title='bbox 217 1981 376 2026; x_wconf 86' lang='lat' dir='ltr'>facere</span> <span class='ocrx_word' id='word_1_230' title='bbox 404 1982 452 2024; x_wconf 92' lang='lat' dir='ltr'>in</span> <span class='ocrx_word' id='word_1_231' title='bbox 480 1983 700 2025; x_wconf 88' lang='lat' dir='ltr'>conclavi.</span> <span class='ocrx_word' id='word_1_232' title='bbox 741 1982 883 2025; x_wconf 93' lang='lat' dir='ltr'>Cuius</span> <span class='ocrx_word' id='word_1_233' title='bbox 909 1982 1222 2036; x_wconf 86' lang='lat' dir='ltr'>professionis</span> <span class='ocrx_word' id='word_1_234' title='bbox 1248 1987 1383 2026; x_wconf 92' lang='lat' dir='ltr'>tenor</span> <span class='ocrx_word' id='word_1_235' title='bbox 1411 1983 1629 2037; x_wconf 89' lang='lat' dir='ltr'>superius</span> <span class='ocrx_word' id='word_1_236' title='bbox 1657 1986 1727 2026; x_wconf 92' lang='lat' dir='ltr'>est</span> <span class='ocrx_word' id='word_1_237' title='bbox 1756 1983 1833 2025; x_wconf 91' lang='lat' dir='ltr'>de-</span> 
     </span>
     <span class='ocr_line' id='line_1_27' title="bbox 65 2053 1256 2110; baseline 0.007 -15"><span class='ocrx_word' id='word_1_238' title='bbox 65 2053 276 2106; x_wconf 85' lang='lat' dir='ltr'>scriptus.</span> <span class='ocrx_word' id='word_1_239' title='bbox 1254 2108 1256 2110; x_wconf 57' lang='grc'><strong>,</strong></span> 
     </span>
     <span class='ocr_line' id='line_1_28' title="bbox 184 2123 1831 2179; baseline 0 -13"><span class='ocrx_word' id='word_1_240' title='bbox 184 2123 310 2167; x_wconf 90' lang='lat' dir='ltr'>Inter</span> <span class='ocrx_word' id='word_1_241' title='bbox 329 2124 415 2166; x_wconf 92' lang='lat' dir='ltr'>hec</span> <span class='ocrx_word' id='word_1_242' title='bbox 437 2123 517 2166; x_wconf 92' lang='lat' dir='ltr'>diu</span> <span class='ocrx_word' id='word_1_243' title='bbox 537 2127 780 2166; x_wconf 88' lang='lat' dir='ltr'>tractatum</span> <span class='ocrx_word' id='word_1_244' title='bbox 802 2128 872 2167; x_wconf 85' lang='lat' dir='ltr'>est</span> <span class='ocrx_word' id='word_1_245' title='bbox 894 2137 980 2178; x_wconf 90' lang='lat' dir='ltr'>per</span> <span class='ocrx_word' id='word_1_246' title='bbox 1001 2124 1265 2168; x_wconf 91' lang='lat' dir='ltr'>cardinales</span> <span class='ocrx_word' id='word_1_247' title='bbox 1288 2124 1532 2179; x_wconf 91' lang='lat' dir='ltr'>deputatos</span> <span class='ocrx_word' id='word_1_248' title='bbox 1553 2137 1640 2179; x_wconf 89' lang='lat' dir='ltr'>per</span> <span class='ocrx_word' id='word_1_249' title='bbox 1661 2136 1831 2178; x_wconf 91' lang='lat' dir='ltr'>papam</span> 
     </span>
     <span class='ocr_line' id='line_1_29' title="bbox 64 2193 1830 2249; baseline 0 -13"><span class='ocrx_word' id='word_1_250' title='bbox 64 2196 109 2236; x_wconf 85' lang='lat' dir='ltr'>et</span> <span class='ocrx_word' id='word_1_251' title='bbox 131 2193 376 2248; x_wconf 84' lang='lat' dir='ltr'>deputatos</span> <span class='ocrx_word' id='word_1_252' title='bbox 398 2195 645 2237; x_wconf 87' lang='lat' dir='ltr'>nacionum</span> <span class='ocrx_word' id='word_1_253' title='bbox 670 2208 811 2248; x_wconf 90' lang='lat' dir='ltr'>super</span> <span class='ocrx_word' id='word_1_254' title='bbox 836 2194 1191 2237; x_wconf 88' lang='lat' dir='ltr'>reformacione.</span> <span class='ocrx_word' id='word_1_255' title='bbox 1228 2195 1283 2237; x_wconf 90' lang='lat' dir='ltr'>Et</span> <span class='ocrx_word' id='word_1_256' title='bbox 1306 2195 1583 2249; x_wconf 89' lang='lat' dir='ltr'>inceperunt</span> <span class='ocrx_word' id='word_1_257' title='bbox 1606 2207 1746 2248; x_wconf 90' lang='lat' dir='ltr'>agere</span> <span class='ocrx_word' id='word_1_258' title='bbox 1772 2194 1830 2237; x_wconf 91' lang='lat' dir='ltr'>de</span> 
     </span>
     <span class='ocr_line' id='line_1_30' title="bbox 23 2263 1831 2321; baseline 0.001 -16"><span class='ocrx_word' id='word_1_259' title='bbox 23 2267 31 2272; x_wconf 86' lang='grc'><em>“</em></span> <span class='ocrx_word' id='word_1_260' title='bbox 64 2263 375 2308; x_wconf 86' lang='lat' dir='ltr'>eleccionibus</span> <span class='ocrx_word' id='word_1_261' title='bbox 401 2269 446 2308; x_wconf 90' lang='lat' dir='ltr'>et</span> <span class='ocrx_word' id='word_1_262' title='bbox 473 2265 915 2309; x_wconf 91' lang='lat' dir='ltr'>confirmacionibus</span> <span class='ocrx_word' id='word_1_263' title='bbox 941 2266 1302 2321; x_wconf 90' lang='lat' dir='ltr'>prelaturarum,</span> <span class='ocrx_word' id='word_1_264' title='bbox 1331 2265 1664 2308; x_wconf 91' lang='lat' dir='ltr'>collacionibus</span> <span class='ocrx_word' id='word_1_265' title='bbox 1690 2265 1831 2307; x_wconf 90' lang='lat' dir='ltr'>bene-</span> 
     </span>
     <span class='ocr_line' id='line_1_31' title="bbox 60 2332 1830 2390; baseline 0 -13"><span class='ocrx_word' id='word_1_266' title='bbox 60 2332 290 2389; x_wconf 81' lang='lat' dir='ltr'>ficiorum,</span> <span class='ocrx_word' id='word_1_267' title='bbox 316 2348 459 2390; x_wconf 92' lang='lat' dir='ltr'>super</span> <span class='ocrx_word' id='word_1_268' title='bbox 486 2336 655 2389; x_wconf 91' lang='lat' dir='ltr'>quibus</span> <span class='ocrx_word' id='word_1_269' title='bbox 681 2339 807 2379; x_wconf 87' lang='lat' dir='ltr'>tanta</span> <span class='ocrx_word' id='word_1_270' title='bbox 831 2336 920 2378; x_wconf 90' lang='lat' dir='ltr'>fuit</span> <span class='ocrx_word' id='word_1_271' title='bbox 945 2336 1066 2378; x_wconf 88' lang='lat' dir='ltr'>inter</span> <span class='ocrx_word' id='word_1_272' title='bbox 1094 2336 1339 2390; x_wconf 89' lang='lat' dir='ltr'>deputatos</span> <span class='ocrx_word' id='word_1_273' title='bbox 1364 2336 1610 2378; x_wconf 90' lang='lat' dir='ltr'>nacionum</span> <span class='ocrx_word' id='word_1_274' title='bbox 1637 2338 1682 2379; x_wconf 93' lang='lat' dir='ltr'>et</span> <span class='ocrx_word' id='word_1_275' title='bbox 1708 2335 1830 2378; x_wconf 90' lang='lat' dir='ltr'>inter</span> 
     </span>
     <span class='ocr_line' id='line_1_32' title="bbox 3 2404 1831 2460; baseline 0.001 -14"><span class='ocrx_word' id='word_1_276' title='bbox 3 2430 9 2434; x_wconf 93' lang='lat'>-</span> <span class='ocrx_word' id='word_1_277' title='bbox 63 2404 281 2449; x_wconf 88' lang='lat' dir='ltr'>naciones</span> <span class='ocrx_word' id='word_1_278' title='bbox 308 2405 555 2450; x_wconf 90' lang='lat' dir='ltr'>diversitas</span> <span class='ocrx_word' id='word_1_279' title='bbox 581 2419 687 2459; x_wconf 88' lang='lat' dir='ltr'>ymo</span> <span class='ocrx_word' id='word_1_280' title='bbox 714 2410 758 2449; x_wconf 91' lang='lat' dir='ltr'>et</span> <span class='ocrx_word' id='word_1_281' title='bbox 785 2406 906 2449; x_wconf 92' lang='lat' dir='ltr'>inter</span> <span class='ocrx_word' id='word_1_282' title='bbox 933 2408 1174 2460; x_wconf 90' lang='lat' dir='ltr'>supposita</span> <span class='ocrx_word' id='word_1_283' title='bbox 1201 2406 1447 2450; x_wconf 90' lang='lat' dir='ltr'>cuiuslibet</span> <span class='ocrx_word' id='word_1_284' title='bbox 1474 2407 1698 2449; x_wconf 87' lang='lat' dir='ltr'>nacionis.</span> <span class='ocrx_word' id='word_1_285' title='bbox 1736 2405 1831 2448; x_wconf 92' lang='lat' dir='ltr'>Ali-</span> 
     </span>
     <span class='ocr_line' id='line_1_33' title="bbox 63 2469 1829 2531; baseline 0 -13"><span class='ocrx_word' id='word_1_286' title='bbox 63 2469 141 2529; x_wconf 86' lang='lat' dir='ltr'>qui</span> <span class='ocrx_word' id='word_1_287' title='bbox 165 2476 304 2531; x_wconf 90' lang='lat' dir='ltr'>enim,</span> <span class='ocrx_word' id='word_1_288' title='bbox 330 2477 530 2520; x_wconf 87' lang='lat' dir='ltr'>maxime</span> <span class='ocrx_word' id='word_1_289' title='bbox 558 2477 795 2530; x_wconf 90' lang='lat' dir='ltr'>Germani,</span> <span class='ocrx_word' id='word_1_290' title='bbox 820 2477 1053 2531; x_wconf 89' lang='lat' dir='ltr'>volebant,</span> <span class='ocrx_word' id='word_1_291' title='bbox 1080 2477 1203 2531; x_wconf 90' lang='lat' dir='ltr'>quod</span> <span class='ocrx_word' id='word_1_292' title='bbox 1228 2477 1488 2520; x_wconf 90' lang='lat' dir='ltr'>elecciones</span> <span class='ocrx_word' id='word_1_293' title='bbox 1514 2480 1559 2520; x_wconf 90' lang='lat' dir='ltr'>et</span> <span class='ocrx_word' id='word_1_294' title='bbox 1584 2476 1829 2520; x_wconf 90' lang='lat' dir='ltr'>confirma-</span> 
     </span>
     <span class='ocr_line' id='line_1_34' title="bbox 62 2545 1828 2601; baseline 0.001 -13"><span class='ocrx_word' id='word_1_295' title='bbox 62 2545 230 2601; x_wconf 89' lang='lat' dir='ltr'>ciones,</span> <span class='ocrx_word' id='word_1_296' title='bbox 261 2547 602 2591; x_wconf 86' lang='lat' dir='ltr'>beneficiorum</span> <span class='ocrx_word' id='word_1_297' title='bbox 636 2548 915 2590; x_wconf 90' lang='lat' dir='ltr'>collaciones</span> <span class='ocrx_word' id='word_1_298' title='bbox 949 2561 1008 2590; x_wconf 83' lang='lat' dir='ltr'>ex</span> <span class='ocrx_word' id='word_1_299' title='bbox 1040 2551 1133 2590; x_wconf 90' lang='lat' dir='ltr'>toto</span> <span class='ocrx_word' id='word_1_300' title='bbox 1166 2548 1320 2590; x_wconf 91' lang='lat' dir='ltr'>forent</span> <span class='ocrx_word' id='word_1_301' title='bbox 1355 2547 1609 2590; x_wconf 90' lang='lat' dir='ltr'>secundum</span> <span class='ocrx_word' id='word_1_302' title='bbox 1642 2547 1828 2589; x_wconf 92' lang='lat' dir='ltr'>modum</span> 
     </span>
     <span class='ocr_line' id='line_1_35' title="bbox 2 2614 1829 2672; baseline 0.001 -14"><span class='ocrx_word' id='word_1_303' title='bbox 2 2614 7 2619; x_wconf 82' lang='grc'><em>“</em></span> <span class='ocrx_word' id='word_1_304' title='bbox 35 2668 37 2671; x_wconf 18' lang='grc' dir='ltr'>ι</span> <span class='ocrx_word' id='word_1_305' title='bbox 64 2618 109 2658; x_wconf 89' lang='lat' dir='ltr'>et</span> <span class='ocrx_word' id='word_1_306' title='bbox 132 2616 344 2661; x_wconf 91' lang='lat' dir='ltr'>ordinem</span> <span class='ocrx_word' id='word_1_307' title='bbox 369 2618 486 2662; x_wconf 91' lang='lat' dir='ltr'>iuris</span> <span class='ocrx_word' id='word_1_308' title='bbox 511 2618 669 2672; x_wconf 89' lang='lat' dir='ltr'>scripti</span> <span class='ocrx_word' id='word_1_309' title='bbox 692 2631 778 2672; x_wconf 93' lang='lat' dir='ltr'>per</span> <span class='ocrx_word' id='word_1_310' title='bbox 803 2617 1066 2661; x_wconf 92' lang='lat' dir='ltr'>ordinarios</span> <span class='ocrx_word' id='word_1_311' title='bbox 1090 2621 1135 2660; x_wconf 91' lang='lat' dir='ltr'>et</span> <span class='ocrx_word' id='word_1_312' title='bbox 1160 2631 1330 2672; x_wconf 92' lang='lat' dir='ltr'>papam</span> <span class='ocrx_word' id='word_1_313' title='bbox 1355 2619 1402 2660; x_wconf 92' lang='lat' dir='ltr'>in</span> <span class='ocrx_word' id='word_1_314' title='bbox 1428 2617 1656 2672; x_wconf 85' lang='lat' dir='ltr'>exemptis</span> <span class='ocrx_word' id='word_1_315' title='bbox 1682 2621 1728 2660; x_wconf 93' lang='lat' dir='ltr'>et</span> <span class='ocrx_word' id='word_1_316' title='bbox 1752 2617 1829 2659; x_wconf 91' lang='lat' dir='ltr'>de-</span> 
     </span>
     <span class='ocr_line' id='line_1_36' title="bbox 20 2687 1826 2743; baseline 0.001 -14"><span class='ocrx_word' id='word_1_317' title='bbox 20 2715 24 2717; x_wconf 64' lang='grc'><strong>»</strong></span> <span class='ocrx_word' id='word_1_318' title='bbox 64 2687 229 2732; x_wconf 89' lang='lat' dir='ltr'>volutis</span> <span class='ocrx_word' id='word_1_319' title='bbox 251 2691 300 2732; x_wconf 88' lang='lat' dir='ltr'>et</span> <span class='ocrx_word' id='word_1_320' title='bbox 322 2690 577 2732; x_wconf 89' lang='lat' dir='ltr'>reservatis</span> <span class='ocrx_word' id='word_1_321' title='bbox 602 2689 649 2731; x_wconf 93' lang='lat' dir='ltr'>in</span> <span class='ocrx_word' id='word_1_322' title='bbox 674 2689 788 2733; x_wconf 88' lang='lat' dir='ltr'>iure.</span> <span class='ocrx_word' id='word_1_323' title='bbox 829 2690 956 2742; x_wconf 89' lang='lat' dir='ltr'>Papa</span> <span class='ocrx_word' id='word_1_324' title='bbox 982 2692 1135 2731; x_wconf 89' lang='lat' dir='ltr'>autem</span> <span class='ocrx_word' id='word_1_325' title='bbox 1160 2692 1319 2742; x_wconf 91' lang='lat' dir='ltr'>posset</span> <span class='ocrx_word' id='word_1_326' title='bbox 1343 2701 1539 2743; x_wconf 87' lang='lat' dir='ltr'>gravare</span> <span class='ocrx_word' id='word_1_327' title='bbox 1565 2687 1826 2731; x_wconf 88' lang='lat' dir='ltr'>ordinarios</span> 
     </span>
     <span class='ocr_line' id='line_1_37' title="bbox 65 2755 1827 2814; baseline 0.001 -15"><span class='ocrx_word' id='word_1_328' title='bbox 65 2755 121 2800; x_wconf 91' lang='lat' dir='ltr'>de</span> <span class='ocrx_word' id='word_1_329' title='bbox 142 2770 235 2802; x_wconf 94' lang='lat' dir='ltr'>uno</span> <span class='ocrx_word' id='word_1_330' title='bbox 255 2759 490 2803; x_wconf 90' lang='lat' dir='ltr'>beneficio</span> <span class='ocrx_word' id='word_1_331' title='bbox 513 2760 561 2802; x_wconf 91' lang='lat' dir='ltr'>in</span> <span class='ocrx_word' id='word_1_332' title='bbox 584 2759 752 2802; x_wconf 88' lang='lat' dir='ltr'>forma:</span> <span class='ocrx_word' id='word_1_333' title='bbox 791 2759 837 2801; x_wconf 89' lang='lat' dir='ltr'>Si</span> <span class='ocrx_word' id='word_1_334' title='bbox 860 2772 945 2814; x_wconf 93' lang='lat' dir='ltr'>pro</span> <span class='ocrx_word' id='word_1_335' title='bbox 967 2760 1060 2802; x_wconf 93' lang='lat' dir='ltr'>alio</span> <span class='ocrx_word' id='word_1_336' title='bbox 1082 2772 1175 2802; x_wconf 91' lang='lat' dir='ltr'>non</span> <span class='ocrx_word' id='word_1_337' title='bbox 1199 2759 1539 2813; x_wconf 87' lang='lat' dir='ltr'>scripserimus.</span> <span class='ocrx_word' id='word_1_338' title='bbox 1573 2758 1681 2812; x_wconf 90' lang='lat' dir='ltr'>Alii,</span> <span class='ocrx_word' id='word_1_339' title='bbox 1703 2757 1827 2812; x_wconf 90' lang='lat' dir='ltr'>quod</span> 
     </span>
     <span class='ocr_line' id='line_1_38' title="bbox 64 2826 1826 2884; baseline 0.001 -16"><span class='ocrx_word' id='word_1_340' title='bbox 64 2826 234 2872; x_wconf 84' lang='lat' dir='ltr'>fierent</span> <span class='ocrx_word' id='word_1_341' title='bbox 252 2830 529 2884; x_wconf 90' lang='lat' dir='ltr'>elecciones,</span> <span class='ocrx_word' id='word_1_342' title='bbox 549 2833 595 2872; x_wconf 91' lang='lat' dir='ltr'>et</span> <span class='ocrx_word' id='word_1_343' title='bbox 614 2830 672 2872; x_wconf 93' lang='lat' dir='ltr'>de</span> <span class='ocrx_word' id='word_1_344' title='bbox 693 2830 952 2873; x_wconf 92' lang='lat' dir='ltr'>minoribus</span> <span class='ocrx_word' id='word_1_345' title='bbox 972 2829 1225 2884; x_wconf 88' lang='lat' dir='ltr'>prelaturis</span> <span class='ocrx_word' id='word_1_346' title='bbox 1247 2829 1634 2873; x_wconf 89' lang='lat' dir='ltr'>confirmaciones</span> <span class='ocrx_word' id='word_1_347' title='bbox 1654 2828 1826 2871; x_wconf 89' lang='lat' dir='ltr'>fierent</span> 
     </span>
     <span class='ocr_line' id='line_1_39' title="bbox 62 2898 1824 2954; baseline -0.001 -14"><span class='ocrx_word' id='word_1_348' title='bbox 62 2908 148 2950; x_wconf 86' lang='lat' dir='ltr'>per</span> <span class='ocrx_word' id='word_1_349' title='bbox 165 2898 442 2954; x_wconf 89' lang='lat' dir='ltr'>ordinarios,</span> <span class='ocrx_word' id='word_1_350' title='bbox 464 2900 522 2943; x_wconf 89' lang='lat' dir='ltr'>de</span> <span class='ocrx_word' id='word_1_351' title='bbox 542 2900 797 2943; x_wconf 90' lang='lat' dir='ltr'>maioribus</span> <span class='ocrx_word' id='word_1_352' title='bbox 817 2912 902 2954; x_wconf 92' lang='lat' dir='ltr'>per</span> <span class='ocrx_word' id='word_1_353' title='bbox 922 2913 1109 2954; x_wconf 89' lang='lat' dir='ltr'>papam;</span> <span class='ocrx_word' id='word_1_354' title='bbox 1133 2903 1178 2942; x_wconf 93' lang='lat' dir='ltr'>et</span> <span class='ocrx_word' id='word_1_355' title='bbox 1198 2900 1531 2952; x_wconf 80' lang='lat' dir='ltr'>declararetur,</span> <span class='ocrx_word' id='word_1_356' title='bbox 1553 2911 1643 2952; x_wconf 92' lang='lat' dir='ltr'>que</span> <span class='ocrx_word' id='word_1_357' title='bbox 1664 2899 1824 2951; x_wconf 88' lang='lat' dir='ltr'>maior,</span> 
     </span>
    </p>
   </div>
   <div class='ocr_carea' id='block_1_3' title="bbox 61 3024 1826 3102">
    <p class='ocr_par' dir='ltr' id='par_1_16' title="bbox 61 3024 1826 3102">
     <span class='ocr_line' id='line_1_40' title="bbox 163 3024 1826 3061; baseline -0.001 -9"><span class='ocrx_word' id='word_1_358' title='bbox 163 3025 195 3059; x_wconf 75' lang='lat' dir='ltr'>a)</span> <span class='ocrx_word' id='word_1_359' title='bbox 216 3027 276 3054; x_wconf 81' lang='lat' dir='ltr'>et.</span> <span class='ocrx_word' id='word_1_360' title='bbox 325 3047 331 3053; x_wconf 93' lang='lat'>.</span> <span class='ocrx_word' id='word_1_361' title='bbox 354 3027 458 3055; x_wconf 82' lang='lat' dir='ltr'>eciam</span> <span class='ocrx_word' id='word_1_362' title='bbox 479 3027 560 3061; x_wconf 76' lang='lat' dir='ltr'>fehlt</span> <span class='ocrx_word' id='word_1_363' title='bbox 584 3028 611 3055; x_wconf 90' lang='grc' dir='ltr'><strong><em>Β</em></strong></span> <span class='ocrx_word' id='word_1_364' title='bbox 663 3028 696 3061; x_wconf 79' lang='lat' dir='ltr'>b)</span> <span class='ocrx_word' id='word_1_365' title='bbox 719 3028 748 3054; x_wconf 87' lang='lat' dir='ltr'><em>D</em></span> <span class='ocrx_word' id='word_1_366' title='bbox 769 3027 918 3055; x_wconf 75' lang='lat' dir='ltr'>celerem.</span> <span class='ocrx_word' id='word_1_367' title='bbox 964 3033 992 3060; x_wconf 80' lang='lat' dir='ltr'>c)</span> <span class='ocrx_word' id='word_1_368' title='bbox 1018 3028 1048 3059; x_wconf 74' lang='lat' dir='ltr'><em>C</em></span> <span class='ocrx_word' id='word_1_369' title='bbox 1070 3028 1098 3053; x_wconf 80' lang='lat'>1)</span> <span class='ocrx_word' id='word_1_370' title='bbox 1120 3026 1236 3060; x_wconf 69' lang='lat' dir='ltr'>Lilcke,</span> <span class='ocrx_word' id='word_1_371' title='bbox 1261 3028 1288 3054; x_wconf 84' lang='lat' dir='ltr'><em>B</em></span> <span class='ocrx_word' id='word_1_372' title='bbox 1307 3026 1389 3060; x_wconf 75' lang='lat' dir='ltr'>fehlt</span> <span class='ocrx_word' id='word_1_373' title='bbox 1410 3027 1467 3052; x_wconf 74' lang='lat' dir='ltr'>cler</span> <span class='ocrx_word' id='word_1_374' title='bbox 1487 3026 1535 3052; x_wconf 73' lang='lat' dir='ltr'>Na</span> <span class='ocrx_word' id='word_1_375' title='bbox 1544 3032 1588 3052; x_wconf 84' lang='lat' dir='ltr'>me</span> <span class='ocrx_word' id='word_1_376' title='bbox 1612 3025 1689 3053; x_wconf 84' lang='lat' dir='ltr'>ohne</span> <span class='ocrx_word' id='word_1_377' title='bbox 1714 3024 1826 3052; x_wconf 66' lang='lat' dir='ltr'>Lache.</span> 
     </span>
     <span class='ocr_line' id='line_1_41' title="bbox 61 3068 662 3102; baseline 0.008 -5"><span class='ocrx_word' id='word_1_378' title='bbox 61 3068 107 3097; x_wconf 70' lang='lat' dir='ltr'>Es</span> <span class='ocrx_word' id='word_1_379' title='bbox 123 3071 165 3099; x_wconf 67' lang='lat' dir='ltr'>det</span> <span class='ocrx_word' id='word_1_380' title='bbox 183 3072 242 3100; x_wconf 76' lang='lat' dir='ltr'>der</span> <span class='ocrx_word' id='word_1_381' title='bbox 262 3073 368 3102; x_wconf 76' lang='lat' dir='ltr'>Orden</span> <span class='ocrx_word' id='word_1_382' title='bbox 388 3082 450 3102; x_wconf 82' lang='lat' dir='ltr'>von</span> <span class='ocrx_word' id='word_1_383' title='bbox 472 3074 662 3102; x_wconf 74' lang='lat' dir='ltr'>Calatrava.</span> 
     </span>
    </p>
   </div>
   <div class='ocr_carea' id='block_1_4' title="bbox 130 3120 1608 3167">
    <p class='ocr_par' dir='ltr' id='par_1_17' title="bbox 130 3120 1608 3167">
     <span class='ocr_line' id='line_1_42' title="bbox 130 3120 1608 3167; baseline 0.003 -11"><span class='ocrx_word' id='word_1_384' title='bbox 130 3127 271 3167; x_wconf 77' lang='lat' dir='ltr'>Finke,</span> <span class='ocrx_word' id='word_1_385' title='bbox 291 3133 372 3161; x_wconf 77' lang='lat' dir='ltr'>Acta</span> <span class='ocrx_word' id='word_1_386' title='bbox 391 3132 523 3161; x_wconf 86' lang='lat' dir='ltr'>concilii</span> <span class='ocrx_word' id='word_1_387' title='bbox 545 3131 823 3161; x_wconf 74' lang='lat' dir='ltr'>constanciensis.</span> <span class='ocrx_word' id='word_1_388' title='bbox 842 3132 879 3160; x_wconf 86' lang='grc' dir='ltr'>Π.</span> <span class='ocrx_word' id='word_1_389' title='bbox 1560 3120 1608 3161; x_wconf 80' lang='lat'>11</span> 
     </span>
    </p>
   </div>
  </div>
 </body>
</html>
