2227 3434
263 114 546 150 Undatierbare
575 116 653 149 und
683 113 886 149 unsichere
918 113 1154 148 Konstanzer
1183 112 1389 157 Predigten
1419 114 1496 148 und
1526 113 1667 148 Reden.
1765 114 1850 157 529

81 234 448 288 Anonymus.
544 293 547 295 -
1371 232 1548 275 Januar
1581 232 1607 275 6
1641 231 1733 286 (ἓ).

200 303 358 338 Teaet:
397 303 448 338 Be
473 303 540 338 632
562 302 589 347 Τ.
616 303 692 338 100.

202 361 339 405 Cum
388 364 573 404 natus
621 364 795 403 esset
841 360 1072 404 ‚Jhesus
1125 360 1286 415 (Math.
1330 360 1386 414 II,
1426 361 1472 415 1)
1513 363 1706 414 propter
1743 361 1849 402 tria:

83 432 240 475 Primo
268 435 317 475 ut
343 444 429 475 nos
457 432 681 474 liberaret
710 444 735 474 a
764 431 1099 484 dampnacione
1127 434 1291 473 eterna
1321 465 1329 473 .
1365 465 1373 473 .
1409 465 1417 473 .

83 549 371 593 Andreas
409 549 659 592 GrecuS.

160 636 163 638 -
202 620 360 654 Tea-t.-
398 618 460 654 διε
482 620 528 655 33
549 619 575 663 f.
597 619 685 661 207‚·
715 619 754 652 W
777 619 868 654 5102
890 618 916 662 f.
939 619 995 653 26.

204 678 705 731 Dispensatores
786 676 1204 720 multiformis
1284 678 1498 730 gracie
1580 677 1688 719 Dei
1771 681 1854 720 etc,

89 749 147 803 (Ι.
188 748 315 791 Petri
355 761 452 803 cap.
496 749 586 804 III)
632 783 640 791 .
676 782 684 790 .
720 782 729 790 .
782 748 829 791 Si
870 748 973 801 quis
1014 751 1234 801 vestrum,
1275 747 1658 790 reverendissimi
1697 751 1856 802 patres

86 819 260 862 domini
288 819 554 862 cardinales
581 819 755 872 aliique
782 818 979 861 ecclesie
1009 818 1094 861 Dei
1121 819 1483 872 prestantissimi
1512 819 1730 872 presules
1759 852 1767 861 .
1803 852 1811 860 .
1847 855 1854 862 .

86 902 158 933 me
190 890 311 933 forte
344 923 352 933 .
388 924 397 932 .
433 924 441 933 .
474 890 714 944 indignum
747 902 851 932 esse
885 889 1069 943 iudicat,
1102 889 1226 942 quod
1256 890 1378 931 hunc
1404 893 1676 943 presentem
1708 890 1856 931 locum

86 973 241 1004 coram
271 964 426 1004 vestra
458 960 771 1003 sacratissima
801 961 1023 1003 concione
1053 964 1270 1003 oraturus
1301 960 1593 1002 ascenderim
1625 994 1634 1002 .
1670 994 1678 1002 .
1714 994 1722 1002 .
1766 959 1858 1003 Sed

86 1032 159 1074 hic
187 1031 601 1075 christianissimus
632 1032 885 1085 imperator
915 1065 924 1074 .
959 1065 968 1073 .
1004 1066 1012 1074 .
1042 1031 1117 1073 hic
1146 1031 1366 1084 princeps
1396 1031 1697 1074 felicissimus
1728 1032 1859 1072 innu-

88 1115 265 1146 meram
300 1103 431 1146 illam
470 1103 719 1145 Torcorum
756 1105 942 1156 gentem
980 1103 1096 1144 mari
1134 1105 1353 1155 terraque
1390 1105 1627 1155 potentem
1666 1105 1730 1145 tot
1768 1103 1858 1144 iam

88 1173 354 1217 labentibus
376 1174 515 1217 annis
540 1186 661 1216 nunc
687 1173 808 1216 fudit
830 1186 953 1215 nunc
978 1173 1199 1226 pepulit¹)
1230 1207 1239 1215 .
1275 1206 1283 1215 .
1319 1206 1327 1214 .
1365 1173 1420 1215 Et
1444 1172 1645 1226 primum
1671 1172 1859 1226 quidem

89 1244 187 1287 Deo
214 1244 424 1298 propicio
452 1245 499 1286 in
527 1244 662 1287 nobis
691 1245 925 1297 inceptum
954 1247 1038 1297 est,
1068 1256 1169 1285 cum
1198 1247 1263 1286 tot
1290 1243 1566 1297 principum,
1595 1255 1858 1296 regnorum,

88 1315 377 1369 policiarum,
413 1315 686 1369 studiorum,
718 1315 1069 1368 professionum
1103 1315 1230 1357 viros
1262 1314 1548 1357 clarissimos
1583 1327 1670 1367 pro
1703 1314 1861 1367 depel-

89 1386 231 1429 landa
261 1388 494 1429 tantorum
526 1387 736 1440 pernicie
769 1389 1031 1439 temporum
1065 1389 1110 1427 et
1144 1385 1431 1429 instituendo
1462 1397 1640 1428 summo
1673 1387 1861 1438 pastore

90 1456 371 1500 convenistis
398 1491 407 1499 .
442 1491 452 1499 .
487 1457 537 1511 .²)

91 1573 277 1618 Peter
314 1587 427 1618 von
464 1573 781 1629 Brassel.³)
1524 1572 1743 1616 Ma‘rz25.

209 1644 367 1679 Text:
407 1644 462 1679 Cu
490 1645 534 1680 64
559 1644 584 1688 Τ.
613 1645 699 1687 131;
728 1645 794 1679 Ma
821 1645 911 1680 5421
939 1644 965 1688 Τ.
992 1644 1079 1687 229;
1109 1643 1222 1679 13421
1247 1643 1274 1688 Τ.
1303 1644 1365 1686 70‚·
1393 1644 1462 1678 Rea·
1488 1643 1533 1678 23
1558 1642 1584 1687 Τ.
1615 1644 1700 1686 177,·
1728 1643 1791 1677 Ste
1817 1643 1862 1678 33

90 1702 117 1746 Τ.
141 1703 226 1745 124;
250 1702 317 1738 Stu
338 1703 384 1738 56
405 1703 431 1746 Τ.
455 1703 540 1745 125,·
568 1703 608 1737 W
629 1703 722 1738 3759
743 1702 770 1746 Τ.
795 1703 880 1745 195,·
902 1703 997 1738 4958
1016 1702 1042 1746 Τ.
1065 1703 1145 1738 378.

183 1759 415 1796 ‘Druckt
457 1760 605 1795 Gerson
631 1761 696 1804 Op.
723 1760 763 1794 ΙΙ
788 1761 866 1796 309.

210 1818 691 1863 Eoecerpt:Hardt1‚
718 1819 797 1854 855.

210 1877 454 1921 Inhalt:
495 1876 682 1921 Klerus.

209 1947 505 1991 Dominus
554 1948 730 1990 dabit
775 1947 954 1990 vobis
1003 1948 1261 2001 signum.
1312 1948 1462 1990 Ecce
1510 1948 1689 2001 virgo
1737 1959 1863 1989 con-

93 2018 291 2072 cipiet
346 2022 404 2062 et
460 2019 672 2072 pariet
729 2018 955 2061 filium.
1015 2018 1317 2072 Originaliter
1365 2019 1441 2061 Isa
1487 2018 1578 2061 VII
1625 2017 1862 2060 recitative

93 2092 247 2133 autem
283 2090 335 2132 in
375 2089 574 2133 lectione
615 2090 733 2132 lecta
773 2090 874 2132 loco
913 2089 1125 2143 epistole.
1178 2089 1577 2132 Reverendissimi
1618 2092 1779 2142 patres
1818 2091 1864 2131 et

94 2160 286 2203 domini!

93 2276 134 2319 A
148 2289 178 2320 n
194 2289 219 2320 o
235 2289 264 2320 n
278 2289 306 2332 y
320 2289 366 2320 m
380 2289 411 2320 u
425 2291 461 2322 3.
1286 2277 1337 2319 In
1367 2276 1443 2319 die
1470 2278 1746 2331 palmarum.

211 2347 370 2383 Text:
407 2347 470 2383 Ste
491 2348 538 2384 33
558 2347 585 2391 Τ.
608 2348 687 2384 343.

214 2405 252 2448 D
268 2417 339 2448 on
355 2406 497 2449 avit.
548 2406 616 2449 Ita
654 2405 871 2449 scribitur
909 2406 966 2448 ad
1004 2405 1205 2459 Philipp.
1245 2440 1254 2449 .
1289 2440 1298 2448 .
1333 2440 1342 2448 .
1393 2406 1641 2448 Dubitatur
1678 2406 1801 2448 enim
1841 2417 1865 2447 a

94 2477 335 2519 nonnullis
368 2476 426 2520 de
457 2476 547 2520 ista
579 2476 888 2530 produccione
921 2476 1160 2530 ydearum.
1205 2477 1346 2519 Aiunt
1377 2476 1516 2530 enim,
1550 2477 1589 2519 si
1623 2476 1728 2519 talis
1761 2488 1865 2529 pro-

212 2606 244 2648 1)
273 2605 428 2640 Redner
453 2604 661 2648 veryleicht
690 2604 756 2640 z‘hn
785 2605 851 2640 mit
878 2605 1120 2647 Konstantia,
1146 2605 1352 2647 ,lastiniam
1381 2605 1628 2640 Theodosius.

213 2663 246 2707 ²)
270 2663 424 2698 Redner
445 2663 568 2698 zitiert
591 2663 735 2698 Homer
760 2664 835 2698 and
857 2663 1137 2707 Aristophanes
1160 2663 1311 2708 (Plutos
1337 2666 1354 2698 1
1377 2663 1435 2708 Τ.).
1470 2664 1670 2698 Letzteren
1693 2673 1805 2706 soqar
1825 2662 1865 2696 in

95 2720 354 2764 qriechischer
382 2720 560 2765 Sprache.
602 2721 682 2755 Der
712 2720 915 2756 Schreiber
943 2722 1013 2756 der
1041 2722 1196 2764 Prediyl
1226 2723 1355 2766 ivusste
1385 2722 1464 2756 sich
1494 2722 1610 2756 dabei
1641 2721 1735 2755 aber
1764 2718 1865 2753 nicht

95 2779 201 2815 recht
230 2789 275 2814 zu
308 2778 450 2822 helffen.
492 2779 574 2813 Aas
603 2780 692 2814 dem
722 2779 870 2814 Namen
901 2779 1180 2823 Aristophanes
1212 2780 1308 2815 wira
1339 2781 1409 2814 der
1439 2781 1551 2822 poeta
1584 2779 1751 2813 Graecus
1781 2777 1865 2812 Suf-

97 2836 231 2872 flostes
256 2838 319 2881 (er
342 2836 460 2872 denkt
486 2836 588 2871 wohl
613 2846 661 2871 an
687 2836 932 2882 Sophokles).
970 2837 1055 2872 Den
1091 2838 1180 2872 I'ers
1205 2838 1284 2880 yibt
1312 2847 1355 2872 er
1381 2837 1469 2871 halb
1496 2837 1564 2871 mit
1590 2835 1864 2879 yriechischem

100 2893 189 2930 halb
214 2894 282 2929 mit
309 2894 561 2930 lateinischen
586 2894 826 2929 Buchstaben
852 2905 923 2929 nur
947 2904 1014 2929 zur
1037 2894 1178 2938 Hiilfte.
1216 2895 1294 2929 Das
1321 2895 1426 2929 Ende
1452 2895 1500 2929 ist
1525 2894 1756 2936 vollstandiy
1783 2893 1865 2926 Icor-

98 2952 296 2996 rumpiert.

216 3010 248 3054 ⁸)
274 3009 322 3045 So
345 3009 412 3044 Mz't
435 3009 544 3053 5421,-
571 3009 720 3045 Gerson
743 3009 808 3054 Op.
833 3009 884 3052 II,
906 3010 976 3046 309
1002 3012 1118 3045 nennt
1143 3009 1291 3045 Ger-son
1315 3010 1371 3044 als
1394 3010 1557 3045 Redner.

171 3077 312 3112 Finito,
332 3078 414 3106 Aeta
435 3078 567 3106 concilii
591 3077 867 3106 constanciensis.
886 3077 925 3105 11.
1602 3066 1658 3107 34
