2102 3444
222 119 306 162 498
575 117 618 150 ll.
653 115 861 150 Abschnilt.
904 116 1108 148 Sermones
1139 92 1293 147 concilii
1319 111 1638 147 Constanciensis.

224 239 508 277 reverenter.
544 235 631 275 Nec
652 238 722 275 est
743 233 879 274 hodie
901 235 1072 284 pastor,
1095 231 1171 284 qui
1193 231 1357 273 ovibus
1379 231 1475 273 suis
1494 244 1597 273 cum
1620 232 1832 285 apostolo
1850 232 1988 275 dicat:

224 308 474 359 Tamquam
497 306 711 357 angelum
736 303 817 344 Dei
841 303 1111 355 suscepistis
1134 315 1225 355 me;
1251 306 1321 345 set
1340 306 1411 344 est
1431 302 1666 356 habunde,
1687 303 1765 356 qui
1787 315 1812 344 e
1833 306 1991 346 contra

223 378 376 419 dicere
408 378 576 418 valeat:
621 376 872 426 Tamquam
904 373 1122 414 nuncium
1154 373 1339 426 dyaboli
1371 373 1611 426 repulistis
1641 386 1714 416 me
1746 407 1755 416 .
1791 407 1799 416 .
1835 407 1844 416 .

335 449 544 500 Apparet
577 446 710 487 michi
742 446 872 487 salvo
901 445 1071 486 iudicio
1100 445 1288 497 saniori,
1320 444 1442 497 quod
1472 445 1735 498 quicunque
1764 445 1905 488 intrat
1933 445 1991 488 ad

223 519 406 571 aliquod
442 518 724 559 beneficium
760 515 1122 558 ecclesiasticum
1159 528 1244 569 per
1280 516 1551 569 symoniam,
1586 528 1672 569 per
1707 516 1991 570 superbiam,

223 603 307 641 per
349 588 652 639 mendacium,
695 599 779 640 per
821 587 1084 640 ypocrisim,
1128 599 1212 640 per
1255 587 1555 629 adulaciones
1599 599 1681 629 seu
1723 600 1810 640 per
1852 587 1991 630 aliam

225 660 434 701 l'raudem
469 660 541 700 vel
575 661 811 710 peccatum
847 658 1056 703 mortale.
1092 659 1151 699 ita
1186 658 1307 710 quod
1344 657 1459 699 illud
1491 661 1728 710 peccatum
1764 658 1821 700 sit
1852 670 1991 700 causa

222 730 544 782 acquisicionis
578 729 710 771 istius
745 728 979 781 beneficii,
1015 729 1093 769 ille
1127 741 1219 770 non
1252 731 1403 781 potest
1434 729 1519 770 hoc
1553 728 1835 770 beneficium
1868 729 1991 771 licite

222 800 462 853 possidere
488 812 572 841 nec
599 803 749 852 potest
777 800 832 840 de
862 800 941 841 illo
967 812 1050 841 sua
1077 802 1263 852 peccata
1289 811 1491 852 congrue
1518 799 1733 852 peniteri,
1758 800 1848 842 nisi
1875 799 1991 841 illud

222 870 501 913 beneficium
547 871 753 922 resignet
798 904 805 911 .
842 903 849 910 .
886 904 894 911 .
951 870 997 912 Si
1045 870 1179 911 michi
1225 870 1439 911 obicitur:
1496 873 1603 912 tunc
1648 882 1786 923 quam
1829 870 1992 923 plures

224 944 392 984 infecto
431 942 563 984 titulo
602 954 685 983 sua
724 941 1021 994 possiderent
1062 941 1292 983 beneficia
1333 945 1378 982 et
1416 941 1679 993 periculose
1719 942 1991 994 retinerent,

222 1013 497 1065 respondeo,
527 1012 648 1065 quod
679 1012 922 1054 multitudo
952 1025 1281 1065 perversorum
1311 1024 1404 1054 non
1433 1015 1586 1065 potest
1613 1013 1764 1066 legem
1792 1012 1992 1054 racionis

222 1089 297 1126 aut
318 1084 559 1125 veritatem
580 1083 910 1135 ewangelicam
933 1084 1176 1125 inmutare.
1212 1083 1433 1125 Ultimum
1456 1083 1711 1125 miserendi
1730 1095 1878 1137 genus
1899 1096 1992 1125 non

223 1156 393 1197 habent
430 1155 497 1196 illi
538 1155 726 1207 superbi
768 1155 894 1196 avari
933 1158 977 1195 et
1016 1155 1326 1207 intemperati,
1365 1155 1441 1207 qui
1482 1155 1527 1195 in
1566 1154 1813 1197 benefieiis
1849 1167 1995 1208 supra

222 1226 405 1266 modum
438 1229 542 1267 sunt
575 1226 713 1267 nimis
746 1225 972 1277 plurales:
1022 1225 1095 1266 Illi
1128 1225 1358 1277 videlicet,
1392 1225 1483 1278 qui,
1517 1238 1617 1266 cum
1650 1238 1798 1278 pauca
1828 1225 1994 1267 merito

221 1298 443 1339 sufficere
474 1296 714 1347 deberent,
743 1308 835 1337 non
864 1299 1087 1337 verentur
1117 1296 1276 1337 decem
1306 1297 1379 1337 vel
1410 1296 1570 1349 viginti
1601 1300 1677 1338 aut
1706 1296 1826 1338 forte
1855 1296 1992 1350 plura

221 1367 453 1409 beneficia
488 1366 802 1420 compatibilia
840 1370 884 1408 et
921 1366 1286 1420 incompatibilia
1320 1367 1581 1420 possidere,
1618 1368 1692 1408 vel
1729 1370 1778 1409 ut
1814 1367 1992 1409 cercius

224 1439 384 1491 loquar
406 1451 645 1491 occupare,
667 1438 882 1491 pluribus
905 1437 1009 1480 aliis
1030 1437 1318 1491 pauperibus
1339 1441 1561 1480 nocentes
1581 1441 1627 1479 et
1647 1438 1838 1480 eosdem
1859 1438 1991 1491 quasi

222 1509 489 1562 spoliantes,
522 1509 608 1550 soli
640 1512 765 1550 tanta
796 1509 1030 1562 stipendia
1061 1509 1376 1551 ecclesiastica
1407 1509 1668 1562 perniciose
1699 1509 1920 1552 tollentes
1948 1511 1994 1550 et

220 1581 380 1632 gulose
406 1580 743 1632 lascivioseque
769 1579 1107 1633 expendentes,
1132 1583 1303 1632 quanta
1327 1580 1484 1622 multis
1508 1579 1774 1623 utilioribus
1798 1582 1843 1622 et
1865 1579 1993 1622 meli-

222 1650 379 1692 oribus
407 1651 453 1692 in
480 1651 677 1693 ecclesia
708 1651 790 1693 Dei
818 1650 1108 1692 sufficerent.
1146 1651 1230 1704 Ve,
1258 1650 1406 1703 inquit
1431 1651 1674 1704 propheta,
1701 1651 1780 1704 qui
1806 1651 1993 1692 coniun-

221 1721 325 1773 gitis
373 1721 556 1763 domum
605 1722 662 1763 ad
708 1722 893 1763 domum
940 1725 984 1763 et
1032 1734 1191 1775 agrum
1240 1734 1352 1774 agro
1399 1755 1406 1762 .
1443 1755 1450 1763 .
1487 1755 1495 1763 .
1560 1720 1992 1764 Misericordissime

224 1792 421 1844 domine,
462 1827 469 1834 .
506 1826 513 1834 .
550 1827 557 1835 .
598 1792 755 1834 dixisti
795 1827 802 1834 .
839 1826 846 1834 .
883 1827 890 1834 .
930 1805 1015 1846 per
1054 1806 1104 1835 os
1144 1792 1305 1834 fidelis
1343 1793 1571 1845 prophete
1610 1793 1675 1834 tui
1715 1791 1989 1834 Ezechielis:

223 1863 421 1905 Salvabo
454 1876 642 1916 gregem
678 1876 830 1905 meum
866 1868 910 1906 et
944 1876 1038 1905 non
1072 1864 1161 1905 erit
1195 1864 1317 1906 ultra
1354 1864 1399 1905 in
1436 1863 1647 1916 rapinam
1681 1866 1727 1905 et
1761 1863 1994 1905 suscitabo

223 1946 364 1986 super
409 1946 513 1975 eum
558 1938 792 1986 pastorem
838 1947 980 1976 unum
1030 1934 1214 1988 (Ezech.
1261 1934 1508 1987 XXXIV.).
1566 1934 1663 1976 Hoc
1707 1937 1790 1987 est,
1833 1925 1994 1986 pastor

223 2004 406 2057 optime,
433 2005 553 2057 quod
581 2006 670 2047 iam
697 2005 797 2047 fere
825 2018 909 2058 per
935 2005 1187 2058 byennium
1212 2005 1259 2046 in
1285 2006 1369 2047 hoc
1396 2018 1528 2047 sacro
1552 2005 1746 2047 concilio
1771 2004 1992 2047 Constan-

223 2075 368 2116 ciensi
401 2079 715 2129 expectamus,
751 2076 835 2118 hoc
870 2076 1036 2130 ipsum,
1071 2081 1204 2129 pater
1240 2076 1575 2129 misericordie,
1610 2075 1898 2129 implendum
1935 2075 1992 2117 de

224 2147 436 2197 proximo
464 2159 720 2199 speramus.
762 2147 1078 2189 Reminiscere
1107 2147 1464 2189 miseracionum
1494 2150 1690 2200 tuarum,
1718 2147 1921 2199 domine,
1950 2149 1994 2189 et

225 2217 647 2259 misericordiarum
674 2222 870 2270 tuarum,
898 2231 987 2271 que
1005 2231 1030 2260 a
1047 2218 1205 2260 seculo
1219 2222 1339 2271 sunt,
1354 2222 1399 2260 et
1416 2218 1585 2260 suscita
1600 2230 1722 2260 nunc
1736 2230 1881 2271 super
1893 2230 1995 2271 gre-

225 2299 327 2339 gem
353 2291 479 2329 tuum
507 2292 739 2341 pastorem
767 2290 951 2330 unicum
977 2293 1022 2331 et
1048 2290 1106 2332 ab
1133 2289 1346 2331 omnibus
1374 2289 1698 2343 indubitatum,
1725 2292 1796 2332 set
1818 2289 1994 2331 utinam

229 2358 411 2411 bonum,
438 2358 543 2411 quia
568 2360 707 2400 nichil
735 2360 938 2412 prodest,
964 2364 1032 2402 set
1057 2360 1308 2413 plurimum
1333 2361 1466 2402 obest
1490 2363 1662 2413 pastor,
1687 2360 1725 2401 si
1751 2371 1843 2402 non
1869 2360 1927 2402 sit
1951 2361 1996 2400 et

229 2428 325 2481 ipse
361 2432 518 2482 pastor
554 2430 713 2482 bonus,
750 2431 912 2483 bonus,
947 2432 1023 2484 qui
1059 2432 1205 2474 bonos
1241 2431 1606 2474 misericorditer
1641 2430 1814 2484 diligat,
1849 2430 1996 2472 malos

229 2512 351 2551 vero,
376 2512 569 2552 quorum
595 2502 724 2552 quasi
753 2501 962 2544 infinitus
985 2505 1055 2543 est
1078 2514 1315 2554 numerus,
1341 2514 1505 2544 severe
1529 2501 1692 2554 puniat
1714 2504 1759 2543 et
1782 2501 1995 2554 corrigat,

228 2570 302 2621 qui
341 2570 404 2611 sic
438 2572 592 2623 gregis
629 2572 939 2614 substanciam
976 2572 1148 2625 diligat,
1184 2576 1231 2614 ut
1265 2573 1421 2626 gregis
1456 2584 1613 2614 curam
1648 2584 1741 2613 non
1776 2571 1995 2625 negligat,

228 2641 302 2691 qui
331 2653 421 2681 non
448 2642 595 2681 solum
623 2654 686 2693 se,
714 2645 781 2684 set
806 2655 993 2695 gregem
1021 2656 1153 2684 suum
1180 2646 1337 2695 pascat
1363 2677 1370 2684 .
1408 2676 1415 2684 .
1452 2677 1459 2684 .

227 2839 320 2880 Juli
354 2839 393 2880 4.
433 2867 478 2870 —
517 2840 709 2881 Joleau
733 2855 755 2882 η
777 2854 834 2883 es
878 2843 1182 2885 Zacharie
1225 2843 1271 2885 0.
1315 2842 1500 2884 Erem.

347 2920 370 2952 '1'
386 2930 405 2952 e
420 2923 469 2952 ,νι
490 2930 500 2953 .·
542 2920 640 2953 imm
674 2924 733 2955 m?
757 2923 783 2965 s.
809 2926 870 2963 ⁸25,-
901 2923 962 2956 Mn·
998 2925 1104 2958 1:342]
1129 2923 1154 2967 f.
1187 2927 1259 2958 mss.

345 2990 365 3030 Ι
385 3004 406 3031 η
427 2990 450 3031 h
471 3003 495 3031 a
516 2992 528 3032 I
546 2996 558 3032 t
578 3005 589 3032 .·
630 2991 794 3034 (sinon.
