2227 3434
526 178 564 212 B.
604 178 679 213 Der
702 177 802 213 liber
823 181 1016 222 gestorum
1042 179 1110 212 des
1134 176 1375 212 Cerretanus.
1749 179 1834 221 209

69 308 201 338 sacro
239 296 528 350 approbante
569 296 777 350 concilio,
817 299 1064 349 prorogata
1103 299 1175 338 est
1213 296 1271 338 ad
1312 295 1434 337 diem
1475 295 1585 337 lune
1626 285 1835 349 quartam

70 367 244 410 mensis
275 366 534 409 Februarii.

187 437 360 480 Eadem
391 437 465 480 die
497 441 707 480 oratores
737 438 972 480 solemnes
1003 437 1127 491 regis
1158 437 1392 490 Ludovici,
1423 449 1619 490 quorum
1649 437 1835 480 nomina

69 508 269 552 inferius
309 508 650 560 describuntur,
691 508 1015 551 Constanciam
1056 510 1103 550 in
1144 511 1370 562 apparatu
1410 508 1693 562 pulcerrimo
1732 511 1838 551 sunt

71 579 284 632 ingressi.

187 649 380 693 Nomina
411 652 646 692 oratorum
678 650 719 692 d.
752 650 876 704 regis
908 649 1144 692 Ludovici:

188 720 240 764 D.
268 721 516 775 episcopus
542 720 858 775 Vapicensisa)
889 755 897 763 .
934 754 942 762 .
978 755 986 763 .
1015 718 1098 775 d.'¹)
1130 755 1137 763 .
1174 755 1182 763 .
1219 759 1225 764 .
1255 721 1312 763 de
1339 720 1605 774 Arpayonie
1634 721 1769 763 miles
1795 720 1838 763 d.

72 791 329 834 Franconie
362 792 487 845 regis
520 791 740 834 Ludovici
773 791 1066 834 secretarius.

189 862 274 905 Die
311 864 501 905 veneris
537 863 675 905 XXV.
715 864 891 906 mensis
929 863 1140 905 Januarii
1179 863 1410 905 existente
1449 863 1490 905 d.
1529 875 1639 917 rege
1677 863 1839 905 Roma-

70 945 235 976 norum
267 933 314 975 in
345 933 544 987 pallacio
576 946 658 976 sue
691 934 998 977 habitacionis
1030 934 1234 976 secunde
1267 934 1313 976 in
1347 934 1609 988 oppositum
1641 933 1838 977 ecclesie

69 1005 351 1048 cathedralis
382 1004 758 1048 Constanciensis
789 1008 1108 1048 convenerunt
1138 1005 1201 1047 ibi
1233 1006 1403 1058 prelati
1434 1005 1491 1047 de
1523 1006 1731 1059 qualibet
1760 1018 1839 1047 na-

70 1077 202 1118 cione
238 1076 445 1129 deputati
482 1088 567 1130 per
604 1088 786 1118 sacrum
823 1077 1067 1118 concilium
1105 1076 1163 1118 ad
1201 1076 1511 1119 assistendum
1550 1076 1703 1119 eidem
1740 1076 1838 1130 regi

71 1158 156 1199 pro
186 1149 320 1200 parte
352 1147 471 1189 sacri
504 1147 686 1189 concilii
721 1147 767 1189 in
799 1147 1067 1189 exhibenda
1100 1147 1344 1190 audiencia
1377 1148 1640 1190 oratoribus
1672 1148 1839 1201 Angeli

71 1217 302 1261 Corrario.
354 1218 529 1270 Quibus
571 1218 743 1260 ibidem
783 1218 1167 1260 convenientibus
1207 1222 1438 1260 venerunt
1476 1218 1517 1260 d.
1558 1219 1835 1272 Johannesss)

70 1289 191 1331 tituli
228 1289 373 1332 sancti
409 1289 526 1332 Sixti
562 1289 809 1343 presbyter
845 1289 1098 1332 cardinalis
1134 1289 1398 1343 Ragusinus
1435 1302 1485 1332 ac
1520 1289 1563 1331 d.
1600 1289 1840 1332 Johannes

71 1360 248 1403 electus
282 1359 823 1414 Constantinopolitanus
856 1360 904 1402 in
937 1360 1213 1403 obediencia
1245 1360 1414 1414 Angeli
1448 1360 1665 1403 Corrario
1698 1360 1841 1402 nomi-

73 1430 182 1484 nati,
205 1443 291 1485 pro
311 1434 444 1485 parte
469 1431 679 1474 eiusdem
704 1434 914 1474 oratores
938 1431 1035 1473 sive
1061 1431 1200 1485 legati
1226 1431 1458 1484 destinati,
1483 1432 1715 1484 simulque
1739 1443 1840 1472 cum

71 1501 140 1544 eis
169 1501 212 1544 d.
241 1501 502 1545 Ludovicus
531 1502 625 1544 dux
654 1502 865 1556 Bavarie‚
895 1503 937 1544 d.
967 1502 1344 1557 Wormaciensis‚
1375 1501 1611 1556 Spirensis
1638 1505 1684 1544 et
1712 1502 1841 1544 Wer-

72 1572 232 1616 densis
268 1573 477 1627 episcopi
515 1586 567 1616 ac
603 1577 813 1616 oratores
850 1574 892 1616 d.
931 1573 1268 1627 archiepiscopi
1306 1574 1612 1616 Treverensis
1651 1573 1698 1615 in
1735 1572 1842 1616 obe—

72 1643 255 1688 diencia
281 1644 492 1687 eiusdem
519 1645 687 1698 Angeli
718 1644 910 1687 Corario
938 1644 1206 1689 existentes,
1251 1644 1523 1698 Ibidemque
1553 1657 1655 1686 cum
1681 1646 1842 1686 essent

72 1714 114 1758 d.
143 1714 468 1768 Sigismundus
496 1729 581 1758 rex
609 1715 921 1758 Romanorum
951 1729 977 1758 a
1004 1715 1225 1770 predictis
1255 1716 1519 1758 oratoribus
1549 1716 1646 1758 sive
1676 1715 1840 1769 legatis

73 1786 241 1840 Angeli
275 1786 467 1830 Corario
501 1787 746 1841 requisivit
779 1786 1094 1841 infrascripta:

191 1857 360 1912 Primo,
380 1861 534 1901 utrum
555 1858 645 1912 ipsi
665 1858 895 1901 haberent
916 1857 1183 1901 mandatum
1206 1857 1451 1902 sufficiens
1470 1860 1517 1900 et
1538 1858 1575 1900 si
1599 1857 1841 1909 haberent,

74 1929 197 1982 quod
221 1929 339 1971 illud
363 1928 591 1972 exhibere
617 1929 858 1972 deberent.

188 1999 416 2054 Secundo,
443 2000 568 2054 quod
596 2013 778 2043 sacrum
808 2000 1171 2043 Constanciense
1200 1999 1445 2043 concilium
1475 1999 1737 2053 approbare
1767 1998 1843 2040 de-

75 2069 254 2114 herent.

190 2142 367 2195 Tercio,
397 2142 520 2196 quod
549 2143 595 2185 in
624 2142 789 2185 eodem
820 2155 952 2186 sacro
980 2143 1175 2185 concilio
1204 2155 1297 2185 una
1327 2154 1429 2184 cum
1459 2141 1563 2184 aliis
1593 2140 1842 2183 convenire

78 2212 318 2256 deberent.

191 2284 264 2326 Ad
297 2296 387 2338 que
421 2284 633 2338 prefatus
668 2285 710 2326 d.
745 2285 984 2328 <Iohannes
1018 2284 1270 2327 cardinalis
1304 2284 1567 2338 Ragusinus
1603 2282 1845 2336 respondit

77 2367 127 2398 se
163 2355 340 2398 habere
380 2355 647 2398 mandatum
687 2355 933 2399 sufficiens
972 2358 1018 2398 et
1057 2355 1173 2397 illud
1213 2354 1453 2398 serenitati
1494 2366 1576 2397 sue
1615 2353 1841 2396 exhibere

78 2426 213 2470 velle.
249 2426 399 2480 Super
423 2426 527 2469 aliis
551 2438 662 2469 vero
688 2426 869 2469 duobus
893 2426 1126 2478 dixerunt,
1151 2425 1273 2479 quod
1298 2424 1563 2468 mandatum
1588 2437 1680 2467 non
1704 2424 1843 2466 habe-

79 2498 194 2539 rent.
230 2496 421 2539 Addidit
446 2497 640 2551 insuper
665 2497 707 2539 d.
735 2497 995 2540 Ludovicus
1021 2497 1115 2539 dux
1140 2497 1351 2549 Bavarie‚
1379 2495 1516 2549 quod,
1543 2495 1581 2538 si
1607 2494 1845 2537 ordinare-

78 2567 165 2620 tur,
189 2567 311 2621 quod
335 2567 377 2610 d.
402 2567 653 2610 Baldassar
679 2567 823 2610 Cossa
847 2568 994 2610 dictus
1019 2580 1140 2621 papa
1164 2567 1404 2610 Johannes
1428 2566 1600 2608 XXIII.
1626 2578 1718 2607 non
1743 2577 1845 2618 pre-

79 2635 254 2682 sideret
280 2637 488 2692 concilio,
518 2638 754 2681 offerebat
782 2651 868 2692 pro
896 2641 1029 2692 parte
1060 2651 1145 2680 sua
1175 2641 1219 2680 et
1248 2638 1445 2680 aliorum
1477 2649 1664 2680 suorum
1694 2635 1845 2689 prela-

79 2708 242 2763 torum,
269 2709 392 2762 quod
420 2709 460 2753 d.
490 2708 746 2763 Gregorius
774 2709 1087 2761 personaliter
1116 2709 1174 2751 ad
1201 2708 1444 2750 concilium
1473 2720 1522 2750 se
1551 2706 1844 2756 transferret,

81 2777 157 2821 vel
190 2779 354 2823 saltem
389 2779 567 2822 nullam
602 2780 722 2822 viam
758 2783 1018 2834 respueret,
1053 2791 1138 2833 per
1173 2792 1311 2832 quam
1347 2779 1405 2821 ad
1439 2779 1658 2820 unionem
1695 2776 1843 2818 veniri

82 2852 250 2901 posset.
299 2849 449 2904 Super
485 2862 576 2904 quo
612 2851 651 2893 si
689 2850 866 2904 aliquid
902 2850 948 2892 in
985 2850 1203 2892 mandato
1237 2849 1550 2903 predictorum
1588 2849 1843 2901 legatorum

82 2917 320 2974 deficeret,
353 2920 697 2974 promittebant,
731 2921 854 2974 quod
888 2922 1143 2974 suppleret.
1189 2921 1244 2962 Et
1278 2920 1324 2962 in
1357 2932 1480 2972 casu,
1514 2931 1604 2971 quo
1637 2917 1844 2971 predicta

184 3070 214 3102 a)
236 3077 271 3098 eo
294 3071 320 3097 Β
340 3079 369 3099 u.
390 3072 413 3098 (¹
430 3072 518 3099 (lumi
540 3072 654 3100 Liicke.
695 3073 726 3103 b>
750 3072 833 3107 solut
855 3072 960 3100 Liicke
982 3074 1019 3105 B,
1042 3074 1069 3100 ζ’.
1117 3080 1145 3100 ο)
1170 3073 1270 3099 Name
1291 3071 1368 3104 fehlt
1393 3074 1421 3097 11.

149 3138 297 3176 Finke,
317 3143 400 3170 Acta
420 3142 552 3170 concilii
573 3141 848 3171 Constanciensis.
872 3142 909 3171 11.
1583 3129 1635 3167 14·
