2102 3444
245 151 328 194 120
779 152 802 185 Ι.
830 151 1040 186 Abschnitt.
1080 150 1480 195 Konzilstagebiicher.

246 273 348 311 rent
384 282 545 312 omnes
582 282 770 311 securos
805 273 850 311 et
886 269 1060 311 liberos
1096 269 1322 311 adversus
1358 282 1532 311 omnes.
1582 271 1635 312 Et
1670 273 1833 323 postea
1868 270 2014 313 archi-

245 341 491 393 episcopus
529 340 844 387 Bituricensis,
880 340 998 381 alter
1034 341 1289 392 legatorum
1327 340 1450 393 regis
1487 341 1695 393 Francie,
1730 341 1937 383 surrexit
1968 343 2014 382 et

247 412 412 452 iterum
437 411 678 452 materiam
702 410 943 463 proposuit
970 412 1160 451 multum
1186 411 1278 452 alte
1301 414 1346 452 et
1370 411 1642 453 solemniter
1664 414 1708 453 et
1733 410 1841 453 fecit
1863 414 2015 465 prote-

245 478 495 522 stacionem
537 485 582 522 et
622 481 784 534 petivit
823 481 1194 532 instrumentum,
1236 481 1624 533 quemadmodum
1666 481 1927 524 continetur
1967 482 2013 524 in

245 552 409 594 cedula
448 552 571 593 infra
611 553 795 604 scripta.
850 552 955 592 Post
995 564 1130 604 quam
1171 552 1532 604 exposicionem,
1573 551 1931 605 requisicionem
1970 555 2016 594 et

245 623 648 674 protestacionem‚
672 622 848 678 similes
870 623 1208 674 requisiciones
1228 625 1272 664 et
1294 623 1662 676 protestaciones
1683 622 1874 665 fuerunt
1894 622 2015 665 facte

244 706 302 734 ex
326 696 457 745 parte
482 693 802 745 cardinalium,
829 694 1083 745 legatorum
1109 705 1267 745 regum
1293 693 1511 745 Castelle,
1536 694 1784 746 Aragonie,
1807 693 2014 735 Nauarre

249 768 291 804 et
336 763 512 804 comitis
558 763 673 804 Fuxi
719 766 856 816 atque
900 763 1144 805 nacionum
1189 763 1355 815 Gallie,
1399 763 1616 805 videlicet
1658 776 1743 816 pro
1785 763 1894 816 illis,
1937 764 2014 816 qui

248 837 380 875 erant
405 834 461 875 de
486 846 631 886 regno
657 834 866 885 Francie,
892 848 949 875 ex
976 837 1107 887 parte
1133 835 1342 876 nacionis
1368 834 1520 876 Ytalie
1545 837 1590 875 et
1614 833 1840 887 Hispanie
1864 837 1910 876 et
1931 846 2017 887 pro

245 905 460 947 omnibus
483 903 713 946 adherere
736 905 1013 959 volentibus,
1036 908 1080 946 et
1102 906 1245 958 petita
1268 905 1433 946 iterum
1459 905 1765 947 instrumenta
1787 917 1814 947 a
1835 904 2016 947 duobus

246 968 608 1028 prothonotariis
640 979 683 1017 et
714 975 819 1017 aliis
849 975 1041 1017 notariis
1072 975 1383 1028 presentibus.

366 1046 583 1099 Magister
609 1046 776 1087 civium
804 1049 847 1087 et
874 1046 1090 1087 consules
1117 1049 1161 1088 et
1186 1048 1492 1099 proconsules
1518 1058 1602 1099 per
1628 1058 1853 1099 organum
1878 1045 2016 1088 unius

244 1117 445 1159 doctoris
482 1117 841 1169 responderunt,
879 1117 1180 1158 condolentes
1216 1118 1342 1159 casui
1381 1120 1425 1159 et
1463 1117 1695 1170 dixerunt,
1731 1117 1857 1170 quod
1892 1117 2016 1159 vole-

246 1188 355 1229 bant
383 1187 507 1240 loqui
535 1200 635 1229 cum
663 1187 840 1230 civibus
867 1191 911 1229 et
939 1189 985 1229 in
1014 1188 1264 1230 crastinum
1293 1188 1582 1240 respondere
1609 1190 1655 1229 et
1682 1187 1805 1241 quod
1832 1187 2017 1230 interim

247 1259 366 1300 bene
391 1258 678 1301 custodirent
701 1259 758 1300 ab
783 1259 907 1300 omni
931 1258 1174 1310 violencia,
1199 1259 1314 1300 sicut
1338 1258 1549 1300 fecerunt
1573 1258 1885 1312 diligenciam,
1908 1271 2018 1312 quo-

244 1330 369 1371 niam
391 1332 483 1371 tota
504 1332 638 1371 nocte
660 1332 892 1371 auxerunt
915 1330 960 1370 in
983 1330 1126 1382 duplo
1148 1329 1371 1372 excubias
1392 1333 1651 1372 consuetas.
1688 1329 1841 1372 Tenor
1863 1332 2017 1372 autem

245 1400 571 1453 exposicionis‚
597 1399 923 1453 requisicionis
948 1403 994 1442 et
1018 1401 1374 1453 protestacionis
1402 1400 1627 1442 factarum
1655 1413 1740 1454 per
1766 1399 2018 1454 archiepis-

245 1484 408 1524 copum
443 1471 781 1513 Bituricensem
817 1471 922 1513 talis
957 1474 1044 1512 est:

362 1542 580 1584 Oratores
609 1545 653 1584 et
682 1543 821 1595 legati
851 1542 1224 1584 christianissimi
1254 1543 1378 1595 regis
1407 1545 1452 1583 et
1481 1541 1864 1584 excellentissimi
1893 1541 2018 1596 prin-

246 1613 360 1666 cipis
388 1613 428 1654 d.
456 1612 616 1655 Karoli
644 1612 766 1665 regis
795 1613 1076 1654 Francorum
1104 1613 1161 1655 ad
1186 1625 1347 1666 pacem
1373 1617 1419 1655 et
1445 1613 1664 1654 unionem
1690 1612 1886 1655 ecclesie
1913 1625 2018 1666 pro-

245 1684 497 1726 curandam
524 1684 570 1725 in
598 1687 889 1726 sacrosancta
917 1683 1269 1726 Constanciensi
1296 1684 1473 1736 synodo
1499 1683 1756 1726 existentes
1781 1684 2017 1726 univer-sis

246 1755 360 1797 t'idei
402 1755 625 1797 catholice
668 1755 933 1797 christianis
975 1754 1203 1797 veraciter
1245 1754 1560 1806 manifestant,
1602 1754 1726 1808 quod
1768 1754 1827 1797 ad
1867 1754 2016 1808 ipsam

245 1838 421 1867 sacram
457 1825 866 1867 Constanciensem
901 1826 1126 1878 synodum
1159 1839 1244 1879 pro
1274 1829 1407 1879 parte
1438 1825 1813 1868 christianissimi
1844 1824 2016 1878 prefati

247 1898 370 1949 regis
415 1896 681 1950 specialiter
724 1896 930 1949 deputati
976 1898 1102 1938 iuxta
1145 1896 1355 1939 eiusdem
1399 1896 1523 1950 regis
1564 1897 1713 1939 zelum
1758 1895 1930 1938 monita
1969 1898 2017 1938 et

247 1967 462 2009 mandata
494 1967 739 2009 intendunt
770 1967 936 2009 dictam
968 1968 1164 2009 ecclesie
1197 1980 1358 2020 pacem
1388 1972 1433 2009 et
1464 1968 1685 2009 unionem
1715 1980 1818 2009 cum
1849 1967 1934 2009 Dei
1964 1967 2016 2008 ti-

247 2051 372 2079 more
399 2042 443 2079 et
467 2038 643 2080 honore
670 2039 715 2079 in
742 2037 971 2090 libertate,
998 2037 1256 2091 concordia,
1284 2051 1395 2091 pace
1423 2051 1473 2080 ac
1498 2037 1688 2090 unitate,
1714 2037 1866 2091 quoad
1890 2040 2016 2091 pote-

245 2110 348 2161 rint,
382 2108 635 2150 secundum
669 2109 899 2162 legitimas
933 2109 1194 2151 sanctiones
1225 2112 1271 2150 et
1301 2112 1564 2150 sanctorum
1594 2111 1779 2162 patrum
1808 2107 2016 2150 instituta

246 2180 537 2222 ferventibus
575 2180 825 2221 desideriis
864 2193 963 2221 cum
1003 2180 1107 2222 aliis
1144 2179 1418 2222 nacionibus
1455 2183 1499 2221 et
1535 2180 1577 2221 d.
1614 2179 1932 2222 cardinalibus
1969 2180 2016 2221 in

245 2251 438 2293 concilio
461 2250 770 2293 existentibus
795 2250 1048 2293 indefessis
1073 2250 1313 2292 laboribus
1336 2262 1590 2303 procurare
1613 2250 1842 2293 habentes
1865 2252 2016 2293 rectos

246 2322 403 2363 oculos
433 2325 477 2363 et
508 2334 649 2374 puras
681 2325 860 2363 mentes
892 2322 949 2363 ad
981 2321 1128 2362 Deum
1160 2323 1205 2363 et
1235 2333 1365 2363 suam
1397 2320 1642 2363 ecclesiam
1674 2323 2014 2363 sacrosanctam

245 2393 423 2434 nullum
460 2393 676 2434 habendo
712 2396 972 2445 respectum
1009 2394 1082 2434 vel
1119 2392 1339 2434 affectum
1377 2392 1433 2434 ad
1470 2392 1712 2434 nacionem
1748 2392 1822 2434 vel
1856 2404 2016 2445 perso-

245 2475 351 2505 nam
373 2476 722 2515 quamcumque.
759 2463 1013 2516 Sperantes
1037 2463 1082 2504 in
1107 2462 1291 2505 Christo
1314 2462 1510 2505 ecclesie
1535 2463 1700 2516 capite,
1724 2462 1854 2505 cuius
1876 2474 2015 2505 causa

244 2535 434 2586 geritur,
474 2547 573 2575 curn
614 2537 842 2576 tantorum
884 2537 1065 2586 patrum
1106 2534 1451 2586 proborumque
1491 2533 1695 2576 virorum
1735 2534 1782 2575 in
1822 2532 2015 2576 concilio

245 2605 625 2646 conveniencium
649 2606 886 2646 fructuoso
907 2605 1082 2656 labore,
1104 2605 1227 2658 quod
1250 2604 1307 2646 ad
1328 2617 1488 2658 pacem
1511 2608 1556 2646 et
1577 2604 1797 2646 unionem
1817 2603 2014 2646 ecclesie

244 2689 328 2728 per
363 2675 637 2717 electionem
674 2677 940 2718 canonicam
977 2677 1098 2717 unici
1135 2689 1185 2718 ac
1220 2675 1464 2718 indubitati
1500 2676 1665 2717 summi
1700 2674 1936 2729 pontificis
1970 2677 2015 2718 et

246 2746 445 2797 pastoris
471 2747 675 2787 omnium
703 2746 951 2788 adiuvante
979 2746 1134 2789 divina
1161 2747 1414 2788 clemencia
1441 2746 1578 2788 facile
1605 2747 1860 2800 veniemus,
1887 2745 2014 2788 dum-

246 2817 379 2858 modo
410 2830 499 2869 pax
530 2817 685 2859 debita
717 2821 928 2859 servetur
958 2831 983 2859 a
1010 2817 1226 2870 gentibus
1256 2821 1300 2858 et
1332 2817 1523 2860 libertas
1552 2817 1766 2870 plenaria
1796 2816 1843 2858 in
1870 2816 2013 2858 rebus

245 2887 473 2929 tribuatur
512 2883 718 2940 agendis.
774 2889 836 2930 Ea
875 2891 1066 2941 propter
1106 2889 1316 2930 volentes
1355 2891 1399 2929 et
1439 2887 1764 2930 desiderantes
1803 2899 1888 2941 pro
1927 2886 2012 2928 Dei

246 2958 523 3008 reverentia,
545 2958 739 3000 ecclesia
761 2971 887 3011 pace,
909 2960 1032 3011 regis
1054 2959 1274 3000 mittentis
1295 2959 1472 3000 honore
1494 2961 1538 3000 et
1555 2970 1709 3000 rerum
1727 2957 2011 3011 agendarum

245 3029 510 3071 necessaria
542 3029 756 3070 libertate
788 3042 940 3071 coram
974 3030 1071 3072 Deo
1101 3033 1146 3071 et
1178 3029 1349 3071 mundo
1378 3029 1425 3070 in
1454 3029 1629 3072 cunctis
1659 3041 1850 3071 servare
1882 3029 2013 3070 recti-
