2102 3444
181 156 264 197 488
534 155 578 188 ll.
613 154 821 188 Abschnitt.
864 156 1068 188 Sermones
1099 154 1248 188 concilii
1280 154 1598 189 constanciensis.

183 277 225 314 et
273 273 382 314 uniti
429 273 485 314 ad
528 274 748 314 effectum
794 306 801 313 .
838 306 845 313 .
883 307 890 313 .
948 273 1077 313 Hunc
1121 272 1243 313 diem
1287 272 1395 314 fecit
1438 273 1574 315 nobis
1617 273 1947 326 splendescere

183 356 339 394 regum
372 343 736 395 gloriosissimus
768 342 1091 395 Sigismundus
1125 376 1132 384 .
1169 377 1176 383 .
1214 377 1221 384 .
1266 342 1406 385 Cuius
1440 344 1541 386 laus
1572 347 1641 385 est
1672 356 1756 397 per
1788 356 1948 385 omnes

183 415 419 460 ecclesias,
463 414 532 454 cui
578 414 632 454 ad
678 413 936 465 graciarum
983 414 1194 455 acciones
1238 414 1489 466 possibiles
1532 418 1623 456 tota
1668 414 1948 457 universalis

180 479 377 526 ecclesia
408 488 590 526 tenetur
621 496 868 535 assurgere
900 487 1090 536 propter
1122 497 1309 525 suorum
1342 485 1853 538 insignia„meritorum.
1896 485 1949 527 Et

181 555 255 607 qui
294 567 437 606 usque
474 554 517 595 in
556 554 699 595 t'inem
736 555 879 595 seculi
917 554 1050 596 nobis
1087 555 1348 607 succedent,
1384 555 1611 596 consimili
1647 556 1949 608 obligacionis

181 625 362 665 vinculo
396 625 710 677 astringentur
746 662 751 666 .
789 659 796 666 .
833 659 840 666 .
895 624 944 666 In
976 625 1061 667 hac
1093 626 1216 666 enim
1253 625 1326 666 die
1362 626 1488 667 rivus
1522 626 1815 668 lacrimarum
1852 663 1859 670 .
1896 660 1904 668 .
1939 659 1948 668 .

180 699 369 748 propter
394 695 586 749 predicti
617 696 845 738 scismatis
872 695 1152 738 horrendam
1180 696 1428 738 scissuram
1455 709 1555 738 cum
1583 697 1755 749 ingenti
1782 697 1949 750 gaudio

180 766 579 808 consumacionem
641 766 847 818 accipiet,
908 770 953 808 ut
1013 779 1271 819 speramus,
1330 779 1415 819 per
1472 767 1610 809 unius
1668 767 1948 809 eleccionem

181 838 343 878 summi
370 836 607 889 pontificis
634 871 642 878 .
679 871 686 878 .

178 954 288 996 Feb.
324 953 391 996 24.
430 981 478 985 —-—
516 953 806 996 Sanctius
851 968 932 1007 ep.
977 955 1322 997 Olerevsis.

255 1025 278 1056 'l'
295 1026 378 1057 carl
399 1034 409 1058 .·
447 1026 498 1058 (ὀι
524 1025 566 1058 54
591 1025 616 1067 Ϊ.
644 1026 718 1060 156.

297 1083 318 1123 I
336 1096 358 1124 η
379 1083 405 1123 h
424 1096 447 1124 α
465 1083 478 1124 l
496 1089 509 1124 ι
528 1097 539 1125 .·
581 1083 736 1126 Ξῑὶηάρ
764 1085 858 1125 und
887 1083 1030 1137 Buste.

295 1165 413 1207 Hec
453 1165 608 1207 dicit
646 1165 960 1207 dominus:
1002 1166 1454 1208 convertimini
1496 1167 1565 1209 ad
1603 1179 1687 1210 me
1727 1167 1786 1209 in
1823 1170 1949 1210 toto

179 1235 363 1278 corde
406 1241 621 1279 vestro
666 1237 834 1290 (Joelis
864 1250 961 1290 cap.
997 1238 1039 1279 ΙΙ
1071 1241 1116 1280 et
1146 1238 1191 1279 in
1222 1238 1420 1290 epistola
1450 1238 1716 1292 hodierna).
1759 1238 1819 1281 Ut
1846 1250 1950 1292 pre-

179 1320 287 1350 sens
309 1308 464 1350 thema
485 1309 800 1361 concludatur,
823 1309 930 1350 talis
953 1310 1292 1361 consequencia
1315 1309 1559 1351 formatur:
1596 1309 1635 1350 A
1656 1313 1813 1352 vestro
1833 1311 1950 1352 mor-

178 1379 256 1420 tali
292 1381 480 1431 peccato
513 1379 559 1419 in
593 1382 686 1420 toto
720 1379 998 1432 avertimini,
1032 1392 1118 1433 pro
1151 1383 1307 1421 vestro
1341 1380 1523 1421 mortali
1556 1383 1745 1432 peccato
1778 1380 1825 1421 in
1856 1383 1949 1422 toto

178 1449 466 1502 penitemini,
500 1453 658 1491 contra
691 1454 927 1503 peccatum
962 1451 1156 1492 mortale
1190 1451 1236 1492 in
1269 1454 1361 1493 toto
1393 1451 1595 1504 graciam
1628 1450 1713 1492 Dei
1746 1450 1948 1504 assequi-

179 1532 325 1561 mlnl.
362 1554 369 1561 .
406 1554 414 1562 .

178 1649 288 1692 Feb.
324 1648 391 1692 28.
430 1677 478 1680 —
517 1650 882 1693 Leonarclus
932 1650 1184 1693 Statius.

302 1720 425 1753 'rea-t
447 1729 457 1753 .·
507 1720 557 1753 Re
592 1720 660 1755 632
693 1720 718 1763 f.
753 1722 816 1762 30,·
853 1721 905 1755 cn
943 1722 986 1754 64
1020 1720 1046 1764 f.
1080 1721 1166 1759 262,-
1203 1721 1280 1754 Kre
1315 1722 1335 1755 4
1370 1721 1395 1764 f.
1435 1722 1517 1758 196:
1555 1721 1618 1754 Ma
1657 1721 1768 1756 13421
1802 1721 1828 1765 7·-
1862 1720 1948 1761 257,-

189 1777 235 1810 [ρ
263 1777 315 1809 Η
342 1778 366 1820 f.
397 1779 472 1811 178.

297 1836 333 1877 A
395 1836 642 1880 dextris
702 1841 758 1879 et
812 1851 837 1880 a
891 1837 1186 1881 sinistris
1233 1838 1293 1879 ΙΙίι
1349 1838 1450 1881 Cor.
1492 1838 1537 1880 6Ο
1579 1841 1624 1880 et
1664 1837 1711 1880 in
1753 1836 1947 1892 epistola

178 1907 418 1950 hodierna.
463 1908 734 1950 Graciarum
765 1909 1006 1951 celestium
1036 1909 1227 1952 fontalis
1257 1913 1301 1951 et
1332 1909 1584 1962 originaria
1612 1909 1856 1962 plenitudo
1885 1909 1948 1952 sic

179 1992 203 2020 a
235 1978 411 2020 dextris
445 1979 491 2020 in
523 1980 669 2021 bonos
704 1980 872 2028 influit,
906 1980 1028 2034 quod
1060 1993 1085 2022 a
1119 1980 1320 2022 sinistris
1352 1981 1397 2021 in
1430 1981 1577 2023 malos
1606 1993 1692 2034 per
1722 1980 1946 2022 bonorum

180 2049 460 2102 suffragium
491 2063 540 2091 se
572 2050 808 2104 diffundit,
839 2055 887 2093 ut
916 2052 1040 2093 enim
1072 2052 1135 2094 ait
1168 2051 1393 2094 Maximus
1423 2051 1469 2092 in
1501 2064 1716 2093 sermone
1747 2051 1804 2093 de
1833 2063 1949 2093 mar-

178 2119 343 2162 tiribus
379 2157 385 2164 .
423 2154 430 2161 .
467 2155 475 2162 .
524 2121 689 2163 Coram
722 2125 953 2164 tantarum
989 2122 1321 2175 splendoribus
1355 2123 1646 2164 maiestatum
1683 2156 1690 2164 .
1726 2156 1734 2163 .
1771 2155 1778 2164 .
1814 2120 1947 2164 michi

179 2191 474 2243 proposituro
507 2203 768 2234 sermonem
804 2193 963 2245 sepius
997 2193 1112 2235 illud
1142 2193 1482 2235 Salomonicum
1517 2227 1524 2235 .
1560 2227 1569 2234 .
1605 2227 1612 2235 .
1645 2193 1867 2235 memorie
1899 2204 1948 2235 se

180 2262 364 2303 obiecit:
417 2274 571 2304 sermo
610 2267 866 2315 oportunus
905 2264 1105 2317 optimus
1144 2268 1215 2306 est
1253 2299 1260 2306 .
1297 2299 1305 2306 .
1342 2299 1349 2306 .
1402 2264 1663 2306 Cernebam
1701 2276 1826 2317 ergo,
1862 2262 1947 2315 cui,

181 2332 365 2384 quando
389 2336 435 2374 et
455 2334 533 2374 ubi
560 2338 826 2386 presentem
853 2347 1117 2376 sermonem
1139 2336 1363 2377 haberem
1388 2335 1607 2388 dirigere,
1632 2339 1678 2378 et
1698 2334 1788 2377 cui:
1813 2345 1948 2388 gene-

182 2403 265 2444 rali
296 2403 490 2445 concilio
519 2408 675 2446 sancte
705 2406 865 2447 matris
894 2406 1105 2458 ecclesie,
1136 2410 1180 2448 et
1209 2405 1412 2459 quando:
1456 2406 1502 2447 in
1531 2405 1797 2448 dominicali
1823 2405 1947 2458 prin-

180 2473 299 2526 cipio
324 2478 501 2516 sacrate
529 2475 805 2526 penitencie,
832 2480 877 2517 et
903 2477 998 2517 ubi:
1041 2477 1087 2518 in
1113 2477 1247 2519 locali
1273 2477 1425 2518 medio
1451 2477 1648 2519 civitatis
1675 2474 1946 2519 Constancie

270 2579 277 2586 .
322 2545 457 2587 Facta
487 2548 558 2587 est
587 2546 717 2588 arida
748 2559 910 2588 manus
939 2547 1104 2589 dextra
1136 2582 1143 2589 .
1181 2581 1188 2589 .
1225 2582 1232 2588 .
1276 2548 1358 2589 Hic
1386 2560 1511 2600 ergo,
1540 2547 1613 2589 hic
1641 2547 1830 2599 utinam,
1859 2557 1946 2600 que

181 2616 278 2657 sola
303 2618 468 2668 potest,
493 2617 657 2659 dextra
682 2617 853 2659 domini
880 2618 1024 2660 nostri
1052 2619 1292 2661 materiam
1320 2618 1632 2660 reformatorii
1658 2618 1828 2672 dirigat
1851 2651 1859 2659 .
1894 2651 1902 2658 .
1937 2649 1945 2658 .

298 2720 305 2727 .
342 2720 349 2727 .
386 2720 394 2728 .
428 2687 624 2740 Propter
655 2688 746 2728 XII
778 2689 1095 2742 contumelias,
1128 2702 1244 2742 quas
1277 2689 1568 2742 symoniacus
1598 2689 1744 2731 infert
1775 2689 1873 2730 Deo
1902 2690 1947 2729 et

180 2758 391 2809 ecclesie,
422 2761 559 2810 prout
588 2759 671 2800 hec
701 2762 747 2800 et
776 2758 866 2801 alia
897 2759 1083 2812 copiose
1114 2760 1319 2802 declarat
1349 2760 1570 2813 magister
1599 2759 1860 2802 Guilelmus
1889 2757 1946 2799 de

183 2828 455 2882 Petralataa)
481 2829 658 2871 ordinis
678 2830 823 2871 nostri
850 2830 893 2870 in
918 2841 1095 2872 summa
1118 2844 1201 2872 sua
1224 2843 1367 2873 aurea
1388 2831 1445 2872 de
1468 2832 1600 2873 viciis
1622 2833 1667 2873 et
1688 2829 1945 2878 virtutibus,

179 2901 374 2941 tractatu
398 2899 456 2940 de
484 2899 698 2952 avaricia,
727 2913 823 2954 cap.
852 2901 909 2943 de
937 2901 1158 2953 symonia,
1186 2914 1275 2953 que
1302 2904 1481 2954 pestem
1509 2902 1819 2954 symoniacam
1844 2900 1946 2954 post

181 2971 409 3011 tantorum
439 2969 557 3012 dicta
587 2970 658 3012 hic
686 2972 982 3024 presencium
1013 2972 1275 3014 exclamare
1304 2985 1397 3014 non
1428 2972 1592 3025 audeo,
1622 2971 1704 3015 sed
1732 2972 1942 3013 clamare.

271 3041 385 3087 assim
409 3042 584 3088 I'etraalta.
