2227 3434
534 184 578 220 A.
618 184 818 220 Fissastres
845 183 963 221 Gesta
988 184 1139 220 concilii
1163 184 1486 230 constantiensis.
1807 188 1891 232 165

126 303 210 347 tini
232 303 460 347 scismatis
483 305 531 346 et
551 301 797 345 inveterati
822 316 856 346 s.
879 302 930 345 R.
955 302 1166 356 ecclesie,
1190 303 1313 357 quod
1337 303 1563 347 astiterim
1584 307 1740 348 vestre
1763 318 1892 348 sanc-

124 373 255 427 titati,
287 386 465 417 summo
497 375 543 416 et
573 372 832 416 indubitato
863 373 1074 427 pontifici
1106 377 1150 416 et
1180 386 1293 417 vero
1324 374 1496 418 vicario
1528 375 1674 419 Jhesu
1705 374 1890 418 Christi.

127 443 318 488 Gracias
337 443 484 486 eciam
504 456 590 497 ago
611 443 700 497 ipsi
722 444 1026 497 omnipotenti
1048 444 1160 497 Deo,
1183 445 1473 488 sanctissime
1495 448 1642 499 pater,
1663 445 1788 500 quod
1805 459 1891 500 per

103 517 249 558 'tuam
286 514 556 568 dignitatem
592 514 777 568 dirupta
813 517 920 557 sunt
956 518 1092 568 atque
1130 514 1309 558 deiecta
1345 516 1499 559 omnia
1537 516 1619 560 illa
1654 516 1892 560 obstacula

125 584 288 628 salutis
316 585 519 628 humane
552 598 577 628 a
609 585 832 628 catholica
863 584 977 639 fide,
1008 586 1159 639 posita
1193 589 1346 628 autem
1379 587 1426 628 in
1457 589 1553 629 tuto
1586 590 1723 640 atque
1756 587 1893 630 collo-

124 658 224 700 cata
255 655 470 699 navicula
505 655 632 698 Petri
664 658 730 699 tot
763 655 935 698 dudum
970 656 1326 710 tempestatibus
1361 660 1461 700 acta
1494 660 1540 700 et
1574 658 1621 700 in
1656 657 1891 712 antiquam

124 726 253 770 illam
278 739 409 770 suam
435 725 704 780 dignitatem
730 726 933 779 reducta,
960 728 1145 781 iamque
1172 727 1303 780 illud,
1330 727 1453 781 quod
1478 727 1651 770 dudum
1676 728 1892 782 optabam

124 810 225 840 cum
249 798 442 841 summis
468 796 717 840 desideriis
741 800 788 840 et
813 797 975 840 audire
1001 801 1046 840 et
1069 797 1288 852 videre,⁸)
1316 811 1478 852 pacem
1504 798 1678 842 scilicet
1702 802 1747 843 et
1769 802 1892 843 tran-

124 867 399 922 quillitatem
430 870 586 911 sancte
616 867 731 910 fidei
763 867 986 911 catholice
1017 868 1063 910 in
1090 868 1443 921 presenciarum
1473 869 1717 923 conspicio.
1761 870 1892 913 Nam-

124 951 227 993 que,
261 938 531 982 beatissime
565 941 713 993 pater,
748 951 939 992 magnas
972 939 1109 982 nobis
1144 940 1320 983 exteris
1353 939 1628 984 nacionibus
1661 941 1891 984 mencium

123 1009 507 1054 conturbaciones
531 1009 681 1053 attulit
704 1009 885 1063 scisma,
910 1010 1033 1064 quod
1054 1010 1280 1053 hactenus
1304 1011 1476 1064 pressit
1501 1014 1706 1054 sanctam
1728 1012 1892 1055 Roma-

121 1093 229 1124 nam
264 1080 522 1124 ecclesiam.
569 1081 625 1123 Et
659 1081 767 1134 quia
802 1093 905 1123 cum
940 1080 1154 1124 maximis
1191 1081 1470 1135 singultibus
1505 1082 1891 1125 desiderabamus

120 1151 240 1195 hanc
265 1154 469 1194 sanctam
494 1151 730 1205 unionem,
755 1151 911 1194 audita
937 1164 1050 1206 pace
1077 1155 1122 1195 et
1145 1152 1483 1205 tranquillitate
1510 1153 1706 1196 ecclesie
1733 1156 1889 1197 sancte

122 1223 209 1266 Dei
233 1222 560 1266 inestimabilis
584 1222 842 1265 iocunditas
868 1225 1006 1276 atque
1031 1223 1185 1266 leticia
1208 1222 1367 1266 innata
1389 1223 1525 1267 nobis
1549 1223 1638 1267 fuit
1660 1224 1890 1277 omnibuS‚

122 1292 200 1348 qui
232 1293 451 1347 regiones
483 1292 591 1336 illas
623 1293 791 1336 Russie
824 1293 1102 1336 habitamus.
1152 1293 1263 1337 Cum
1298 1294 1453 1348 itaque
1488 1307 1586 1348 ego,
1620 1294 1889 1338 beatissime

121 1366 268 1419 pater,
289 1363 463 1407 dudum
482 1363 602 1422 hanc
625 1367 829 1408 sanctam
849 1365 1071 1407 unionem
1093 1364 1428 1418 desiderarem,
1451 1364 1543 1408 adii
1565 1365 1891 1409 christianissi-

122 1447 246 1478 mum
281 1434 518 1478 dominum
555 1448 723 1488 meum,
761 1435 803 1478 d.
841 1448 999 1489 regem
1036 1435 1228 1478 Polonie
1267 1449 1318 1478 ac
1356 1436 1397 1478 d.
1437 1436 1600 1478 ducem
1635 1436 1890 1479 Witoldum

121 1504 315 1549 fratrem
344 1519 493 1560 suum,
523 1505 847 1549 devotissimos
877 1506 1115 1560 principes
1147 1519 1383 1549 sacrorum
1412 1506 1583 1561 pedum
1614 1510 1890 1559 vestrorum,

122 1576 246 1631 apud
270 1589 387 1631 quos
413 1577 601 1632 contigit
626 1589 700 1620 me
728 1590 784 1620 eo
809 1580 1020 1631 tempore
1048 1577 1250 1631 reperiri
1277 1580 1322 1620 et
1348 1580 1397 1620 ut
1422 1578 1674 1632 plurimum
1702 1591 1892 1621 conver-

123 1647 230 1701 sari,
249 1659 448 1701 quorum
471 1647 616 1691 eciam
641 1649 1050 1692 serenissimorum
1072 1648 1335 1702 principum
1358 1648 1611 1691 devocione
1635 1651 1681 1692 et
1704 1649 1891 1703 amplis-

123 1718 238 1763 sima
259 1718 358 1762 fide
383 1718 557 1762 dudum
579 1718 637 1762 ad
658 1719 778 1762 hanc
802 1722 1006 1763 sanctam
1029 1720 1314 1762 voluntatem
1338 1722 1494 1762 sancte
1517 1720 1724 1762 Romane
1748 1720 1891 1763 eccle-

123 1790 191 1833 sie
218 1792 369 1833 motus
398 1803 499 1834 sum
527 1792 664 1843 atque
693 1789 932 1843 deductus,
961 1793 1011 1833 ut
1035 1803 1129 1833 non
1159 1791 1308 1833 solum
1338 1803 1424 1844 ego
1453 1790 1511 1833 ad
1536 1790 1657 1833 hanc
1686 1793 1889 1834 sanctam

122 1859 266 1904 fidem
290 1861 489 1904 ecclesie
515 1874 693 1904 summa
719 1861 979 1904 exarserim
1006 1861 1238 1914 aviditate,
1267 1864 1336 1905 set
1362 1862 1507 1904 eciam
1534 1861 1748 1905 omnibus
1774 1862 1890 1904 meis

122 1931 299 1975 viribus
324 1934 370 1975 et
395 1932 518 1975 omni
544 1945 647 1975 mea
674 1944 784 1975 cura
810 1935 856 1975 et
879 1931 1038 1986 vigilia
1064 1931 1405 1975 elaboraverim
1433 1931 1562 1985 alios,
1590 1945 1888 1986 quoscunque

122 2002 263 2056 potui,
293 2002 353 2046 ad
379 2003 500 2046 hanc
531 2005 733 2046 sanctam
764 2003 1048 2059 voluntatem
1079 2003 1301 2046 inducere
1331 2003 1619 2057 predicando
1649 2006 1695 2047 et
1723 2016 1891 2046 ammo-

121 2073 275 2116 nendo
308 2073 354 2116 in
386 2072 631 2127 ydeomate
662 2073 745 2117 illo
776 2073 1015 2117 Rutenico.
1061 2074 1131 2117 Ex
1164 2073 1332 2128 quibus
1364 2073 1565 2128 populis,
1599 2073 1888 2118 sanctissime

122 2146 268 2198 pater,
291 2144 460 2188 multos
486 2144 643 2198 reperi
665 2145 805 2188 huius
831 2148 988 2188 sancte
1011 2145 1276 2198 voluntatis,
1302 2145 1378 2199 qui
1405 2146 1596 2199 cupiunt
1617 2145 1738 2188 hanc
1762 2158 1889 2188 sanc-

124 2217 215 2258 tam
233 2215 454 2259 unionem
475 2215 685 2260 ecclesie.
723 2215 883 2269 Itaque
905 2216 1106 2270 supplex
1126 2216 1284 2270 rogavi
1304 2216 1539 2270 predictos
1562 2216 1889 2259 serenissimos

126 2284 375 2340 principes,
419 2289 650 2340 quatenus
694 2300 766 2329 me
811 2287 1092 2341 expedirent
1135 2286 1297 2329 venire
1343 2287 1399 2330 ad
1444 2287 1592 2341 pedes
1636 2286 1889 2330 sanctitatis

122 2358 277 2399 vestre
308 2356 367 2400 ob
396 2357 518 2400 hanc
549 2358 750 2401 maxime
785 2371 985 2408 causam,
1016 2360 1066 2401 ut
1098 2371 1184 2411 ego
1216 2357 1362 2401 eciam
1394 2357 1583 2400 fruerer
1613 2358 1700 2401 hac
1733 2360 1888 2401 sancta

125 2438 237 2480 pace
258 2428 455 2471 ecclesie
478 2428 565 2471 Dei
587 2441 689 2471 cum
713 2428 880 2472 ceteris
904 2428 1183 2481 christianis,
1208 2429 1401 2483 insuper
1425 2429 1571 2472 eciam
1593 2431 1640 2471 et
1662 2441 1888 2481 rogarem,

126 2496 290 2550 quibus
310 2498 529 2552 precibus
549 2499 739 2553 possim,
764 2499 1051 2543 sanctitatem
1073 2502 1290 2547 vestram.
1313 2499 1544 2553 quatinus,
1569 2499 1684 2548 sicut
1707 2499 1791 2541 Dei
1815 2513 1890 2541 vo-

124 2566 299 2612 luntate
338 2569 385 2612 in
422 2582 626 2623 persona
666 2570 919 2614 sanctitatis
956 2574 1112 2614 vestre
1150 2571 1349 2614 ecclesia
1388 2570 1472 2613 Dei
1513 2571 1641 2613 unita
1680 2573 1751 2613 est
1787 2582 1886 2611 cum

126 2649 302 2683 summa
332 2640 456 2683 omni
488 2640 741 2695 alacritate,
771 2641 834 2685 ita
864 2641 1009 2685 eciam
1038 2654 1125 2696 per
1157 2642 1445 2685 sanctitatem
1476 2644 1679 2684 vestram
1712 2652 1889 2683 summa

126 2719 235 2752 cura
259 2712 395 2764 atque
421 2711 733 2755 sollicitudine
759 2715 934 2766 agatur,
959 2713 1177 2766 quatinus
1201 2712 1285 2756 fiat
1310 2713 1421 2755 unio
1446 2711 1568 2755 inter
1593 2712 1720 2754 illam
1746 2712 1889 2753 eccle-

127 2778 241 2822 siam
271 2779 555 2825 Orientalem
589 2795 690 2825 cum
724 2786 881 2827 sancta
912 2783 1119 2827 Romana
1151 2784 1363 2836 ecclesia,
1397 2796 1688 2836 quamquam,
1721 2781 1890 2824 beatis-

127 2848 242 2892 sime
262 2853 411 2905 pater,
434 2855 481 2896 et
501 2856 609 2896 ante
628 2853 715 2897 has
738 2867 867 2897 meas
890 2867 1068 2908 preces,
1093 2867 1208 2908 quas
1230 2854 1278 2896 in
1303 2853 1650 2908 presenciarum
1677 2852 1887 2903 effundo,

125 2921 177 2962 ut
204 2920 344 2975 sensi,
375 2922 592 2966 sanctitas
622 2927 779 2968 vestra
810 2938 994 2968 omnem
1023 2938 1181 2968 curam
1213 2928 1260 2968 et
1291 2924 1650 2968 sollicitudinem
1684 2923 1775 2976 agit
1804 2935 1889 2976 pro

127 2988 401 3036 reduccione
423 2992 612 3037 illarum
632 2994 856 3050 parcium,
880 3009 1159 3050 quamquam
1184 2995 1348 3039 obruta
1374 2994 1431 3038 sit
1453 3007 1586 3037 mens
1609 2993 1667 3037 ad
1690 3005 1887 3047 presens

229 3091 260 3126 a)
279 3093 319 3127 B,
340 3094 364 3122 0
379 3094 526 3123 audirem
547 3096 580 3124 et
598 3095 755 3124 viderem.
