2227 3434
541 157 586 192 A.
625 156 824 193 Fillastres
853 158 968 194 Gesta
995 160 1146 194 concilii
1171 159 1487 196 constantiensis.
1844 164 1897 206 17

130 276 286 316 autem
307 287 455 328 pauca
475 277 800 328 preparatoria
823 280 922 320 acta
946 281 1066 330 sunt,
1089 278 1267 321 effectu
1289 280 1382 322 alia
1405 283 1558 322 autem
1581 282 1751 335 nullaa)
1778 283 1897 324 circa

128 344 517 396 reformacionem
536 347 750 390 ecclesie.
783 347 921 390 Tacta
941 352 1047 390 sunt
1065 348 1306 404 quedamb)
1329 363 1415 403 per
1434 351 1615 404 aliquos
1633 353 1897 396 cardinales

111 415 390 470 deputato&
423 420 494 459 set
528 429 716 471 semper
749 418 796 460 in
830 419 1128 462 conclusione
1164 419 1355 463 fuerunt
1388 422 1635 475 prepediti.

250 498 302 540 In
326 500 478 552 prima
503 503 658 542 tamen
685 501 998 544 convencione
1027 503 1074 543 in
1100 503 1282 555 palacio
1309 503 1502 546 absente
1530 517 1651 557 papa
1678 517 1737 546 ex
1765 508 1896 558 parte

127 570 338 613 nacionis
363 570 541 613 Ytalice
566 571 673 614 data
697 575 769 614 est
792 585 878 625 pro
903 572 1097 615 materia
1122 574 1305 615 concilii
1330 574 1495 617 cedula
1521 576 1568 616 in
1594 575 1770 618 effectu
1794 589 1898 617 con-

127 640 336 694 cludens,
368 641 492 694 quod
522 642 569 683 in
601 643 796 685 concilio
826 643 977 696 primo
1007 648 1225 697 ageretur
1256 644 1313 686 de
1345 645 1707 688 confirmacione
1740 646 1893 688 Pisani

127 712 310 754 concilii
332 716 379 754 et
399 714 682 755 execucione
704 715 1048 756 sentenciarum
1073 715 1200 757 illius
1223 728 1308 768 per
1330 716 1690 769 aggravaciones
1713 720 1758 759 et
1780 718 1897 759 alios

126 782 302 825 modos.
337 783 435 835 Qua
458 784 623 826 cedula
646 785 764 827 lecta
788 784 831 827 d.
856 785 1109 827 cardinalis
1135 786 1486 829 Cameracensis
1510 788 1663 829 statim
1686 788 1897 840 porrexit

99 853 267 896 -aliam
304 853 518 896 cedulam
554 855 848 907 contrariam,
885 868 975 908 que
1014 860 1121 898 ante
1159 856 1258 899 visa
1296 856 1452 899 fuerat
1488 870 1574 911 per
1610 858 1896 901 cardinalem

127 925 274 967 sancti
312 925 451 967 Marci
485 928 530 967 et
565 925 791 978 quosdam
827 927 944 969 alios
979 927 1186 980 prelatos
1222 931 1268 970 et
1304 927 1516 971 doctores
1553 928 1758 972 Gallicos
1792 942 1896 971 con-

125 995 320 1037 cludens
348 997 395 1038 in
421 995 598 1038 effectu
624 998 920 1049 contrarium,
947 1001 1135 1051 attento,
1162 998 1286 1051 quod
1312 999 1656 1042 ambaxiatores
1684 1000 1809 1042 Petri
1837 1000 1895 1041 de

126 1065 257 1109 Luna
285 1070 332 1108 et
360 1067 528 1120 Angeli
560 1067 752 1110 Corario
782 1069 1048 1120 veniebant,
1080 1068 1226 1111 donec
1256 1070 1420 1111 saltem
1452 1074 1611 1112 essent
1641 1071 1798 1113 auditi.
1842 1071 1896 1112 Et

125 1138 188 1180 ita
211 1137 338 1180 siluit
362 1138 443 1180 illa
467 1139 675 1181 materia.
716 1139 906 1180 Interim
930 1142 1079 1181 actum
1104 1143 1176 1182 est
1199 1144 1358 1182 contra
1382 1141 1614 1193 quendam
1639 1141 1895 1183 hereticum

125 1207 347 1250 Boemum
382 1209 550 1250 dictum
585 1209 847 1251 Johannem
882 1210 979 1252 Hus
1013 1214 1059 1252 et
1094 1210 1151 1252 de
1188 1211 1428 1253 erroribus
1463 1211 1690 1254 Johannis
1725 1212 1896 1253 Wiclef

123 1279 321 1332 Anglici.
366 1279 520 1322 Tenor
552 1292 665 1322 vero
698 1280 863 1322 cedule
897 1280 1006 1322 dicti
1040 1281 1081 1323 d.
1116 1281 1369 1324 cardinalis
1404 1282 1757 1325 Cameracensis
1787 1283 1894 1324 talis

123 1353 212 1392 est:
254 1350 483 1393 Secuntur
511 1351 668 1404 alique
696 1351 1019 1393 conclusiones
1049 1385 1058 1393 .
1093 1385 1102 1393 .
1137 1385 1146 1393 .
1175 1352 1381 1394 heretice
1409 1353 1707 1407 pravitatisf)

241 1433 540 1476 Postmodum
562 1435 691 1476 venit
713 1446 798 1475 rex
822 1433 1134 1476 Romanorum
1159 1435 1207 1476 in
1231 1438 1362 1476 nocte
1389 1435 1617 1477 dominice
1641 1435 1894 1477 nativitatis

123 1507 169 1546 et
191 1507 295 1558 post
316 1504 445 1547 illius
468 1505 732 1558 adventum,
755 1506 903 1547 eciam
925 1505 1033 1558 quia
1055 1505 1307 1548 veniebant
1329 1506 1485 1547 nuncii
1508 1507 1676 1559 Angeli
1700 1510 1745 1548 et
1769 1506 1894 1548 Petri

123 1574 182 1617 de
208 1575 353 1628 Luna,
377 1588 573 1629 quorum
598 1575 742 1628 aliqui
767 1579 903 1618 erant
926 1576 1304 1628 anticardinales‚
1330 1589 1497 1629 magna
1521 1577 1767 1619 altercacio
1792 1576 1893 1628 fuit,

123 1645 163 1688 si
186 1646 570 1700 permitterentur
594 1646 778 1700 ingredi
803 1659 906 1688 cum
931 1647 1079 1689 rubeo
1104 1647 1300 1700 capello.
1339 1647 1394 1689 Et
1419 1660 1504 1701 pro
1530 1647 1652 1690 bona
1676 1660 1791 1700 pace
1817 1647 1894 1690 ob-

122 1719 300 1759 tentum
321 1720 406 1771 est,
429 1717 553 1771 quod
575 1717 654 1771 sie,
677 1720 723 1760 et
745 1718 808 1760 ita
830 1717 1031 1770 ingressi
1053 1721 1174 1760 sunt.

238 1800 378 1842 Venit
404 1800 551 1842 eciam
580 1800 675 1842 dux
704 1800 900 1842 Bavarie
929 1800 1190 1842 Ludovicus
1219 1800 1447 1843 obediens
1474 1801 1655 1853 Angelo
1686 1800 1891 1843 Corario.

123 1871 179 1913 Et
216 1870 404 1913 tandem
443 1883 598 1913 coram
638 1883 749 1924 rege
789 1871 1102 1912 Romanorum
1141 1871 1299 1913 nuncii
1338 1872 1507 1924 Angeli
1548 1874 1893 1924 proposuerunt

122 1941 309 1994 publice
334 1945 380 1984 et
404 1942 451 1983 in
475 1941 652 1983 effectu
676 1941 890 1984 fecerunt
915 1954 965 1984 se
991 1941 1138 1984 fortes
1163 1941 1221 1983 de
1246 1943 1321 1984 via
1345 1942 1572 1984 cessionis
1596 1955 1681 1996 pro
1706 1942 1892 1984 domino

122 2025 220 2055 suo.
260 2013 447 2055 Nullum
475 2008 631 2054 tamen
659 2012 926 2055 mandatum
956 2012 1276 2055 ostenderunt.

240 2094 595 2148 Consequenter
617 2094 761 2137 auditi
784 2098 891 2137 sunt
911 2095 1069 2136 nuncii
1093 2095 1219 2137 Petri
1244 2095 1301 2136 de
1326 2094 1471 2147 Luna,
1495 2096 1573 2148 qui
1597 2095 1740 2136 nichil
1764 2094 1891 2137 aliud

120 2165 390 2208 obtulerunt
422 2166 512 2208 nisi
546 2166 900 2208 conventionem
934 2166 1058 2219 regis
1092 2166 1403 2207 Romanorum
1437 2178 1540 2207 cum
1574 2178 1685 2219 rege
1720 2166 1891 2218 Arago-

121 2249 233 2279 num
252 2240 300 2279 et
318 2237 456 2279 Petro
476 2236 534 2278 de
555 2236 700 2290 Luna,
720 2249 858 2290 quam
877 2249 962 2278 rex
982 2236 1309 2289 Romanorum,
1330 2239 1378 2279 ut
1398 2236 1627 2288 dicebant,
1647 2236 1888 2290 petiverat.

122 2307 177 2350 Et
200 2308 560 2350 nominaverunt
586 2308 736 2349 locum
762 2307 887 2349 Nicie
914 2310 959 2349 et
984 2310 1168 2360 tempus
1196 2308 1243 2348 in
1269 2307 1421 2360 Aprili
1447 2308 1674 2360 proximo.
1713 2306 1889 2359 Quibus

119 2378 262 2420 nichil
294 2377 443 2421 adhuc
472 2381 544 2421 est
574 2390 866 2431 responsum.

238 2461 348 2504 Post
380 2461 466 2503 hoc
502 2461 597 2503 dux
631 2461 828 2503 Bavarie
865 2460 1125 2503 Ludovicus
1160 2473 1313 2503 coram
1350 2473 1460 2514 rege
1497 2461 1808 2502 Romanorum
1845 2463 1890 2501 et

120 2532 335 2586 pluribus
363 2531 559 2585 prelatis
588 2535 634 2573 et
664 2531 771 2574 aliis
801 2531 986 2584 publice
1018 2531 1216 2584 proponi
1247 2530 1356 2572 fecit
1386 2534 1600 2573 contenta
1632 2531 1678 2572 in
1709 2530 1888 2582 cedula,

119 2603 252 2646 cuius
275 2605 410 2645 tenor
435 2602 663 2655 sequitur:

235 2684 283 2727 Si
309 2685 463 2738 placet
489 2685 618 2738 regie
646 2683 874 2726 maiestati
904 2717 913 2725 .
949 2717 958 2725 .
993 2717 1002 2725 .
1037 2684 1083 2725 in
1110 2683 1330 2737 eodem.²)

222 2830 253 2858 a)
279 2825 303 2852 C
329 2824 466 2851 Interim
489 2826 598 2851 autem
619 2831 710 2858 prcp.
733 2826 808 2851 acta
828 2826 920 2855 suun
944 2824 975 2851 Ι)
998 2823 1116 2857 Aliqua
1142 2824 1274 2850 interim
1296 2826 1404 2850 autem
1425 2830 1516 2857 prop.
1541 2823 1624 2850 Stati
1648 2821 1739 2849 nulla
1758 2822 1889 2849 wieder-

115 2869 182 2898 1012
202 2871 231 2898 Β
249 2878 363 2906 pauca.
402 2871 434 2903 b)
454 2870 535 2904 fehlt
558 2872 597 2904 B,
621 2871 661 2905 D,
682 2871 731 2898 bei
754 2871 778 2898 C
793 2871 974 2905 hinwsfiqt.

236 2931 270 2974 ¹)
309 2931 431 2966 Hardt
469 2931 521 2974 ΙΙ,
560 2931 692 2975 193ῙΤ,·
732 2931 859 2966 Mansa·
897 2929 1056 2972 XXVII,
1096 2929 1193 2974 5427
1231 2931 1299 2964 mil
1338 2931 1414 2964 den
1456 2929 1672 2964 bekannlen
1711 2927 1886 2962 Randbe-

120 2990 371 3034 merkunyen.

235 3050 269 3092 ²)
294 3049 415 3083 Hardt
439 3047 491 3091 ΙΙ,
513 3049 602 3092 206,-
626 3048 753 3083 Mansa·
776 3047 936 3089 XXVII,
959 3047 1036 3083 552.

1538 3105 1563 3145 2
