2227 3434
501 206 540 242 B.
588 207 666 243 Der
697 207 796 243 liber
828 211 1023 253 gestorum
1058 209 1126 243 des
1159 207 1400 243 Cerretanus.
1733 206 1815 252 291

50 327 312 379 cessissem,
341 325 431 368 nisi
460 326 569 378 quia
597 326 735 369 video
764 326 935 368 factum
964 327 1160 369 ecclesie
1190 327 1238 368 in
1266 339 1433 380 magno
1460 327 1670 380 periculo
1698 340 1818 379 esse,

51 398 159 450 quia
185 397 401 439 continue
428 409 577 450 penes
604 397 645 438 d.
673 409 830 450 regem
858 401 964 439 sunt
992 397 1149 451 aliqui,
1177 397 1254 450 qui
1282 410 1387 439 eum
1415 398 1667 451 stimulant,
1696 398 1818 451 quod

50 481 120 521 ea,
140 480 229 521 que
249 467 360 509 fecit
379 471 527 521 pater,
548 467 718 510 debeat
737 480 972 521 revocare,
994 469 1204 521 quamvis
1224 468 1325 521 ipse
1347 481 1533 521 semper
1553 468 1609 511 sit
1629 469 1677 510 in
1697 469 1818 510 bono

50 539 288 592 proposito
313 538 493 591 firmus,
521 538 694 591 dicens,
723 539 846 591 quod
872 539 1031 592 credit,
1059 539 1182 592 quod
1205 552 1275 592 ea,
1302 552 1392 593 que
1418 539 1528 581 fecit
1551 542 1698 593 pater,
1725 551 1820 580 cre-

51 609 129 662 dit,
162 609 285 662 quod
316 608 620 662 benefecerit,
652 613 697 651 et
730 609 777 650 in
809 613 1031 662 quantum
1062 610 1245 663 poterit,
1279 610 1517 652 mandabit
1548 610 1703 652 omnia
1734 621 1820 663 per

50 683 230 733 patrem
262 679 493 734 promissa
526 680 809 722 execucioni.
856 680 951 734 Ego
985 693 1096 723 vero
1129 681 1216 723 ista
1249 680 1445 723 audiens
1477 680 1630 734 ipsum
1665 680 1819 723 audivi

50 754 96 794 et
119 752 162 793 ei
186 751 354 793 reduxi
379 751 438 793 ad
463 751 733 793 memoriam
758 751 1116 805 promissionem
1140 755 1233 793 tam
1258 764 1343 805 per
1367 755 1548 805 patrem
1573 764 1711 805 quam
1733 763 1820 805 per

51 823 202 875 ipsum
230 821 398 864 factam
428 825 472 864 et
501 822 625 875 quod
653 823 860 875 placeret
889 809 1120 864 maiestati
1150 836 1232 865 sue
1262 822 1415 865 omnia
1444 822 1712 865 execucioni
1744 822 1820 864 de-

51 892 273 935 mandare
302 905 388 935 nec
417 894 529 935 velit
559 893 752 935 credere
783 893 1046 936 volentibus
1077 894 1334 946 malignare
1366 897 1411 935 et
1441 894 1592 947 ipsum
1622 893 1669 935 in
1698 893 1820 936 bono

50 965 289 1018 proposito
327 964 598 1007 exhortatus
637 964 718 1017 fui,
757 968 979 1018 quantum
1016 964 1156 1017 potui.
1213 964 1318 1018 Ipse
1358 977 1470 1006 vero
1508 964 1644 1006 michi
1683 963 1819 1006 valde

51 1035 174 1078 bene
191 1035 447 1089 respondit,
467 1035 591 1088 quod
611 1048 703 1077 non
726 1035 947 1088 dubitem,
968 1035 1091 1089 quod
1111 1035 1266 1077 omnia
1284 1048 1369 1088 per
1388 1039 1569 1089 patrem
1589 1035 1820 1089 promissa

49 1106 320 1148 execucioni
348 1105 598 1148 mandabit.
641 1107 767 1148 Nunc
796 1118 908 1148 vero
936 1106 1027 1148 hiis
1056 1106 1223 1149 diebus
1250 1106 1462 1160 proxime
1493 1107 1682 1160 elapsis,
1712 1105 1820 1147 dum

50 1189 135 1230 ego
162 1189 316 1220 essem
345 1177 517 1220 absens
545 1190 570 1219 a
599 1178 711 1230 loco,
739 1178 818 1219 ubi
848 1177 948 1230 ipse
978 1181 1061 1230 est,
1092 1178 1243 1230 ipsum
1273 1177 1518 1219 adiverunt
1546 1176 1690 1230 aliqui
1717 1189 1820 1230 pre—

51 1249 130 1290 lati
161 1248 282 1290 bene
314 1249 469 1302 magni
501 1248 558 1290 de
591 1260 735 1301 regno
767 1249 868 1301 isto,
900 1249 977 1301 qui
1011 1248 1054 1290 ei
1086 1248 1317 1300 dixerunt,
1349 1249 1550 1301 qualiter
1582 1247 1820 1290 subtracti—

51 1331 200 1373 onem,
239 1332 376 1373 quam
412 1322 546 1373 pater
584 1319 774 1372 fecerat,
812 1322 971 1361 contra
1008 1320 1253 1361 consilium
1291 1320 1495 1360 omnium
1533 1319 1819 1372 prelatorum

51 1389 244 1443 fecerat;
272 1402 417 1444 quare
442 1390 651 1444 placeret
675 1390 762 1432 sibi
788 1403 890 1432 eam
916 1402 1136 1432 revocare
1163 1393 1207 1432 et
1232 1389 1545 1431 obedientiam
1572 1388 1819 1431 restituere

51 1461 92 1504 d.
121 1461 259 1503 Petro
286 1461 343 1503 de
373 1461 517 1503 Luna.
561 1461 666 1515 Ipse
696 1474 806 1503 vero
834 1460 1088 1514 respondit,
1117 1461 1253 1514 quod,
1282 1460 1508 1514 quidquid
1536 1460 1647 1502 fecit
1672 1462 1819 1514 pater,

51 1532 171 1575 benc
192 1532 315 1586 fecit,
337 1535 383 1575 et
404 1532 505 1586 ipse
529 1532 682 1574 omnia
706 1531 992 1585 adimplebit,
1016 1535 1237 1585 quantum
1261 1533 1307 1573 in
1329 1544 1384 1573 eo
1407 1532 1495 1573 erit
1519 1565 1526 1573 .
1563 1565 1571 1573 .
1607 1565 1616 1572 .
1649 1530 1820 1573 Omnes

52 1603 190 1645 michi
210 1604 558 1657 consuluerunt,
581 1604 703 1657 quod
725 1616 819 1645 non
839 1603 1125 1655 recederem,
1146 1616 1296 1656 usque
1319 1615 1409 1656 quo
1429 1615 1523 1644 non
1544 1602 1700 1644 veniat
1721 1613 1820 1653 rex,

51 1677 95 1716 et
131 1674 424 1728 postmodum
462 1675 678 1717 continue
717 1686 865 1728 penes
902 1674 1054 1727 ipsum
1094 1677 1232 1726 stare,
1271 1677 1319 1715 ut
1357 1673 1511 1715 omnia
1550 1671 1819 1714 execucioni

51 1745 255 1798 mandet3
283 1745 390 1798 quia
418 1745 587 1798 dicunt,
614 1745 738 1798 quod
764 1748 889 1788 esset
915 1744 1051 1787 valde
1079 1745 1197 1797 leve,
1225 1744 1348 1797 quod
1374 1744 1474 1798 ipse
1502 1744 1559 1786 de
1587 1743 1710 1786 bona
1737 1755 1820 1785 sua

51 1816 286 1859 voluntate
309 1819 596 1859 ammovetur
618 1816 666 1858 in
688 1816 908 1858 absencia
929 1828 1047 1869 mea,
1069 1816 1193 1869 quod
1215 1828 1308 1857 non
1329 1815 1468 1857 faciet
1488 1827 1563 1856 me
1583 1816 1818 1868 presente.

52 1920 60 1928 .
95 1921 103 1929 .
139 1887 188 1942 ἢ)
232 1887 333 1930 Dat.
363 1886 657 1930 Barchinone
685 1886 808 1929 XXI.
836 1886 1026 1940 Aprilis.

166 1958 219 2000 V.
253 1971 290 2001 r.
322 1971 365 2012 p.
400 1959 598 2000 servitor
630 1957 870 2001 Johannes
903 1957 959 2000 de
993 1957 1179 2011 Oppizis
1213 1957 1395 1999 auditor
1428 1956 1547 1999 sacri
1577 1955 1760 2009 palacii.

167 2029 252 2071 Die
281 2028 470 2072 veneris
498 2029 594 2071 XV.
624 2030 800 2072 mensis
835 2028 940 2071 Maii
970 2028 1091 2071 facta
1121 2027 1422 2081 congregacio
1452 2027 1690 2080 generalis
1723 2064 1729 2070 .
1767 2026 1779 2067 .’
1811 2059 1819 2067 .

52 2099 149 2143 loco
178 2100 314 2142 solito
344 2099 582 2142 sessionis.
628 2101 680 2142 In
710 2112 800 2153 qua
829 2100 871 2142 d.
901 2099 1030 2153 prior
1059 2098 1295 2152 generalis
1326 2098 1384 2141 de
1416 2097 1631 2140 Mercede
1663 2109 1820 2139 ascen-

52 2170 169 2214 dens
209 2171 455 2214 ambonem
496 2171 828 2224 propositoque
870 2171 1090 2213 themate:
1147 2169 1427 2212 Benedictus
1469 2169 1595 2210 Deus
1637 2171 1818 2221 patrum

51 2244 328 2296 nostrorum,
366 2242 443 2296 qui
482 2242 610 2284 dedit
647 2242 750 2284 filio
788 2241 911 2295 regis
948 2241 1212 2283 clarificare
1251 2241 1437 2282 domum
1477 2252 1607 2282 suam
1649 2237 1818 2293 (Esdre

53 2312 151 2355 111³.
184 2313 305 2367 cap.)
341 2312 503 2366 pulcre
536 2312 803 2366 perorando
837 2325 1014 2355 sacram
1047 2312 1458 2365 congregacionem
1493 2309 1820 2353 Constancien-

53 2394 148 2424 sem
183 2383 454 2426 exhortatus
491 2387 561 2426 est
596 2383 653 2426 ad
689 2384 928 2437 pacienter
963 2382 1304 2436 expectandum
1339 2382 1546 2435 prelatos
1582 2380 1640 2423 de
1676 2392 1819 2433 regno

51 2453 331 2508 Aragonum,
365 2454 583 2508 quoniam
618 2467 701 2496 rex
737 2467 884 2497 novus
919 2454 1158 2505 Altonsus,
1192 2456 1240 2495 ut
1273 2465 1358 2506 per
1393 2452 1571 2494 litteras
1606 2451 1707 2493 eius
1741 2450 1819 2492 ha-

57 2523 232 2578 buerat,
275 2524 335 2567 ad
377 2526 757 2578 prosecucionem
800 2525 989 2567 unionis
1031 2537 1116 2577 per
1160 2523 1261 2566 eius
1305 2524 1563 2576 genitorem
1607 2521 1819 2564 inchoate

52 2594 398 2638 ferventissime
432 2596 619 2638 volebat
650 2595 910 2648 intendere,
943 2598 1080 2648 prout
1114 2595 1267 2636 eidem
1303 2605 1432 2637 sacre
1468 2591 1819 2646 congregacioni

51 2666 318 2719 cunctisque
348 2666 507 2708 mundi
535 2666 826 2720 principibus
853 2669 898 2708 et
931 2666 1063 2708 Italie
1094 2664 1497 2707 communitatibus
1526 2662 1706 2716 magnis
1735 2673 1819 2715 per

54 2747 160 2778 suas
186 2735 367 2780 litteras
396 2736 703 2780 intimaverat.
743 2737 851 2779 Post
878 2736 1088 2779 eiusdem
1115 2735 1351 2790 generalis
1378 2735 1642 2776 oracionem
1671 2736 1714 2774 et
1743 2745 1819 2773 ex-

52 2804 367 2849 hortacionem
394 2808 680 2850 venerabilis
707 2811 752 2850 et
779 2808 996 2860 egregius
1024 2807 1180 2849 doctor
1209 2806 1250 2848 d.
1280 2806 1519 2848 Johannes
1546 2802 1732 2845 Abundi
1760 2802 1817 2843 de

53 2876 247 2920 nacione
274 2876 552 2921 Germanica
579 2878 838 2921 ascendens
865 2878 1109 2920 ambonem
1139 2876 1248 2930 legit
1274 2877 1454 2918 litteras
1483 2872 1818 2925 infrascriptas‚

55 2946 283 2990 sinceram
329 2949 639 2991 intencionem
686 2948 791 2990 dicti
838 2948 878 2992 d.
928 2947 1065 3001 regis,
1112 2959 1249 2999 quam
1295 2946 1435 2988 habet
1481 2944 1538 2986 ad
1586 2943 1818 2993 unionem,

55 3020 338 3060 reserantes:

141 3088 278 3153 ῑῖὶε
299 3090 400 3155 10191-
420 3111 518 3146 Bitte
542 3121 606 3146 um
632 3111 742 3153 GeM,
766 3112 815 3145 da
840 3121 881 3146 er
906 3111 1022 3145 sehon
1046 3111 1117 3153 „de
1141 3109 1297 3153 propria
1322 3108 1461 3142 bursa“
1486 3105 1681 3148 ausqeleqt
1708 3103 1817 3138 habe.

1532 3165 1603 3205 lv*
