<?xml version="1.0" encoding="UTF-8"?>
<!DOCTYPE html PUBLIC "-//W3C//DTD XHTML 1.0 Transitional//EN"
    "http://www.w3.org/TR/xhtml1/DTD/xhtml1-transitional.dtd">
<html xmlns="http://www.w3.org/1999/xhtml" xml:lang="en" lang="en">
 <head>
  <title>
</title>
<meta http-equiv="Content-Type" content="text/html;charset=utf-8" />
  <meta name='ocr-system' content='tesseract 3.04.00' />
  <meta name='ocr-capabilities' content='ocr_page ocr_carea ocr_par ocr_line ocrx_word'/>
</head>
<body>
  <div class='ocr_page' id='page_1' title='image "./actaconciliicons02counuoft/actaconciliicons02counuoft_0602.png"; bbox 0 0 2102 3444; ppageno 0'>
   <div class='ocr_carea' id='block_1_1' title="bbox 186 85 1512 139">
    <p class='ocr_par' dir='ltr' id='par_1_1' title="bbox 186 85 1512 139">
     <span class='ocr_line' id='line_1_1' title="bbox 186 85 1512 139; baseline -0.008 -9"><span class='ocrx_word' id='word_1_1' title='bbox 186 96 271 139; x_wconf 78' lang='grc'>588</span> <span class='ocrx_word' id='word_1_2' title='bbox 629 92 695 126; x_wconf 93' lang='lat' dir='ltr'>III.</span> <span class='ocrx_word' id='word_1_3' title='bbox 725 90 935 126; x_wconf 82' lang='lat' dir='ltr'>Abschnitt.</span> <span class='ocrx_word' id='word_1_4' title='bbox 976 88 1128 122; x_wconf 82' lang='lat' dir='ltr'>Reform</span> <span class='ocrx_word' id='word_1_5' title='bbox 1158 87 1234 121; x_wconf 85' lang='lat' dir='ltr'>und</span> <span class='ocrx_word' id='word_1_6' title='bbox 1264 85 1512 130; x_wconf 86' lang='lat' dir='ltr'>Verfassung.</span> 
     </span>
    </p>
   </div>
   <div class='ocr_carea' id='block_1_2' title="bbox 188 203 1959 1454">
    <p class='ocr_par' dir='ltr' id='par_1_2' title="bbox 188 203 1954 335">
     <span class='ocr_line' id='line_1_2' title="bbox 188 203 1954 265; baseline -0.005 -10"><span class='ocrx_word' id='word_1_7' title='bbox 188 217 232 255; x_wconf 76' lang='lat' dir='ltr'>et</span> <span class='ocrx_word' id='word_1_8' title='bbox 255 226 345 254; x_wconf 89' lang='lat' dir='ltr'>non</span> <span class='ocrx_word' id='word_1_9' title='bbox 370 225 453 265; x_wconf 87' lang='lat' dir='ltr'>per</span> <span class='ocrx_word' id='word_1_10' title='bbox 478 214 770 255; x_wconf 84' lang='lat' dir='ltr'>mercatores,</span> <span class='ocrx_word' id='word_1_11' title='bbox 796 207 872 260; x_wconf 92' lang='lat' dir='ltr'>qui</span> <span class='ocrx_word' id='word_1_12' title='bbox 898 219 986 248; x_wconf 95' lang='lat' dir='ltr'>non</span> <span class='ocrx_word' id='word_1_13' title='bbox 1015 205 1200 258; x_wconf 90' lang='lat' dir='ltr'>sapiunt</span> <span class='ocrx_word' id='word_1_14' title='bbox 1222 205 1311 246; x_wconf 90' lang='lat' dir='ltr'>nisi</span> <span class='ocrx_word' id='word_1_15' title='bbox 1338 203 1559 246; x_wconf 91' lang='lat' dir='ltr'>mundum</span> <span class='ocrx_word' id='word_1_16' title='bbox 1585 207 1643 256; x_wconf 88' lang='lat' dir='ltr'>et,</span> <span class='ocrx_word' id='word_1_17' title='bbox 1668 216 1757 257; x_wconf 90' lang='lat' dir='ltr'>que</span> <span class='ocrx_word' id='word_1_18' title='bbox 1782 203 1954 246; x_wconf 90' lang='lat' dir='ltr'>mundo</span> 
     </span>
     <span class='ocr_line' id='line_1_3' title="bbox 188 276 1157 335; baseline -0.008 -10"><span class='ocrx_word' id='word_1_19' title='bbox 188 288 305 331; x_wconf 70' lang='lat' dir='ltr'>sunt,</span> <span class='ocrx_word' id='word_1_20' title='bbox 331 285 543 335; x_wconf 83' lang='lat' dir='ltr'>querunt,</span> <span class='ocrx_word' id='word_1_21' title='bbox 568 294 657 322; x_wconf 90' lang='lat' dir='ltr'>non</span> <span class='ocrx_word' id='word_1_22' title='bbox 685 292 773 331; x_wconf 87' lang='lat' dir='ltr'>que</span> <span class='ocrx_word' id='word_1_23' title='bbox 799 279 944 319; x_wconf 72' lang='lat' dir='ltr'>‚ihesu</span> <span class='ocrx_word' id='word_1_24' title='bbox 970 276 1157 319; x_wconf 50' lang='lat' dir='ltr'>Christi</span> 
     </span>
    </p>

    <p class='ocr_par' dir='ltr' id='par_1_3' title="bbox 189 345 1958 958">
     <span class='ocr_line' id='line_1_4' title="bbox 307 345 1954 402; baseline -0.005 -7"><span class='ocrx_word' id='word_1_25' title='bbox 307 354 464 395; x_wconf 73' lang='lat' dir='ltr'>Utrum</span> <span class='ocrx_word' id='word_1_26' title='bbox 494 353 550 392; x_wconf 73' lang='lat' dir='ltr'>sit</span> <span class='ocrx_word' id='word_1_27' title='bbox 577 350 850 402; x_wconf 72' lang='lat' dir='ltr'>expediens,</span> <span class='ocrx_word' id='word_1_28' title='bbox 879 348 1001 400; x_wconf 93' lang='lat' dir='ltr'>quod</span> <span class='ocrx_word' id='word_1_29' title='bbox 1029 347 1226 399; x_wconf 81' lang='lat' dir='ltr'>quilibet</span> <span class='ocrx_word' id='word_1_30' title='bbox 1253 359 1311 387; x_wconf 86' lang='lat' dir='ltr'>ex</span> <span class='ocrx_word' id='word_1_31' title='bbox 1340 346 1455 398; x_wconf 89' lang='lat' dir='ltr'>ipsis</span> <span class='ocrx_word' id='word_1_32' title='bbox 1484 345 1684 388; x_wconf 87' lang='lat' dir='ltr'>dominis</span> <span class='ocrx_word' id='word_1_33' title='bbox 1711 345 1954 387; x_wconf 87' lang='lat' dir='ltr'>cardinali-</span> 
     </span>
     <span class='ocr_line' id='line_1_5' title="bbox 191 415 1957 468; baseline -0.003 -5"><span class='ocrx_word' id='word_1_34' title='bbox 191 426 271 465; x_wconf 69' lang='lat' dir='ltr'>bus</span> <span class='ocrx_word' id='word_1_35' title='bbox 304 424 470 465; x_wconf 76' lang='lat' dir='ltr'>habeat</span> <span class='ocrx_word' id='word_1_36' title='bbox 504 434 639 463; x_wconf 86' lang='lat' dir='ltr'>unam</span> <span class='ocrx_word' id='word_1_37' title='bbox 672 420 914 461; x_wconf 84' lang='lat' dir='ltr'>ecclesiam</span> <span class='ocrx_word' id='word_1_38' title='bbox 946 417 1261 459; x_wconf 77' lang='lat' dir='ltr'>cathedralem</span> <span class='ocrx_word' id='word_1_39' title='bbox 1296 416 1340 457; x_wconf 92' lang='lat' dir='ltr'>in</span> <span class='ocrx_word' id='word_1_40' title='bbox 1373 415 1659 468; x_wconf 83' lang='lat' dir='ltr'>comendam,</span> <span class='ocrx_word' id='word_1_41' title='bbox 1690 415 1770 457; x_wconf 81' lang='lat' dir='ltr'>ubi</span> <span class='ocrx_word' id='word_1_42' title='bbox 1800 418 1957 458; x_wconf 81' lang='lat' dir='ltr'>teneat</span> 
     </span>
     <span class='ocr_line' id='line_1_6' title="bbox 189 485 1955 544; baseline -0.005 -9"><span class='ocrx_word' id='word_1_43' title='bbox 189 496 344 535; x_wconf 67' lang='lat' dir='ltr'>virere</span> <span class='ocrx_word' id='word_1_44' title='bbox 381 506 436 534; x_wconf 79' lang='lat' dir='ltr'>ex</span> <span class='ocrx_word' id='word_1_45' title='bbox 475 491 719 544; x_wconf 86' lang='lat' dir='ltr'>episcopis,</span> <span class='ocrx_word' id='word_1_46' title='bbox 756 490 832 542; x_wconf 91' lang='lat' dir='ltr'>qui</span> <span class='ocrx_word' id='word_1_47' title='bbox 870 489 1049 530; x_wconf 91' lang='lat' dir='ltr'>titulum</span> <span class='ocrx_word' id='word_1_48' title='bbox 1087 500 1177 529; x_wconf 86' lang='lat' dir='ltr'>non</span> <span class='ocrx_word' id='word_1_49' title='bbox 1215 487 1388 529; x_wconf 89' lang='lat' dir='ltr'>habent</span> <span class='ocrx_word' id='word_1_50' title='bbox 1423 499 1509 528; x_wconf 92' lang='lat' dir='ltr'>nec</span> <span class='ocrx_word' id='word_1_51' title='bbox 1545 486 1842 539; x_wconf 86' lang='lat' dir='ltr'>beneficium,</span> <span class='ocrx_word' id='word_1_52' title='bbox 1877 485 1955 540; x_wconf 93' lang='lat' dir='ltr'>qui</span> 
     </span>
     <span class='ocr_line' id='line_1_7' title="bbox 189 556 1956 617; baseline -0.003 -12"><span class='ocrx_word' id='word_1_53' title='bbox 189 565 372 617; x_wconf 80' lang='lat' dir='ltr'>quidem</span> <span class='ocrx_word' id='word_1_54' title='bbox 429 563 673 615; x_wconf 84' lang='lat' dir='ltr'>episcopus</span> <span class='ocrx_word' id='word_1_55' title='bbox 729 573 812 613; x_wconf 91' lang='lat' dir='ltr'>pro</span> <span class='ocrx_word' id='word_1_56' title='bbox 871 561 970 612; x_wconf 90' lang='lat' dir='ltr'>ipso</span> <span class='ocrx_word' id='word_1_57' title='bbox 1013 559 1188 600; x_wconf 89' lang='lat' dir='ltr'>scilicet</span> <span class='ocrx_word' id='word_1_58' title='bbox 1231 558 1457 599; x_wconf 84' lang='lat' dir='ltr'>cardinali</span> <span class='ocrx_word' id='word_1_59' title='bbox 1502 556 1712 599; x_wconf 81' lang='lat' dir='ltr'>officium</span> <span class='ocrx_word' id='word_1_60' title='bbox 1754 557 1956 610; x_wconf 86' lang='lat' dir='ltr'>pastoris</span> 
     </span>
     <span class='ocr_line' id='line_1_8' title="bbox 190 628 1957 685; baseline -0.003 -9"><span class='ocrx_word' id='word_1_61' title='bbox 190 636 324 676; x_wconf 75' lang='lat' dir='ltr'>faciat</span> <span class='ocrx_word' id='word_1_62' title='bbox 352 638 396 675; x_wconf 84' lang='lat' dir='ltr'>et</span> <span class='ocrx_word' id='word_1_63' title='bbox 425 634 544 685; x_wconf 65' lang='lat' dir='ltr'>alii21)</span> <span class='ocrx_word' id='word_1_64' title='bbox 579 633 621 673; x_wconf 94' lang='lat' dir='ltr'>in</span> <span class='ocrx_word' id='word_1_65' title='bbox 653 632 749 673; x_wconf 84' lang='lat' dir='ltr'>suis</span> <span class='ocrx_word' id='word_1_66' title='bbox 777 629 1136 683; x_wconf 87' lang='lat' dir='ltr'>episcopatibus,</span> <span class='ocrx_word' id='word_1_67' title='bbox 1166 641 1303 682; x_wconf 91' lang='lat' dir='ltr'>quam</span> <span class='ocrx_word' id='word_1_68' title='bbox 1333 629 1440 681; x_wconf 91' lang='lat' dir='ltr'>quia</span> <span class='ocrx_word' id='word_1_69' title='bbox 1467 628 1642 670; x_wconf 89' lang='lat' dir='ltr'>habent</span> <span class='ocrx_word' id='word_1_70' title='bbox 1667 631 1733 670; x_wconf 81' lang='lat' dir='ltr'>tot</span> <span class='ocrx_word' id='word_1_71' title='bbox 1758 630 1805 670; x_wconf 88' lang='lat' dir='ltr'>et</span> <span class='ocrx_word' id='word_1_72' title='bbox 1829 629 1957 670; x_wconf 85' lang='lat' dir='ltr'>tanta</span> 
     </span>
     <span class='ocr_line' id='line_1_9' title="bbox 191 696 1958 756; baseline -0.003 -10"><span class='ocrx_word' id='word_1_73' title='bbox 191 705 432 750; x_wconf 74' lang='lat' dir='ltr'>beneficia,</span> <span class='ocrx_word' id='word_1_74' title='bbox 460 716 548 756; x_wconf 89' lang='lat' dir='ltr'>que</span> <span class='ocrx_word' id='word_1_75' title='bbox 575 703 620 743; x_wconf 93' lang='lat' dir='ltr'>in</span> <span class='ocrx_word' id='word_1_76' title='bbox 648 702 861 744; x_wconf 90' lang='lat' dir='ltr'>manibus</span> <span class='ocrx_word' id='word_1_77' title='bbox 887 713 1047 742; x_wconf 91' lang='lat' dir='ltr'>eorum</span> <span class='ocrx_word' id='word_1_78' title='bbox 1075 703 1275 753; x_wconf 88' lang='lat' dir='ltr'>pereunt</span> <span class='ocrx_word' id='word_1_79' title='bbox 1300 702 1345 741; x_wconf 87' lang='lat' dir='ltr'>et</span> <span class='ocrx_word' id='word_1_80' title='bbox 1371 699 1436 742; x_wconf 93' lang='lat' dir='ltr'>sic</span> <span class='ocrx_word' id='word_1_81' title='bbox 1462 699 1654 741; x_wconf 83' lang='lat' dir='ltr'>devocio</span> <span class='ocrx_word' id='word_1_82' title='bbox 1678 696 1882 753; x_wconf 73' lang='lat' dir='ltr'>populib)</span> <span class='ocrx_word' id='word_1_83' title='bbox 1911 701 1958 741; x_wconf 88' lang='lat' dir='ltr'>et</span> 
     </span>
     <span class='ocr_line' id='line_1_10' title="bbox 190 769 1958 823; baseline -0.003 -6"><span class='ocrx_word' id='word_1_84' title='bbox 190 777 327 817; x_wconf 87' lang='lat' dir='ltr'>multa</span> <span class='ocrx_word' id='word_1_85' title='bbox 373 775 462 816; x_wconf 89' lang='lat' dir='ltr'>alia</span> <span class='ocrx_word' id='word_1_86' title='bbox 506 773 849 815; x_wconf 85' lang='lat' dir='ltr'>deteriorantur</span> <span class='ocrx_word' id='word_1_87' title='bbox 891 771 1094 814; x_wconf 86' lang='lat' dir='ltr'>totaliter</span> <span class='ocrx_word' id='word_1_88' title='bbox 1136 774 1328 823; x_wconf 88' lang='lat' dir='ltr'>propter</span> <span class='ocrx_word' id='word_1_89' title='bbox 1370 770 1543 812; x_wconf 89' lang='lat' dir='ltr'>malum</span> <span class='ocrx_word' id='word_1_90' title='bbox 1587 769 1811 823; x_wconf 87' lang='lat' dir='ltr'>regimen,</span> <span class='ocrx_word' id='word_1_91' title='bbox 1852 781 1958 823; x_wconf 88' lang='lat' dir='ltr'>ymo</span> 
     </span>
     <span class='ocr_line' id='line_1_11' title="bbox 189 840 1958 897; baseline -0.003 -10"><span class='ocrx_word' id='word_1_92' title='bbox 189 846 329 887; x_wconf 76' lang='lat' dir='ltr'>eciam</span> <span class='ocrx_word' id='word_1_93' title='bbox 368 846 474 897; x_wconf 89' lang='lat' dir='ltr'>quia</span> <span class='ocrx_word' id='word_1_94' title='bbox 512 845 556 885; x_wconf 92' lang='lat' dir='ltr'>in</span> <span class='ocrx_word' id='word_1_95' title='bbox 594 844 808 897; x_wconf 88' lang='lat' dir='ltr'>pluribus</span> <span class='ocrx_word' id='word_1_96' title='bbox 844 843 956 884; x_wconf 91' lang='lat' dir='ltr'>locis</span> <span class='ocrx_word' id='word_1_97' title='bbox 992 842 1193 883; x_wconf 92' lang='lat' dir='ltr'>dominis</span> <span class='ocrx_word' id='word_1_98' title='bbox 1232 841 1554 894; x_wconf 77' lang='lat' dir='ltr'>ignorantibus</span> <span class='ocrx_word' id='word_1_99' title='bbox 1591 843 1698 883; x_wconf 88' lang='lat' dir='ltr'>sunt</span> <span class='ocrx_word' id='word_1_100' title='bbox 1735 840 1958 894; x_wconf 84' lang='lat' dir='ltr'>spelunca</span> 
     </span>
     <span class='ocr_line' id='line_1_12' title="bbox 192 918 431 958; baseline 0 -1"><span class='ocrx_word' id='word_1_101' title='bbox 192 918 431 958; x_wconf 85' lang='lat' dir='ltr'>latronum.</span> 
     </span>
    </p>

    <p class='ocr_par' dir='ltr' id='par_1_4' title="bbox 190 982 1959 1454">
     <span class='ocr_line' id='line_1_13' title="bbox 303 982 1958 1038; baseline -0.002 -10"><span class='ocrx_word' id='word_1_102' title='bbox 303 987 465 1029; x_wconf 87' lang='lat' dir='ltr'>Utrum</span> <span class='ocrx_word' id='word_1_103' title='bbox 495 987 552 1028; x_wconf 91' lang='lat' dir='ltr'>sit</span> <span class='ocrx_word' id='word_1_104' title='bbox 579 985 853 1038; x_wconf 76' lang='lat' dir='ltr'>expediens,</span> <span class='ocrx_word' id='word_1_105' title='bbox 883 984 1006 1037; x_wconf 90' lang='lat' dir='ltr'>quod</span> <span class='ocrx_word' id='word_1_106' title='bbox 1034 984 1275 1025; x_wconf 85' lang='lat' dir='ltr'>comitatus</span> <span class='ocrx_word' id='word_1_107' title='bbox 1303 982 1627 1035; x_wconf 81' lang='lat' dir='ltr'>Bononiensis,</span> <span class='ocrx_word' id='word_1_108' title='bbox 1657 995 1766 1024; x_wconf 89' lang='lat' dir='ltr'>casu</span> <span class='ocrx_word' id='word_1_109' title='bbox 1793 982 1958 1036; x_wconf 79' lang='lat' dir='ltr'>posito,</span> 
     </span>
     <span class='ocr_line' id='line_1_14' title="bbox 190 1053 1958 1109; baseline -0.002 -11"><span class='ocrx_word' id='word_1_110' title='bbox 190 1058 309 1109; x_wconf 85' lang='lat' dir='ltr'>quod</span> <span class='ocrx_word' id='word_1_111' title='bbox 347 1057 518 1099; x_wconf 90' lang='lat' dir='ltr'>domini</span> <span class='ocrx_word' id='word_1_112' title='bbox 555 1056 817 1098; x_wconf 80' lang='lat' dir='ltr'>cardinales</span> <span class='ocrx_word' id='word_1_113' title='bbox 856 1055 999 1096; x_wconf 87' lang='lat' dir='ltr'>dictas</span> <span class='ocrx_word' id='word_1_114' title='bbox 1037 1054 1261 1096; x_wconf 86' lang='lat' dir='ltr'>ecclesias</span> <span class='ocrx_word' id='word_1_115' title='bbox 1296 1066 1389 1095; x_wconf 90' lang='lat' dir='ltr'>non</span> <span class='ocrx_word' id='word_1_116' title='bbox 1425 1053 1656 1095; x_wconf 84' lang='lat' dir='ltr'>haberent</span> <span class='ocrx_word' id='word_1_117' title='bbox 1689 1066 1776 1095; x_wconf 88' lang='lat' dir='ltr'>nec</span> <span class='ocrx_word' id='word_1_118' title='bbox 1811 1053 1958 1095; x_wconf 87' lang='lat' dir='ltr'>eciam</span> 
     </span>
     <span class='ocr_line' id='line_1_15' title="bbox 192 1124 1959 1180; baseline -0.001 -14"><span class='ocrx_word' id='word_1_119' title='bbox 192 1129 434 1177; x_wconf 77' lang='lat' dir='ltr'>beneficia,</span> <span class='ocrx_word' id='word_1_120' title='bbox 465 1140 553 1180; x_wconf 87' lang='lat' dir='ltr'>que</span> <span class='ocrx_word' id='word_1_121' title='bbox 584 1139 703 1168; x_wconf 93' lang='lat' dir='ltr'>nunc</span> <span class='ocrx_word' id='word_1_122' title='bbox 732 1126 919 1178; x_wconf 89' lang='lat' dir='ltr'>habent,</span> <span class='ocrx_word' id='word_1_123' title='bbox 948 1124 1193 1178; x_wconf 79' lang='lat' dir='ltr'>provideat</span> <span class='ocrx_word' id='word_1_124' title='bbox 1223 1124 1413 1166; x_wconf 81' lang='lat' dir='ltr'>cuilibet</span> <span class='ocrx_word' id='word_1_125' title='bbox 1441 1124 1498 1166; x_wconf 91' lang='lat' dir='ltr'>de</span> <span class='ocrx_word' id='word_1_126' title='bbox 1527 1124 1568 1165; x_wconf 92' lang='lat' dir='ltr'>X</span> <span class='ocrx_word' id='word_1_127' title='bbox 1597 1124 1786 1179; x_wconf 83' lang='lat' dir='ltr'>milibus</span> <span class='ocrx_word' id='word_1_128' title='bbox 1812 1136 1959 1166; x_wconf 86' lang='lat' dir='ltr'>-annu-</span> 
     </span>
     <span class='ocr_line' id='line_1_16' title="bbox 190 1195 1955 1251; baseline -0.002 -11"><span class='ocrx_word' id='word_1_129' title='bbox 190 1199 309 1250; x_wconf 83' lang='lat' dir='ltr'>atim,</span> <span class='ocrx_word' id='word_1_130' title='bbox 339 1199 444 1250; x_wconf 87' lang='lat' dir='ltr'>quia</span> <span class='ocrx_word' id='word_1_131' title='bbox 472 1198 634 1251; x_wconf 87' lang='lat' dir='ltr'>posito,</span> <span class='ocrx_word' id='word_1_132' title='bbox 663 1197 784 1249; x_wconf 88' lang='lat' dir='ltr'>quod</span> <span class='ocrx_word' id='word_1_133' title='bbox 811 1200 970 1238; x_wconf 88' lang='lat' dir='ltr'>essent</span> <span class='ocrx_word' id='word_1_134' title='bbox 996 1196 1161 1248; x_wconf 83' lang='lat' dir='ltr'>XXIV,</span> <span class='ocrx_word' id='word_1_135' title='bbox 1190 1195 1312 1248; x_wconf 91' lang='lat' dir='ltr'>quod</span> <span class='ocrx_word' id='word_1_136' title='bbox 1339 1195 1472 1249; x_wconf 83' lang='lat' dir='ltr'>absit,</span> <span class='ocrx_word' id='word_1_137' title='bbox 1501 1195 1680 1237; x_wconf 81' lang='lat' dir='ltr'>suffieit</span> <span class='ocrx_word' id='word_1_138' title='bbox 1703 1207 1790 1248; x_wconf 88' lang='lat' dir='ltr'>pro</span> <span class='ocrx_word' id='word_1_139' title='bbox 1815 1195 1955 1237; x_wconf 90' lang='lat' dir='ltr'>omni-</span> 
     </span>
     <span class='ocr_line' id='line_1_17' title="bbox 190 1258 1959 1321; baseline -0.001 -11"><span class='ocrx_word' id='word_1_140' title='bbox 190 1270 274 1310; x_wconf 83' lang='lat' dir='ltr'>bus</span> <span class='ocrx_word' id='word_1_141' title='bbox 311 1270 454 1311; x_wconf 88' lang='lat' dir='ltr'>eciam</span> <span class='ocrx_word' id='word_1_142' title='bbox 489 1281 573 1321; x_wconf 91' lang='lat' dir='ltr'>pro</span> <span class='ocrx_word' id='word_1_143' title='bbox 608 1268 827 1321; x_wconf 87' lang='lat' dir='ltr'>episcopo</span> <span class='ocrx_word' id='word_1_144' title='bbox 861 1267 986 1309; x_wconf 88' lang='lat' dir='ltr'>illius</span> <span class='ocrx_word' id='word_1_145' title='bbox 1021 1266 1217 1308; x_wconf 87' lang='lat' dir='ltr'>civitatis</span> <span class='ocrx_word' id='word_1_146' title='bbox 1252 1266 1326 1308; x_wconf 84' lang='lat' dir='ltr'>vel</span> <span class='ocrx_word' id='word_1_147' title='bbox 1361 1265 1535 1308; x_wconf 81' lang='lat' dir='ltr'>vicario</span> <span class='ocrx_word' id='word_1_148' title='bbox 1568 1278 1705 1319; x_wconf 78' lang='lat' dir='ltr'>pape,</span> <span class='ocrx_word' id='word_1_149' title='bbox 1741 1258 1959 1319; x_wconf 85' lang='lat' dir='ltr'>quoniam</span> 
     </span>
     <span class='ocr_line' id='line_1_18' title="bbox 191 1335 1959 1392; baseline -0.001 -12"><span class='ocrx_word' id='word_1_150' title='bbox 191 1353 309 1381; x_wconf 78' lang='lat' dir='ltr'>anno</span> <span class='ocrx_word' id='word_1_151' title='bbox 339 1339 547 1392; x_wconf 85' lang='lat' dir='ltr'>quolibet</span> <span class='ocrx_word' id='word_1_152' title='bbox 574 1339 697 1381; x_wconf 84' lang='lat' dir='ltr'>valet</span> <span class='ocrx_word' id='word_1_153' title='bbox 726 1338 836 1381; x_wconf 90' lang='lat' dir='ltr'>CCC</span> <span class='ocrx_word' id='word_1_154' title='bbox 867 1339 1008 1379; x_wconf 87' lang='lat' dir='ltr'>milia.</span> <span class='ocrx_word' id='word_1_155' title='bbox 1051 1338 1104 1379; x_wconf 89' lang='lat' dir='ltr'>Et</span> <span class='ocrx_word' id='word_1_156' title='bbox 1133 1338 1198 1379; x_wconf 90' lang='lat' dir='ltr'>sic</span> <span class='ocrx_word' id='word_1_157' title='bbox 1227 1337 1551 1390; x_wconf 84' lang='lat' dir='ltr'>providebitur</span> <span class='ocrx_word' id='word_1_158' title='bbox 1578 1337 1701 1379; x_wconf 87' lang='lat' dir='ltr'>bene</span> <span class='ocrx_word' id='word_1_159' title='bbox 1729 1335 1959 1390; x_wconf 85' lang='lat' dir='ltr'>pluribus,</span> 
     </span>
     <span class='ocr_line' id='line_1_19' title="bbox 190 1409 616 1454; baseline 0.005 -3"><span class='ocrx_word' id='word_1_160' title='bbox 190 1414 235 1452; x_wconf 91' lang='lat' dir='ltr'>ut</span> <span class='ocrx_word' id='word_1_161' title='bbox 263 1410 395 1451; x_wconf 82' lang='lat' dir='ltr'>michi</span> <span class='ocrx_word' id='word_1_162' title='bbox 423 1409 616 1454; x_wconf 80' lang='lat' dir='ltr'>videtur.</span> 
     </span>
    </p>
   </div>
   <div class='ocr_carea' id='block_1_3' title="bbox 306 1470 2061 1539">
    <p class='ocr_par' dir='ltr' id='par_1_5' title="bbox 306 1470 2061 1539">
     <span class='ocr_line' id='line_1_20' title="bbox 306 1470 2061 1539; baseline -0.001 -17"><span class='ocrx_word' id='word_1_163' title='bbox 306 1481 467 1523; x_wconf 90' lang='lat' dir='ltr'>Utrum</span> <span class='ocrx_word' id='word_1_164' title='bbox 494 1481 550 1523; x_wconf 87' lang='lat' dir='ltr'>sit</span> <span class='ocrx_word' id='word_1_165' title='bbox 574 1480 848 1533; x_wconf 81' lang='lat' dir='ltr'>expediens,</span> <span class='ocrx_word' id='word_1_166' title='bbox 872 1493 976 1532; x_wconf 79' lang='lat' dir='ltr'>ymo</span> <span class='ocrx_word' id='word_1_167' title='bbox 1001 1479 1184 1522; x_wconf 82' lang='lat' dir='ltr'>videtur</span> <span class='ocrx_word' id='word_1_168' title='bbox 1208 1479 1542 1532; x_wconf 87' lang='lat' dir='ltr'>necessarium,</span> <span class='ocrx_word' id='word_1_169' title='bbox 1566 1478 1690 1531; x_wconf 91' lang='lat' dir='ltr'>quod</span> <span class='ocrx_word' id='word_1_170' title='bbox 1714 1478 1959 1532; x_wconf 82' lang='lat' dir='ltr'>collegium</span> <span class='ocrx_word' id='word_1_171' title='bbox 2016 1536 2017 1539; x_wconf 7' lang='grc' dir='ltr'><strong>Ἰ</strong></span> <span class='ocrx_word' id='word_1_172' title='bbox 2060 1470 2061 1473; x_wconf 50' lang='grc'>’</span> 
     </span>
    </p>
   </div>
   <div class='ocr_carea' id='block_1_4' title="bbox 190 1549 1961 2594">
    <p class='ocr_par' dir='ltr' id='par_1_6' title="bbox 190 1549 1960 2100">
     <span class='ocr_line' id='line_1_21' title="bbox 191 1549 1960 1603; baseline -0.001 -11"><span class='ocrx_word' id='word_1_173' title='bbox 191 1551 478 1593; x_wconf 87' lang='lat' dir='ltr'>dominorum</span> <span class='ocrx_word' id='word_1_174' title='bbox 515 1551 820 1593; x_wconf 87' lang='lat' dir='ltr'>cardinalium</span> <span class='ocrx_word' id='word_1_175' title='bbox 856 1550 914 1593; x_wconf 91' lang='lat' dir='ltr'>sit</span> <span class='ocrx_word' id='word_1_176' title='bbox 949 1551 1132 1603; x_wconf 86' lang='lat' dir='ltr'>equalis</span> <span class='ocrx_word' id='word_1_177' title='bbox 1166 1549 1364 1602; x_wconf 90' lang='lat' dir='ltr'>numeri,</span> <span class='ocrx_word' id='word_1_178' title='bbox 1398 1550 1577 1592; x_wconf 85' lang='lat' dir='ltr'>scilicet</span> <span class='ocrx_word' id='word_1_179' title='bbox 1611 1549 1734 1602; x_wconf 92' lang='lat' dir='ltr'>quod</span> <span class='ocrx_word' id='word_1_180' title='bbox 1765 1549 1862 1591; x_wconf 58' lang='lat' dir='ltr'>«sint</span> <span class='ocrx_word' id='word_1_181' title='bbox 1895 1551 1960 1592; x_wconf 88' lang='lat' dir='ltr'>tot</span> 
     </span>
     <span class='ocr_line' id='line_1_22' title="bbox 190 1621 1959 1675; baseline -0.001 -12"><span class='ocrx_word' id='word_1_182' title='bbox 190 1622 404 1675; x_wconf 76' lang='lat' dir='ltr'>theologi,</span> <span class='ocrx_word' id='word_1_183' title='bbox 431 1625 539 1674; x_wconf 87' lang='lat' dir='ltr'>quot</span> <span class='ocrx_word' id='word_1_184' title='bbox 564 1626 699 1664; x_wconf 89' lang='lat' dir='ltr'>erunt</span> <span class='ocrx_word' id='word_1_185' title='bbox 727 1622 904 1674; x_wconf 90' lang='lat' dir='ltr'>iuriste,</span> <span class='ocrx_word' id='word_1_186' title='bbox 933 1621 1228 1663; x_wconf 74' lang='lat' dir='ltr'>decretaliste</span> <span class='ocrx_word' id='word_1_187' title='bbox 1255 1624 1300 1662; x_wconf 84' lang='lat' dir='ltr'>et</span> <span class='ocrx_word' id='word_1_188' title='bbox 1327 1621 1565 1662; x_wconf 85' lang='lat' dir='ltr'>canoniste</span> <span class='ocrx_word' id='word_1_189' title='bbox 1591 1623 1784 1674; x_wconf 87' lang='lat' dir='ltr'>propter</span> <span class='ocrx_word' id='word_1_190' title='bbox 1810 1632 1959 1672; x_wconf 83' lang='lat' dir='ltr'>casus,</span> 
     </span>
     <span class='ocr_line' id='line_1_23' title="bbox 192 1691 1960 1745; baseline -0.001 -12"><span class='ocrx_word' id='word_1_191' title='bbox 192 1694 266 1745; x_wconf 82' lang='lat' dir='ltr'>qui</span> <span class='ocrx_word' id='word_1_192' title='bbox 309 1696 549 1745; x_wconf 80' lang='lat' dir='ltr'>emergunt</span> <span class='ocrx_word' id='word_1_193' title='bbox 588 1693 816 1734; x_wconf 86' lang='lat' dir='ltr'>continue.</span> <span class='ocrx_word' id='word_1_194' title='bbox 871 1693 924 1735; x_wconf 84' lang='lat' dir='ltr'>Et</span> <span class='ocrx_word' id='word_1_195' title='bbox 964 1692 1165 1734; x_wconf 85' lang='lat' dir='ltr'>scienter</span> <span class='ocrx_word' id='word_1_196' title='bbox 1202 1691 1320 1744; x_wconf 88' lang='lat' dir='ltr'>dico,</span> <span class='ocrx_word' id='word_1_197' title='bbox 1361 1691 1484 1744; x_wconf 92' lang='lat' dir='ltr'>quod</span> <span class='ocrx_word' id='word_1_198' title='bbox 1523 1691 1727 1745; x_wconf 84' lang='lat' dir='ltr'>theolog-i</span> <span class='ocrx_word' id='word_1_199' title='bbox 1762 1693 1960 1744; x_wconf 77' lang='lat' dir='ltr'>&#39;propter</span> 
     </span>
     <span class='ocr_line' id='line_1_24' title="bbox 191 1761 1959 1815; baseline 0.001 -12"><span class='ocrx_word' id='word_1_200' title='bbox 191 1763 383 1805; x_wconf 88' lang='lat' dir='ltr'>hereses</span> <span class='ocrx_word' id='word_1_201' title='bbox 425 1763 635 1805; x_wconf 73' lang='lat' dir='ltr'>vitandas</span> <span class='ocrx_word' id='word_1_202' title='bbox 678 1767 722 1805; x_wconf 92' lang='lat' dir='ltr'>et</span> <span class='ocrx_word' id='word_1_203' title='bbox 764 1763 909 1804; x_wconf 83' lang='lat' dir='ltr'>fidem</span> <span class='ocrx_word' id='word_1_204' title='bbox 951 1763 1223 1805; x_wconf 88' lang='lat' dir='ltr'>catholicam</span> <span class='ocrx_word' id='word_1_205' title='bbox 1267 1761 1646 1815; x_wconf 66' lang='lat' dir='ltr'>sustinendamss),</span> <span class='ocrx_word' id='word_1_206' title='bbox 1687 1774 1796 1804; x_wconf 85' lang='lat' dir='ltr'>nam</span> <span class='ocrx_word' id='word_1_207' title='bbox 1838 1773 1959 1804; x_wconf 80' lang='lat' dir='ltr'>nunc</span> 
     </span>
     <span class='ocr_line' id='line_1_25' title="bbox 192 1831 1959 1886; baseline 0.001 -13"><span class='ocrx_word' id='word_1_208' title='bbox 192 1833 414 1875; x_wconf 84' lang='lat' dir='ltr'>habemus</span> <span class='ocrx_word' id='word_1_209' title='bbox 446 1847 599 1876; x_wconf 89' lang='lat' dir='ltr'>casum</span> <span class='ocrx_word' id='word_1_210' title='bbox 635 1835 678 1875; x_wconf 89' lang='lat' dir='ltr'>in</span> <span class='ocrx_word' id='word_1_211' title='bbox 710 1835 940 1875; x_wconf 84' lang='lat' dir='ltr'>terminis:</span> <span class='ocrx_word' id='word_1_212' title='bbox 986 1834 1031 1875; x_wconf 83' lang='lat' dir='ltr'>Si</span> <span class='ocrx_word' id='word_1_213' title='bbox 1063 1846 1157 1875; x_wconf 93' lang='lat' dir='ltr'>non</span> <span class='ocrx_word' id='word_1_214' title='bbox 1186 1836 1314 1875; x_wconf 90' lang='lat' dir='ltr'>esset</span> <span class='ocrx_word' id='word_1_215' title='bbox 1346 1833 1560 1875; x_wconf 85' lang='lat' dir='ltr'>dominus</span> <span class='ocrx_word' id='word_1_216' title='bbox 1590 1831 1959 1886; x_wconf 78' lang='lat' dir='ltr'>Cameracensis,</span> 
     </span>
     <span class='ocr_line' id='line_1_26' title="bbox 192 1903 1960 1957; baseline 0.001 -13"><span class='ocrx_word' id='word_1_217' title='bbox 192 1905 347 1946; x_wconf 83' lang='lat' dir='ltr'>nullus</span> <span class='ocrx_word' id='word_1_218' title='bbox 373 1908 485 1955; x_wconf 84' lang='lat' dir='ltr'>erat,</span> <span class='ocrx_word' id='word_1_219' title='bbox 512 1905 587 1957; x_wconf 91' lang='lat' dir='ltr'>qui</span> <span class='ocrx_word' id='word_1_220' title='bbox 615 1905 841 1957; x_wconf 88' lang='lat' dir='ltr'>potuisset</span> <span class='ocrx_word' id='word_1_221' title='bbox 868 1917 1139 1957; x_wconf 84' lang='lat' dir='ltr'>comparare</span> <span class='ocrx_word' id='word_1_222' title='bbox 1168 1905 1225 1946; x_wconf 88' lang='lat' dir='ltr'>ad</span> <span class='ocrx_word' id='word_1_223' title='bbox 1253 1904 1397 1946; x_wconf 68' lang='lat' dir='ltr'>fidem</span> <span class='ocrx_word' id='word_1_224' title='bbox 1426 1903 1774 1946; x_wconf 85' lang='lat' dir='ltr'>defendendam</span> <span class='ocrx_word' id='word_1_225' title='bbox 1801 1905 1960 1946; x_wconf 76' lang='lat' dir='ltr'>contra</span> 
     </span>
     <span class='ocr_line' id='line_1_27' title="bbox 192 1974 1958 2028; baseline 0.001 -13"><span class='ocrx_word' id='word_1_226' title='bbox 192 1974 300 2016; x_wconf 77' lang='lat' dir='ltr'>Hus.</span> <span class='ocrx_word' id='word_1_227' title='bbox 345 1975 454 2016; x_wconf 83' lang='lat' dir='ltr'>Nam</span> <span class='ocrx_word' id='word_1_228' title='bbox 487 1988 619 2016; x_wconf 84' lang='lat' dir='ltr'>cecus</span> <span class='ocrx_word' id='word_1_229' title='bbox 651 1988 742 2017; x_wconf 90' lang='lat' dir='ltr'>non</span> <span class='ocrx_word' id='word_1_230' title='bbox 775 1976 945 2018; x_wconf 88' lang='lat' dir='ltr'>iudicat</span> <span class='ocrx_word' id='word_1_231' title='bbox 977 1976 1034 2017; x_wconf 90' lang='lat' dir='ltr'>de</span> <span class='ocrx_word' id='word_1_232' title='bbox 1066 1975 1313 2028; x_wconf 83' lang='lat' dir='ltr'>coloribus,</span> <span class='ocrx_word' id='word_1_233' title='bbox 1345 1975 1407 2018; x_wconf 79' lang='lat' dir='ltr'>ita</span> <span class='ocrx_word' id='word_1_234' title='bbox 1439 1975 1563 2028; x_wconf 91' lang='lat' dir='ltr'>quod</span> <span class='ocrx_word' id='word_1_235' title='bbox 1594 1974 1732 2016; x_wconf 69' lang='lat' dir='ltr'>michi</span> <span class='ocrx_word' id='word_1_236' title='bbox 1762 1974 1958 2027; x_wconf 83' lang='lat' dir='ltr'>videtur,</span> 
     </span>
     <span class='ocr_line' id='line_1_28' title="bbox 193 2044 1289 2100; baseline 0.003 -15"><span class='ocrx_word' id='word_1_237' title='bbox 193 2044 427 2100; x_wconf 82' lang='lat' dir='ltr'>querent&#39;¹)</span> <span class='ocrx_word' id='word_1_238' title='bbox 458 2046 577 2088; x_wconf 87' lang='lat' dir='ltr'>istud</span> <span class='ocrx_word' id='word_1_239' title='bbox 603 2047 912 2099; x_wconf 66' lang='lat' dir='ltr'>comparares)</span> <span class='ocrx_word' id='word_1_240' title='bbox 940 2059 1044 2098; x_wconf 83' lang='lat' dir='ltr'>ymo</span> <span class='ocrx_word' id='word_1_241' title='bbox 1071 2049 1289 2088; x_wconf 88' lang='lat' dir='ltr'>statuere.</span> 
     </span>
    </p>

    <p class='ocr_par' dir='ltr' id='par_1_7' title="bbox 193 2115 1961 2594">
     <span class='ocr_line' id='line_1_29' title="bbox 308 2115 1959 2170; baseline 0.001 -14"><span class='ocrx_word' id='word_1_242' title='bbox 308 2116 468 2157; x_wconf 84' lang='lat' dir='ltr'>Utrum</span> <span class='ocrx_word' id='word_1_243' title='bbox 506 2117 711 2169; x_wconf 82' lang='lat' dir='ltr'>episcopi</span> <span class='ocrx_word' id='word_1_244' title='bbox 751 2117 952 2159; x_wconf 90' lang='lat' dir='ltr'>debeant</span> <span class='ocrx_word' id='word_1_245' title='bbox 990 2120 1113 2159; x_wconf 86' lang='lat' dir='ltr'>stare</span> <span class='ocrx_word' id='word_1_246' title='bbox 1153 2118 1199 2158; x_wconf 90' lang='lat' dir='ltr'>in</span> <span class='ocrx_word' id='word_1_247' title='bbox 1237 2117 1376 2158; x_wconf 87' lang='lat' dir='ltr'>curiis</span> <span class='ocrx_word' id='word_1_248' title='bbox 1416 2129 1578 2170; x_wconf 92' lang='lat' dir='ltr'>regum</span> <span class='ocrx_word' id='word_1_249' title='bbox 1616 2120 1661 2159; x_wconf 87' lang='lat' dir='ltr'>et</span> <span class='ocrx_word' id='word_1_250' title='bbox 1697 2115 1959 2170; x_wconf 75' lang='lat' dir='ltr'>principum</span> 
     </span>
     <span class='ocr_line' id='line_1_30' title="bbox 193 2185 1959 2240; baseline 0.002 -14"><span class='ocrx_word' id='word_1_251' title='bbox 193 2186 462 2227; x_wconf 80' lang='lat' dir='ltr'>dimittendo</span> <span class='ocrx_word' id='word_1_252' title='bbox 503 2187 723 2240; x_wconf 89' lang='lat' dir='ltr'>populum</span> <span class='ocrx_word' id='word_1_253' title='bbox 767 2189 834 2229; x_wconf 90' lang='lat' dir='ltr'>eis</span> <span class='ocrx_word' id='word_1_254' title='bbox 875 2188 1184 2240; x_wconf 90' lang='lat' dir='ltr'>commissum,</span> <span class='ocrx_word' id='word_1_255' title='bbox 1223 2187 1316 2229; x_wconf 83' lang='lat' dir='ltr'>nisi</span> <span class='ocrx_word' id='word_1_256' title='bbox 1358 2187 1450 2230; x_wconf 81' lang='lat' dir='ltr'>sint</span> <span class='ocrx_word' id='word_1_257' title='bbox 1489 2187 1711 2240; x_wconf 88' lang='lat' dir='ltr'>legittime</span> <span class='ocrx_word' id='word_1_258' title='bbox 1753 2185 1959 2240; x_wconf 66' lang='lat' dir='ltr'>occupati</span> 
     </span>
     <span class='ocr_line' id='line_1_31' title="bbox 194 2255 1958 2313; baseline 0.002 -17"><span class='ocrx_word' id='word_1_259' title='bbox 194 2269 275 2308; x_wconf 81' lang='lat' dir='ltr'>per</span> <span class='ocrx_word' id='word_1_260' title='bbox 299 2258 540 2299; x_wconf 79' lang='lat' dir='ltr'>ecclesiam</span> <span class='ocrx_word' id='word_1_261' title='bbox 564 2259 634 2300; x_wconf 77' lang='lat' dir='ltr'>vel</span> <span class='ocrx_word' id='word_1_262' title='bbox 661 2271 746 2311; x_wconf 88' lang='lat' dir='ltr'>pro</span> <span class='ocrx_word' id='word_1_263' title='bbox 770 2259 890 2300; x_wconf 90' lang='lat' dir='ltr'>bono</span> <span class='ocrx_word' id='word_1_264' title='bbox 912 2259 1052 2301; x_wconf 90' lang='lat' dir='ltr'>unius</span> <span class='ocrx_word' id='word_1_265' title='bbox 1076 2259 1206 2312; x_wconf 86' lang='lat' dir='ltr'>regni</span> <span class='ocrx_word' id='word_1_266' title='bbox 1230 2271 1315 2301; x_wconf 87' lang='lat' dir='ltr'>seu</span> <span class='ocrx_word' id='word_1_267' title='bbox 1338 2255 1582 2313; x_wconf 65' lang='lat' dir='ltr'>naaion-iss)</span> <span class='ocrx_word' id='word_1_268' title='bbox 1607 2261 1657 2300; x_wconf 90' lang='lat' dir='ltr'>ut</span> <span class='ocrx_word' id='word_1_269' title='bbox 1679 2257 1958 2311; x_wconf 86' lang='lat' dir='ltr'>quandoque</span> 
     </span>
     <span class='ocr_line' id='line_1_32' title="bbox 194 2327 1958 2382; baseline 0.002 -15"><span class='ocrx_word' id='word_1_270' title='bbox 194 2327 267 2378; x_wconf 77' lang='lat' dir='ltr'>qui</span> <span class='ocrx_word' id='word_1_271' title='bbox 307 2329 454 2369; x_wconf 85' lang='lat' dir='ltr'>solent</span> <span class='ocrx_word' id='word_1_272' title='bbox 489 2342 593 2369; x_wconf 87' lang='lat' dir='ltr'>esse</span> <span class='ocrx_word' id='word_1_273' title='bbox 630 2330 767 2381; x_wconf 85' lang='lat' dir='ltr'>legati</span> <span class='ocrx_word' id='word_1_274' title='bbox 802 2330 875 2371; x_wconf 85' lang='lat' dir='ltr'>vel</span> <span class='ocrx_word' id='word_1_275' title='bbox 912 2329 1133 2371; x_wconf 81' lang='lat' dir='ltr'>officiarii</span> <span class='ocrx_word' id='word_1_276' title='bbox 1168 2342 1289 2382; x_wconf 84' lang='lat' dir='ltr'>pape</span> <span class='ocrx_word' id='word_1_277' title='bbox 1326 2332 1518 2382; x_wconf 88' lang='lat' dir='ltr'>pro-pter</span> <span class='ocrx_word' id='word_1_278' title='bbox 1552 2328 1846 2382; x_wconf 66' lang='lat' dir='ltr'>probitatem,</span> <span class='ocrx_word' id='word_1_279' title='bbox 1881 2327 1958 2381; x_wconf 87' lang='lat' dir='ltr'>qui</span> 
     </span>
     <span class='ocr_line' id='line_1_33' title="bbox 195 2397 1960 2453; baseline 0.002 -16"><span class='ocrx_word' id='word_1_280' title='bbox 195 2400 392 2449; x_wconf 76' lang='lat' dir='ltr'>tcnctur3</span> <span class='ocrx_word' id='word_1_281' title='bbox 417 2400 645 2452; x_wconf 50' lang='lat' dir='ltr'>teneantss)</span> <span class='ocrx_word' id='word_1_282' title='bbox 674 2400 717 2440; x_wconf 92' lang='lat' dir='ltr'>in</span> <span class='ocrx_word' id='word_1_283' title='bbox 742 2413 825 2441; x_wconf 88' lang='lat' dir='ltr'>suo</span> <span class='ocrx_word' id='word_1_284' title='bbox 847 2401 946 2441; x_wconf 90' lang='lat' dir='ltr'>loco</span> <span class='ocrx_word' id='word_1_285' title='bbox 969 2399 1110 2442; x_wconf 89' lang='lat' dir='ltr'>alium</span> <span class='ocrx_word' id='word_1_286' title='bbox 1133 2399 1418 2453; x_wconf 83' lang='lat' dir='ltr'>episcopum,</span> <span class='ocrx_word' id='word_1_287' title='bbox 1441 2400 1519 2453; x_wconf 92' lang='lat' dir='ltr'>qui</span> <span class='ocrx_word' id='word_1_288' title='bbox 1542 2412 1629 2452; x_wconf 91' lang='lat' dir='ltr'>pro</span> <span class='ocrx_word' id='word_1_289' title='bbox 1649 2399 1766 2453; x_wconf 79' lang='lat' dir='ltr'>ipsis</span> <span class='ocrx_word' id='word_1_290' title='bbox 1786 2397 1960 2452; x_wconf 90' lang='lat' dir='ltr'>populo</span> 
     </span>
     <span class='ocr_line' id='line_1_34' title="bbox 195 2467 1960 2524; baseline 0.003 -17"><span class='ocrx_word' id='word_1_291' title='bbox 195 2469 378 2510; x_wconf 75' lang='lat' dir='ltr'>assistat</span> <span class='ocrx_word' id='word_1_292' title='bbox 410 2469 454 2509; x_wconf 93' lang='lat' dir='ltr'>in</span> <span class='ocrx_word' id='word_1_293' title='bbox 487 2470 645 2511; x_wconf 75' lang='lat' dir='ltr'>officio</span> <span class='ocrx_word' id='word_1_294' title='bbox 677 2471 914 2522; x_wconf 86' lang='lat' dir='ltr'>pastorali,</span> <span class='ocrx_word' id='word_1_295' title='bbox 946 2484 1031 2523; x_wconf 90' lang='lat' dir='ltr'>pro</span> <span class='ocrx_word' id='word_1_296' title='bbox 1065 2483 1155 2523; x_wconf 94' lang='lat' dir='ltr'>quo</span> <span class='ocrx_word' id='word_1_297' title='bbox 1186 2472 1361 2524; x_wconf 93' lang='lat' dir='ltr'>populo</span> <span class='ocrx_word' id='word_1_298' title='bbox 1392 2470 1482 2524; x_wconf 88' lang='lat' dir='ltr'>ipsi</span> <span class='ocrx_word' id='word_1_299' title='bbox 1513 2470 1623 2512; x_wconf 84' lang='lat' dir='ltr'>facti</span> <span class='ocrx_word' id='word_1_300' title='bbox 1654 2467 1761 2512; x_wconf 84' lang='lat' dir='ltr'>sunt</span> <span class='ocrx_word' id='word_1_301' title='bbox 1791 2472 1836 2512; x_wconf 91' lang='lat' dir='ltr'>et</span> <span class='ocrx_word' id='word_1_302' title='bbox 1866 2480 1960 2511; x_wconf 79' lang='lat' dir='ltr'>non</span> 
     </span>
     <span class='ocr_line' id='line_1_35' title="bbox 194 2540 1961 2594; baseline 0.003 -17"><span class='ocrx_word' id='word_1_303' title='bbox 194 2550 217 2577; x_wconf 84' lang='lat' dir='ltr'>e</span> <span class='ocrx_word' id='word_1_304' title='bbox 251 2550 484 2581; x_wconf 71' lang='lat' dir='ltr'>converso.</span> <span class='ocrx_word' id='word_1_305' title='bbox 532 2540 658 2592; x_wconf 81' lang='lat' dir='ltr'>Cum,</span> <span class='ocrx_word' id='word_1_306' title='bbox 693 2542 831 2593; x_wconf 79' lang='lat' dir='ltr'>procl]</span> <span class='ocrx_word' id='word_1_307' title='bbox 867 2541 1012 2593; x_wconf 90' lang='lat' dir='ltr'>dolor,</span> <span class='ocrx_word' id='word_1_308' title='bbox 1047 2541 1136 2583; x_wconf 84' lang='lat' dir='ltr'>sint</span> <span class='ocrx_word' id='word_1_309' title='bbox 1169 2541 1401 2582; x_wconf 88' lang='lat' dir='ltr'>innumeri</span> <span class='ocrx_word' id='word_1_310' title='bbox 1434 2542 1481 2582; x_wconf 89' lang='lat' dir='ltr'>in</span> <span class='ocrx_word' id='word_1_311' title='bbox 1513 2553 1659 2594; x_wconf 88' lang='lat' dir='ltr'>regno</span> <span class='ocrx_word' id='word_1_312' title='bbox 1690 2540 1884 2583; x_wconf 87' lang='lat' dir='ltr'>Francie</span> <span class='ocrx_word' id='word_1_313' title='bbox 1915 2542 1961 2582; x_wconf 86' lang='lat' dir='ltr'>et</span> 
     </span>
    </p>
   </div>
   <div class='ocr_carea' id='block_1_5' title="bbox 196 2599 2085 2667">
    <p class='ocr_par' dir='ltr' id='par_1_8' title="bbox 196 2599 2085 2667">
     <span class='ocr_line' id='line_1_36' title="bbox 196 2599 2085 2667; baseline 0.003 -20"><span class='ocrx_word' id='word_1_314' title='bbox 196 2608 237 2648; x_wconf 87' lang='lat' dir='ltr'>in</span> <span class='ocrx_word' id='word_1_315' title='bbox 267 2610 369 2649; x_wconf 79' lang='lat' dir='ltr'>aliis</span> <span class='ocrx_word' id='word_1_316' title='bbox 396 2611 677 2661; x_wconf 80' lang='lat' dir='ltr'>regionibus,</span> <span class='ocrx_word' id='word_1_317' title='bbox 704 2612 778 2663; x_wconf 89' lang='lat' dir='ltr'>qui</span> <span class='ocrx_word' id='word_1_318' title='bbox 809 2611 972 2654; x_wconf 83' lang='lat' dir='ltr'>iustius</span> <span class='ocrx_word' id='word_1_319' title='bbox 994 2616 1191 2665; x_wconf 87' lang='lat' dir='ltr'>possunt</span> <span class='ocrx_word' id='word_1_320' title='bbox 1215 2612 1445 2654; x_wconf 91' lang='lat' dir='ltr'>nominari</span> <span class='ocrx_word' id='word_1_321' title='bbox 1472 2612 1641 2665; x_wconf 85' lang='lat' dir='ltr'>prelati</span> <span class='ocrx_word' id='word_1_322' title='bbox 1668 2624 1693 2654; x_wconf 90' lang='lat' dir='ltr'>a</span> <span class='ocrx_word' id='word_1_323' title='bbox 1717 2604 1960 2667; x_wconf 77' lang='lat' dir='ltr'>predando</span> <span class='ocrx_word' id='word_1_324' title='bbox 2011 2628 2014 2629; x_wconf 41' lang='lat'><em>⁷</em></span> <span class='ocrx_word' id='word_1_325' title='bbox 2058 2599 2085 2647; x_wconf 46' lang='lat' dir='ltr'>&#39;f-</span> 
     </span>
    </p>
   </div>
   <div class='ocr_carea' id='block_1_6' title="bbox 197 2680 1961 2882">
    <p class='ocr_par' dir='ltr' id='par_1_9' title="bbox 197 2680 1961 2882">
     <span class='ocr_line' id='line_1_37' title="bbox 197 2680 1960 2736; baseline 0.003 -19"><span class='ocrx_word' id='word_1_326' title='bbox 197 2691 330 2729; x_wconf 71' lang='lat' dir='ltr'>‹1uam</span> <span class='ocrx_word' id='word_1_327' title='bbox 367 2694 389 2720; x_wconf 80' lang='lat' dir='ltr'>a</span> <span class='ocrx_word' id='word_1_328' title='bbox 427 2680 768 2736; x_wconf 58' lang='lat' dir='ltr'>prosidendOh).</span> <span class='ocrx_word' id='word_1_329' title='bbox 816 2683 954 2724; x_wconf 80' lang='lat' dir='ltr'>Racio</span> <span class='ocrx_word' id='word_1_330' title='bbox 987 2686 1056 2725; x_wconf 89' lang='lat' dir='ltr'>est</span> <span class='ocrx_word' id='word_1_331' title='bbox 1091 2682 1192 2736; x_wconf 86' lang='lat' dir='ltr'>ista,</span> <span class='ocrx_word' id='word_1_332' title='bbox 1226 2682 1444 2736; x_wconf 89' lang='lat' dir='ltr'>quoniam</span> <span class='ocrx_word' id='word_1_333' title='bbox 1479 2682 1568 2736; x_wconf 80' lang='lat' dir='ltr'>ipsi</span> <span class='ocrx_word' id='word_1_334' title='bbox 1602 2685 1708 2725; x_wconf 86' lang='lat' dir='ltr'>sunt</span> <span class='ocrx_word' id='word_1_335' title='bbox 1741 2681 1878 2735; x_wconf 85' lang='lat' dir='ltr'>primi</span> <span class='ocrx_word' id='word_1_336' title='bbox 1913 2681 1960 2723; x_wconf 93' lang='lat' dir='ltr'>in</span> 
     </span>
     <span class='ocr_line' id='line_1_38' title="bbox 197 2750 1961 2806; baseline 0.003 -18"><span class='ocrx_word' id='word_1_337' title='bbox 197 2750 400 2790; x_wconf 62' lang='lat' dir='ltr'>consiliis</span> <span class='ocrx_word' id='word_1_338' title='bbox 430 2750 633 2802; x_wconf 75' lang='lat' dir='ltr'>ipsorum</span> <span class='ocrx_word' id='word_1_339' title='bbox 666 2753 940 2805; x_wconf 87' lang='lat' dir='ltr'>principum,</span> <span class='ocrx_word' id='word_1_340' title='bbox 970 2754 1047 2806; x_wconf 88' lang='lat' dir='ltr'>qui</span> <span class='ocrx_word' id='word_1_341' title='bbox 1079 2754 1189 2795; x_wconf 90' lang='lat' dir='ltr'>dant</span> <span class='ocrx_word' id='word_1_342' title='bbox 1218 2754 1412 2796; x_wconf 89' lang='lat' dir='ltr'>consilia</span> <span class='ocrx_word' id='word_1_343' title='bbox 1443 2753 1601 2806; x_wconf 87' lang='lat' dir='ltr'>iniqu-a</span> <span class='ocrx_word' id='word_1_344' title='bbox 1631 2757 1789 2795; x_wconf 88' lang='lat' dir='ltr'>contra</span> <span class='ocrx_word' id='word_1_345' title='bbox 1819 2763 1961 2806; x_wconf 81' lang='lat' dir='ltr'>popu-</span> 
     </span>
     <span class='ocr_line' id='line_1_39' title="bbox 199 2819 1961 2882; baseline 0.003 -24"><span class='ocrx_word' id='word_1_346' title='bbox 199 2819 289 2859; x_wconf 90' lang='lat' dir='ltr'>lum</span> <span class='ocrx_word' id='word_1_347' title='bbox 316 2820 371 2861; x_wconf 83' lang='lat' dir='ltr'>ad</span> <span class='ocrx_word' id='word_1_348' title='bbox 396 2823 773 2873; x_wconf 68' lang='lat' dir='ltr'>complacendum</span> <span class='ocrx_word' id='word_1_349' title='bbox 800 2824 997 2877; x_wconf 88' lang='lat' dir='ltr'>principi</span> <span class='ocrx_word' id='word_1_350' title='bbox 1024 2828 1068 2866; x_wconf 84' lang='lat' dir='ltr'>et</span> <span class='ocrx_word' id='word_1_351' title='bbox 1094 2824 1151 2866; x_wconf 91' lang='lat' dir='ltr'>ad</span> <span class='ocrx_word' id='word_1_352' title='bbox 1177 2824 1516 2866; x_wconf 87' lang='lat' dir='ltr'>exauriendum</span> <span class='ocrx_word' id='word_1_353' title='bbox 1542 2836 1705 2866; x_wconf 88' lang='lat' dir='ltr'>aurum</span> <span class='ocrx_word' id='word_1_354' title='bbox 1730 2826 1776 2882; x_wconf 83' lang='lat' dir='ltr'>et</span> <span class='ocrx_word' id='word_1_355' title='bbox 1798 2834 1961 2876; x_wconf 88' lang='lat' dir='ltr'>argen-</span> 
     </span>
    </p>
   </div>
   <div class='ocr_carea' id='block_1_7' title="bbox 197 2938 1960 3034">
    <p class='ocr_par' dir='ltr' id='par_1_10' title="bbox 197 2938 1960 3034">
     <span class='ocr_line' id='line_1_40' title="bbox 303 2938 1960 2985; baseline 0.002 -14"><span class='ocrx_word' id='word_1_356' title='bbox 303 2957 331 2971; x_wconf 63' lang='grc' dir='ltr'>η.</span> <span class='ocrx_word' id='word_1_357' title='bbox 355 2948 396 2970; x_wconf 69' lang='lat' dir='ltr'>‹tl›</span> <span class='ocrx_word' id='word_1_358' title='bbox 421 2948 523 2974; x_wconf 58' lang='lat' dir='ltr'>nlius?</span> <span class='ocrx_word' id='word_1_359' title='bbox 565 2950 594 2974; x_wconf 84' lang='grc' dir='ltr'>Ιιι</span> <span class='ocrx_word' id='word_1_360' title='bbox 621 2951 662 2975; x_wconf 73' lang='lat' dir='ltr'>lls</span> <span class='ocrx_word' id='word_1_361' title='bbox 682 2950 763 2982; x_wconf 66' lang='lat' dir='ltr'>sulm</span> <span class='ocrx_word' id='word_1_362' title='bbox 787 2959 850 2983; x_wconf 69' lang='lat' dir='ltr'>qua</span> <span class='ocrx_word' id='word_1_363' title='bbox 870 2958 996 2978; x_wconf 69' lang='lat' dir='ltr'>seusus.</span> <span class='ocrx_word' id='word_1_364' title='bbox 1045 2958 1072 2978; x_wconf 67' lang='lat' dir='ltr'>ct</span> <span class='ocrx_word' id='word_1_365' title='bbox 1098 2953 1174 2978; x_wconf 68' lang='grc' dir='ltr'><em>ΙΙῑνι·</em></span> <span class='ocrx_word' id='word_1_366' title='bbox 1194 2951 1272 2985; x_wconf 76' lang='lat' dir='ltr'>fehlt</span> <span class='ocrx_word' id='word_1_367' title='bbox 1296 2952 1373 2979; x_wconf 74' lang='lat' dir='ltr'>doch</span> <span class='ocrx_word' id='word_1_368' title='bbox 1397 2952 1446 2978; x_wconf 68' lang='lat' dir='ltr'>cin</span> <span class='ocrx_word' id='word_1_369' title='bbox 1466 2951 1649 2985; x_wconf 61' lang='lat' dir='ltr'>Saixfsliecl?</span> <span class='ocrx_word' id='word_1_370' title='bbox 1688 2950 1720 2985; x_wconf 84' lang='lat' dir='ltr'>d)</span> <span class='ocrx_word' id='word_1_371' title='bbox 1742 2951 1781 2979; x_wconf 74' lang='lat' dir='ltr'>So</span> <span class='ocrx_word' id='word_1_372' title='bbox 1804 2938 1960 2983; x_wconf 67' lang='grc' dir='ltr'>ιηιεὶοιὴὶη.</span> 
     </span>
     <span class='ocr_line' id='line_1_41' title="bbox 197 2996 1481 3034; baseline 0.005 -15"><span class='ocrx_word' id='word_1_373' title='bbox 197 3004 224 3017; x_wconf 79' lang='lat'>‹-·</span> <span class='ocrx_word' id='word_1_374' title='bbox 246 3005 279 3018; x_wconf 62' lang='lat' dir='ltr'>sa</span> <span class='ocrx_word' id='word_1_375' title='bbox 306 2996 354 3020; x_wconf 54' lang='lat' dir='ltr'>lls.</span> <span class='ocrx_word' id='word_1_376' title='bbox 413 2997 434 3020; x_wconf 79' lang='lat' dir='ltr'>t‘·</span> <span class='ocrx_word' id='word_1_377' title='bbox 463 2997 503 3020; x_wconf 66' lang='lat' dir='ltr'>lls·</span> <span class='ocrx_word' id='word_1_378' title='bbox 527 2996 727 3024; x_wconf 71' lang='lat' dir='ltr'>nacionibus.</span> <span class='ocrx_word' id='word_1_379' title='bbox 783 3000 813 3029; x_wconf 57' lang='lat' dir='ltr'>g)</span> <span class='ocrx_word' id='word_1_380' title='bbox 840 3000 881 3024; x_wconf 57' lang='grc' dir='ltr'>ΙΙ.κΙ</span> <span class='ocrx_word' id='word_1_381' title='bbox 907 2999 1090 3025; x_wconf 76' lang='lat' dir='ltr'>teneantur.</span> <span class='ocrx_word' id='word_1_382' title='bbox 1148 2998 1178 3033; x_wconf 86' lang='lat' dir='ltr'>h)</span> <span class='ocrx_word' id='word_1_383' title='bbox 1204 3000 1246 3025; x_wconf 74' lang='lat' dir='ltr'>Ils</span> <span class='ocrx_word' id='word_1_384' title='bbox 1270 2998 1481 3034; x_wconf 65' lang='lat' dir='ltr'>prusitlendO.</span> 
     </span>
    </p>
   </div>
   <div class='ocr_carea' id='block_1_8' title="bbox 1919 3215 2102 3444">
    <p class='ocr_par' dir='ltr' id='par_1_11' title="bbox 1919 3215 2102 3444">
     <span class='ocr_line' id='line_1_42' title="bbox 1919 3215 2102 3444; baseline 0 0"><span class='ocrx_word' id='word_1_385' title='bbox 1919 3215 2102 3444; x_wconf 95' lang='lat' dir='ltr'> </span> 
     </span>
    </p>
   </div>
   <div class='ocr_carea' id='block_1_9' title="bbox 2052 0 2102 3197">
    <p class='ocr_par' dir='ltr' id='par_1_12' title="bbox 2052 0 2102 3197">
     <span class='ocr_line' id='line_1_43' title="bbox 2052 0 2102 3197; baseline 0 0"><span class='ocrx_word' id='word_1_386' title='bbox 2052 0 2102 3197; x_wconf 95' lang='lat' dir='ltr'> </span> 
     </span>
    </p>
   </div>
  </div>
 </body>
</html>
