2102 3444
246 147 331 190 350
786 146 807 180 1.
836 145 1044 180 Abschnitt.
1083 143 1483 188 Konzilstagebiicher.

365 265 515 318 Super
543 265 663 307 facto
692 265 814 307 enim
844 265 1030 306 unionis
1058 263 1254 305 ecclesie
1283 276 1308 306 a
1337 264 1426 317 die,
1455 276 1545 318 qua
1572 265 1614 306 d.
1645 267 1802 307 noster
1831 265 2019 307 intravit

251 349 395 388 usque
432 336 489 378 ad
523 335 781 388 predictum
818 335 987 377 festum
1022 334 1274 376 nativitatis
1309 335 1497 388 domini,
1532 348 1622 388 quo
1658 335 1844 378 intravit
1876 335 2018 389 impe-

250 410 373 448 rator
400 410 444 449 et
471 407 655 448 domina
683 405 970 458 imperatrix,
997 418 1088 447 non
1117 405 1306 448 fuerunt
1333 406 1488 459 aliqua
1515 407 1731 448 conclusa
1759 418 1842 448 seu
1868 406 2018 449 deter-

250 478 419 519 minata
444 490 530 530 pro
551 490 620 527 eo,
644 476 751 529 quia
775 476 978 517 nondum
1002 480 1229 518 venerant
1252 476 1587 518 ambaciatores
1612 476 1806 519 Francie
1831 480 1876 519 et
1897 477 2018 531 Ang-
2046 507 2072 512 -

248 549 323 601 lie,
353 548 459 590 licet
488 560 572 601 pro
602 550 733 600 parte
765 547 1048 589 Ytalicorum
1077 551 1291 600 porrecta
1321 547 1463 589 fuerit
1492 547 1691 600 quedam
1720 547 1885 590 cedula
1914 560 2018 589 con-

245 618 438 660 cludens
474 619 518 659 in
553 617 742 670 effectu,
778 618 900 670 quod
934 618 1083 671 primo
1118 622 1334 671 ageretur
1369 619 1424 660 de
1461 617 1823 661 confirmacione
1859 618 2015 661 Pisani

244 689 423 730 concilii
451 692 496 730 et
522 689 804 731 execucione
828 689 1174 731 sentenciarum
1205 689 1330 732 illius
1357 702 1442 742 per
1470 690 1801 742 agravaciones
1826 692 1873 731 et
1898 689 2016 732 alios

244 759 415 802 modos.
458 760 555 812 Qua
586 759 774 812 quidem
805 760 970 802 cedula
1003 761 1119 802 lecta
1151 761 1192 802 d.
1222 760 1474 802 cardinalis
1507 759 1860 803 Cameracensis
1891 759 2015 802 illico

244 832 453 883 porrexit
475 831 614 872 aliam
635 832 914 873 contrariam
938 866 946 873 .
983 865 990 872 .
1028 832 1076 885 .¹)
1114 831 1167 872 Et
1190 831 1297 884 quia
1322 832 1441 873 inter
1464 831 1826 874 ambassiatores
1847 831 2014 885 Angeli

244 902 462 944 Corrario
488 905 587 944 erat
614 915 733 944 unus
761 901 1025 954 cardinalis,
1053 901 1139 943 fuit
1166 915 1331 955 magna
1360 902 1606 944 altercacio
1630 902 1754 944 inter
1779 901 2014 955 naciones,

241 985 298 1014 an
330 972 526 1015 deberet
557 972 734 1014 admitti
765 986 865 1014 cum
898 974 1044 1015 rubeo
1076 973 1270 1025 capello.
1316 973 1369 1014 Et
1400 972 1586 1014 tandem
1618 985 1703 1026 pro
1733 973 1855 1015 bono
1885 973 2012 1026 pacis

242 1043 327 1086 t'uit
356 1044 622 1086 conclusum
653 1044 775 1097 quod
805 1044 882 1086 sic.

357 1114 546 1157 Sabbati
573 1114 737 1156 XXIX.
768 1114 1038 1157 Decembris
1066 1114 1256 1156 fuerunt
1283 1114 1425 1157 auditi
1453 1115 1701 1168 episcopus
1729 1114 2012 1167 Colocensis,

241 1187 317 1238 qui
345 1186 500 1228 fuerat
529 1185 698 1227 missus
728 1185 785 1227 ad
813 1185 1081 1227 Corrarium
1111 1189 1156 1227 et
1183 1185 1224 1227 d.
1254 1185 1523 1237 Ottobonus,
1553 1186 1631 1238 qui
1660 1185 1815 1228 fuerat
1842 1185 2011 1227 missus

240 1256 294 1298 ad
329 1255 687 1310 Benedictum2).
730 1256 815 1308 Qui
847 1256 1035 1309 quidem
1066 1256 1314 1309 episcopus
1347 1256 1517 1310 retulit,
1549 1256 1750 1309 qualiter
1780 1255 2012 1310 significa-

240 1331 370 1369 verat
390 1327 508 1369 dicto
529 1327 756 1380 Gregorio
778 1327 1022 1368 concilium
1043 1327 1266 1380 generale
1289 1326 1622 1369 celebrandum
1645 1327 1718 1369 die
1742 1339 1832 1381 qua
1854 1339 2010 1380 supra,

238 1397 417 1440 salvum
449 1398 721 1440 conductum
753 1397 1050 1451 imperatoris
1079 1398 1397 1451 presentando
1429 1401 1474 1440 et
1505 1398 1562 1440 de
1594 1398 1902 1451 responsione
1933 1409 2011 1451 ap-

239 1469 438 1521 portavit
472 1469 660 1522 publica
694 1469 1005 1511 instrumenta
1040 1472 1086 1510 et
1120 1481 1206 1522 pro
1242 1469 1550 1522 responsione
1587 1467 1723 1511 finali
1759 1468 1861 1522 ipse
1899 1467 2011 1511 Gre-

237 1541 394 1593 gorius
425 1539 688 1583 destinabat
718 1543 868 1582 certos
899 1552 1007 1582 suos
1038 1542 1247 1581 oratores
1278 1540 1560 1592 solempnes,
1591 1540 1668 1592 qui
1701 1551 1832 1582 suam
1863 1540 2010 1581 inten-

239 1611 416 1653 cionem
450 1611 491 1653 d.
527 1610 796 1664 imperatori
830 1614 873 1653 et
906 1610 1100 1652 concilio
1132 1610 1363 1652 haberent
1394 1611 1608 1664 plenarie
1640 1609 1824 1652 referre
1855 1613 2011 1658 etex-

237 1682 446 1734 planare.

357 1752 513 1796 Dictus
538 1765 651 1795 vero
679 1752 933 1795 Ottobonus
961 1752 1083 1794 idem
1112 1752 1271 1794 retulit
1297 1765 1323 1794 a
1350 1753 1470 1794 dicto
1497 1751 1761 1794 Benedicto.

359 1823 470 1865 Item
499 1823 641 1866 tercia
670 1823 744 1866 die
773 1824 948 1866 mensis
977 1823 1187 1865 Januarii
1219 1824 1406 1865 intravit
1435 1824 1683 1876 episcopus
1712 1822 2008 1876 Maguntinus

237 1906 337 1936 cum
368 1894 458 1936 IIIc
487 1894 721 1947 equitibus
748 1898 795 1936 et
822 1894 958 1937 ultra.
998 1894 1083 1946 Qui
1113 1895 1159 1935 in
1187 1894 1438 1936 crastinum
1466 1893 1668 1947 prestitit
1698 1894 2007 1936 iuramentum

237 1977 357 2018 pape
386 1965 443 2007 de
470 1965 558 2007 sibi
585 1965 863 2017 obediendo,
892 1963 1163 2008 adherendo
1190 1968 1235 2007 et
1262 1965 1540 2018 assistendo,
1568 1964 1789 2018 quamdiu
1815 1964 2006 2007 viveret.

359 2036 470 2078 Item
505 2037 665 2089 quinta
700 2035 773 2077 die
810 2036 916 2078 dicti
952 2035 1126 2078 mensis
1162 2036 1454 2078 intraverunt
1488 2035 1849 2078 ambassiatores
1884 2034 2007 2089 regis
2070 2047 2083 2053 ³

238 2106 575 2148 Denemarchie
606 2119 801 2149 numero
837 2106 962 2148 llleL
994 2107 1214 2160 equitum.
1259 2106 1434 2149 Diebus
1464 2119 1576 2148 vero
1607 2104 1912 2160 sequentibus
1942 2106 2008 2148 in-

239 2180 477 2220 traverunt
498 2178 659 2230 plures
682 2177 1044 2220 ambassiatores
1066 2190 1242 2231 regum,
1265 2178 1445 2229 ducum,
1468 2178 1697 2230 comitum,
1718 2177 2005 2231 prelatorum

236 2251 281 2289 et
309 2247 827 2290 aliorumdominorum
855 2248 1000 2290 tocius
1029 2248 1258 2290 Almanie.

354 2317 438 2360 Die
476 2317 653 2361 decima
689 2318 795 2360 dicti
832 2319 1006 2361 mensis
1044 2319 1336 2361 intraverunt
1371 2318 1731 2361 ambassiatores
1767 2317 2004 2361 Benedicti

235 2393 279 2430 et
311 2389 434 2442 regis
465 2390 770 2442 Arragonum.
814 2390 1015 2441 Quorum
1048 2390 1235 2442 quidem
1267 2390 1652 2432 ambassiatorum
1682 2389 1731 2431 in
1760 2389 2006 2443 presencia

238 2459 532 2514 imperatoris
552 2460 793 2514 proposuit
814 2459 1002 2513 quidam
1024 2460 1290 2514 Jacobita³),
1312 2461 1422 2502 olim
1443 2461 1691 2514 episcopus
1712 2459 2004 2512 Senecensis‚

235 2533 279 2573 et
306 2533 410 2584 post
437 2531 598 2584 plures
625 2531 957 2573 excusaciones
985 2531 1125 2572 nichil
1156 2531 1321 2573 obtulit
1347 2531 1439 2573 nisi
1467 2531 1616 2573 solum
1645 2531 2003 2573 convencionem

236 2601 442 2643 fiendam
469 2614 554 2654 per
580 2604 722 2643 totum
751 2613 958 2643 mensem
986 2601 1163 2655 Aprilis
1190 2601 1235 2643 in
1264 2602 1362 2644 loco
1391 2602 1446 2643 de
1474 2601 1600 2644 Nicia
1624 2613 1710 2655 per
1737 2601 1779 2644 d.
1807 2602 2005 2655 impera-

236 2674 396 2725 torem,
421 2671 723 2714 Benedictum
749 2675 792 2714 et
818 2684 975 2726 regem
1001 2672 1306 2725 Arragonum.
1350 2672 1758 2726 Interrogatusque
1784 2684 1870 2726 per
1894 2683 2004 2714 eun·

235 2742 339 2784 dem
369 2742 410 2785 d.
441 2743 784 2796 imperatorem,
814 2756 871 2785 an
901 2742 1027 2785 aliud
1057 2742 1268 2796 offerret,
1298 2742 1552 2796 respondit,
1581 2742 1703 2797 quod
1731 2755 1838 2785 non.
1879 2743 2003 2784 Tunc

353 2873 384 2914 1)
412 2872 546 2907 weiter
571 2872 645 2906 wie
669 2872 860 2907 Fillastre.

352 2930 384 2973 2)
415 2930 483 2973 vyl.
511 2930 574 2965 Bd.
600 2930 628 2972 Ι,
653 2930 721 2965 :294
745 2939 801 2973 ss;
826 2930 894 2966 329
919 2940 967 2965 ss.

352 2989 383 3029 3)
410 2989 444 3024 d.
471 2988 503 3022 la.
530 2988 820 3024 Dominikmzer,
846 2987 996 3022 Aninio.
1035 2987 1297 3031 Morka-iirdiq
1321 2989 1389 3023 das
1414 2988 1516 3024 olim.
1555 2989 1604 3023 Er
1627 2999 1707 3023 ἰι-αν
1732 2988 1822 3023 noch
1852 2983 2001 3028 Bischor

238 3057 305 3080 sun
332 3048 460 3080 Νρηθζ.
