2102 3444
213 94 297 136 586
655 90 722 124 III.
751 87 960 123 Abschnitl.
1002 85 1153 120 Reform
1182 85 1260 118 und
1289 83 1538 128 Verfassung.

214 212 319 263 quia
348 213 538 263 propter
567 206 904 249 multitudinem
933 216 1025 245 non
1055 205 1266 244 crescunt
1294 201 1383 244 nisi
1411 213 1620 255 expense
1649 202 1750 244 sine
1778 201 1979 244 necessi-

216 285 319 327 tate,
344 284 389 321 ut
416 279 545 320 mic-lii
573 280 778 330 apparet.

333 351 491 391 l'trum
524 361 642 401 papa
674 346 816 399 possit
848 346 919 386 vel
953 345 1121 386 debeat
1151 344 1308 385 facere
1340 342 1584 396 episcopos
1615 342 1870 396 portatiles,
1902 341 1980 396 qui
2043 388 2046 391 ,

216 433 303 462 non
334 421 531 461 habeant
560 418 679 459 unde
707 417 879 466 vivere,
907 428 1006 457 curn
1031 415 1137 456 talis
1163 414 1343 456 creacio
1369 414 1426 456 sit
1452 413 1509 455 ad
1537 425 1752 467 magnum
1778 413 1981 455 dedecus

215 495 257 533 et
299 493 585 542 contemptus
628 488 822 530 aliorum
865 487 1205 538 episcoporum,
1247 484 1393 526 eciam
1434 496 1572 537 pape,
1614 485 1691 537 qui
1734 484 1982 537 episcopus

219 562 446 602 Romanus
470 559 658 612 proprie
684 557 850 598 (licitur
874 562 920 599 et
943 569 1080 609 quam
1106 555 1305 597 maxime
1331 567 1432 596 cum
1458 554 1514 596 de
1539 554 1642 596 iure
1667 554 1886 608 scriptum
1909 554 1982 606 sit,

215 631 335 683 quod
364 630 506 672 eciam
537 628 797 682 presbyteri
828 640 919 669 non
950 627 1054 672 sint,
1084 627 1173 668 nisi
1203 625 1419 677 habeant,
1449 625 1572 667 unde
1602 625 1760 667 vivere
1788 625 1982 678 possint,

216 702 301 742 uisi
342 702 425 742 hec
464 699 697 753 promocio
734 699 872 740 fieret
913 698 970 739 ad
1010 700 1275 750 requestam
1315 695 1509 738 alicuius
1549 696 1702 749 magni
1741 694 1983 749 principis,

216 772 329 814 sicut
366 772 421 812 de
459 771 678 823 episcopo
714 769 1108 820 -Ierosolimitano,
1145 768 1219 809 vel
1259 767 1317 809 ad
1355 766 1749 819 supplicacionem
1788 766 1984 808 alicuius
2016 756 2028 765 ⁵

217 842 366 894 magni
392 841 573 894 prelati,
599 840 674 893 qui
701 839 949 892 providere
974 838 1127 880 eidem
1153 838 1266 880 velit
1286 850 1373 890 pro
1399 849 1585 890 semper
1607 840 1655 879 et
1677 837 1818 880 vitam
1842 836 1984 890 assig-

218 925 328 954 nare
377 915 615 965 perpetuo.
663 910 792 952 Alias
838 914 886 951 ut
933 909 1102 951 dictum
1148 912 1232 961 est,
1280 908 1492 950 confusio
1535 911 1608 950 est
1653 908 1800 961 magis
1846 918 1984 961 quam

217 983 461 1036 promocio.

333 1054 493 1095 Utrum
532 1052 774 1094 concilium
811 1051 1060 1104 providere
1095 1051 1266 1093 habeat
1302 1063 1404 1092 cum
1440 1062 1576 1103 papa,
1614 1049 1737 1102 quod
1773 1047 1986 1092 ammodo

218 1137 306 1166 non
334 1125 450 1166 siant
474 1127 536 1166 tot
560 1123 765 1176 magistri
791 1135 875 1164 nec
901 1122 1112 1164 doctores
1135 1121 1225 1164 nisi
1252 1122 1297 1162 in
1323 1120 1707 1163 universitatibus
1730 1123 1777 1162 et
1798 1119 1869 1162 ill‘i
1894 1120 1986 1163 sint
2052 1110 2062 1151 ἕ
2079 1118 2086 1147 5

219 1195 336 1236 liene
363 1195 473 1236 certi
502 1197 559 1245 et,
588 1194 624 1235 si
649 1193 978 1235 universitates
1004 1205 1098 1234 non
1123 1195 1359 1234 mutentur
1384 1192 1459 1233 vel
1486 1192 1788 1233 annullentur
1815 1190 1986 1244 alique,
2031 1186 2037 1190 ⁷

218 1265 366 1307 saltim
396 1265 708 1318 provideatur,
736 1264 858 1317 quod
885 1277 977 1305 non
1006 1263 1285 1316 expediatur
1312 1263 1403 1304 nisi
1432 1275 1553 1305 unus
1581 1262 1628 1304 in
1655 1274 1778 1304 anno
1804 1261 1852 1304 in
1877 1273 1986 1315 qua-

220 1336 329 1379 libet
354 1336 670 1384 universitate,
698 1335 914 1387 quoniam
940 1347 1050 1376 vere
1077 1335 1239 1387 plures
1265 1337 1371 1375 sunt
1395 1346 1532 1386 quam
1559 1333 1668 1375 boni
1694 1331 1926 1386 discipuli.
1984 1352 1988 1357 ·

333 1407 494 1449 Utrum
523 1419 644 1459 papa
671 1406 818 1459 possit
845 1407 920 1447 vel
950 1406 1119 1447 debeat
1147 1405 1260 1447 dare
1289 1404 1523 1446 bene-ficia
1550 1403 1866 1446 ecclesiastica
1893 1403 1987 1456 lay·
2048 1418 2052 1455 j
2075 1442 2080 1447 .

218 1478 294 1524 cis,
320 1477 540 1519 militibus
565 1480 756 1530 propter
780 1475 977 1519 servicia
1000 1476 1301 1529 particularia
1323 1476 1397 1517 vel
1423 1475 1568 1517 eciam
1591 1473 1846 1528 generalia,
1871 1474 1987 1517 sicut

220 1548 263 1589 in
292 1548 532 1590 Provincia
557 1548 668 1589 fecit
694 1548 946 1590 modernus
971 1551 1017 1589 et
1044 1548 1089 1588 in
1115 1547 1339 1599 Bononia,
1365 1546 1422 1588 de
1449 1558 1542 1599 quo
1566 1545 1730 1598 fertur,
1757 1544 1882 1598 quod
1905 1543 1987 1587 uni

219 1619 348 1670 layco
369 1619 495 1661 dedit
516 1619 603 1660 VII
626 1631 759 1661 curas
782 1619 1056 1670 animarum,
1078 1618 1158 1660 ubi
1181 1621 1227 1660 et
1246 1617 1295 1659 in
1318 1617 1422 1659 alii-s
1439 1617 1604 1659 studiis
1620 1628 1758 1670 quam
1771 1615 1988 1670 pluribus

220 1693 323 1730 sunt
351 1689 478 1730 multi
507 1690 717 1732 valentes
742 1690 844 1735 viri,
872 1689 948 1742 qui
976 1689 1163 1732 student
1187 1692 1234 1731 et
1259 1689 1420 1742 legunt
1446 1688 1494 1730 in
1519 1690 1716 1740 utroque
1745 1689 1866 1730 statu
1891 1686 1988 1729 exi-

220 1763 393 1801 stentes
421 1764 465 1801 et
495 1764 688 1813 utraque
719 1760 938 1802 facultate
970 1761 1194 1813 legentes,
1225 1760 1302 1812 qui
1333 1759 1421 1802 sibi
1451 1763 1498 1802 et
1526 1759 1632 1801 aliis
1661 1757 1916 1812 proficiunt
1942 1759 1988 1800 et

220 1834 371 1871 tamen
400 1831 537 1871 nichil
564 1831 751 1883 habent,
778 1832 868 1872 nisi
896 1832 1019 1873 velle
1047 1831 1105 1873 ad
1129 1830 1472 1884 proficiendum
1500 1833 1544 1872 et
1571 1829 1761 1872 domina
1784 1827 1987 1885 miseria,

221 1914 309 1953 que
335 1914 414 1942 eos
441 1902 768 1944 concomitatur
795 1903 840 1943 in
866 1902 1118 1955 paciencia.

338 1973 498 2014 Utrum
541 1975 702 2027 papea)
750 1973 805 2014 sit
846 1973 1164 2015 necessarium
1207 1976 1370 2015 tenere
1410 1972 1459 2013 in
1501 1971 1710 2025 qualibet
1748 1969 1988 2024 provincia

225 2055 279 2082 un
290 2055 360 2083 um
386 2043 668 2084 visitatorem
691 2043 903 2096 probum,
928 2042 1046 2098 quib)
1076 2044 1286 2097 invigilet
1310 2046 1469 2086 contra
1491 2043 1650 2096 pigros
1673 2044 1720 2084 et
1740 2040 1988 2084 indomitos
2026 2047 2028 2049 ’
2074 2078 2079 2085 .

221 2113 556 2155 etz-lesiasticos
588 2115 661 2156 vel
693 2115 813 2167 quod
845 2115 951 2157 talis
981 2115 1212 2156 correccio
1243 2114 1485 2156 comitatur
1515 2107 1892 2170 metropolitano,
1915 2111 1987 2154 cui

222 2184 365 2224 eriam
396 2197 515 2237 papa
546 2188 758 2227 teneatur
788 2186 861 2226 vel
892 2186 1039 2238 possit
1071 2186 1183 2227 dare
1215 2185 1360 2227 fidem
1392 2186 1439 2226 in
1469 2184 1786 2227 eleccionibus
1812 2181 1988 2225 fiendis

225 2254 266 2294 iu
296 2267 376 2295 sua
405 2255 653 2307 provincia,
682 2256 788 2297 dum
816 2259 969 2298 tamen
998 2257 1099 2309 ipse
1126 2256 1299 2298 ibidem
1327 2255 1638 2298 residenciam
1663 2254 1988 2309 faciat‚<²)-cun.1
2019 2294 2030 2302 „
2052 2251 2066 2283 δ’

224 2324 327 2365 talis
364 2327 745 2378 metropolitanus
782 2327 837 2368 sit
873 2328 1019 2381 magis
1056 2332 1191 2380 aptus
1229 2328 1347 2369 scire
1384 2327 1627 2369 veritatem
1663 2328 1710 2368 et
1743 2325 1988 2368 utilitatem
2050 2356 2073 2379 ι,

223 2395 468 2436 eleccionis
495 2409 629 2448 quam
658 2410 790 2450 papa,
817 2398 893 2450 qui
921 2401 990 2440 est
1015 2396 1271 2451 reiectusfl)
1300 2397 1446 2440 eciam
1472 2397 1638 2439 merita
1661 2397 1736 2438 vel
1762 2394 1988 2438 demerita
2015 2385 2019 2390 ⁵

224 2465 442 2507 (lictorum
471 2467 720 2508 electorum
746 2472 790 2509 et
814 2469 1136 2521 eligendorum
1161 2472 1206 2511 et
1231 2470 1295 2511 sic
1319 2469 1470 2521 primo
1494 2468 1551 2510 ad
1576 2480 1682 2510 eum
1707 2468 1986 2509 recurretur.

340 2536 499 2577 Utrum
535 2538 680 2589 possit
714 2540 786 2579 vel
825 2539 992 2582 debeat
1027 2540 1139 2582 dare
1174 2539 1408 2593 episcopis
1445 2538 1695 2581 secundam
1731 2536 1988 2589 ecclesiam,
2029 2527 2078 2575 ‘³³3

224 2620 322 2647 cum
349 2608 493 2659 prima
519 2609 575 2650 sit
599 2609 666 2651 eis
690 2613 735 2650 ut
761 2622 945 2663 sponsa,
968 2614 1017 2652 ut
1041 2611 1209 2652 dantur
1232 2610 1370 2652 hodie
1394 2610 1468 2652 vel
1492 2606 1772 2652 comituntur
1795 2607 1986 2651 abbacie
2006 2600 2008 2602 ¹
2073 2597 2081 2631 2

226 2678 337 2728 ipsis
365 2682 407 2720 et
437 2678 633 2721 dominis
661 2679 975 2723 cardinalibus
1004 2681 1199 2723 ecclesie
1228 2680 1536 2732 cathedrales,
1563 2683 1608 2722 et
1633 2683 1789 2722 tamen
1815 2677 1988 2722 habent
2038 2667 2083 2729 ’ᾖξ-

225 2748 378 2789 titulos·
405 2752 446 2789 et
474 2750 693 2791 ecclesias
723 2750 763 2791 in
794 2751 943 2805 orlie‘)
975 2751 1049 2803 ita,
1077 2751 1199 2804 quod
1226 2764 1319 2793 non
1345 2751 1529 2793 videtur
1556 2749 1856 2803 racionabile,
1881 2752 2030 2806 113111]

226 2819 288 2858 sic
314 2819 581 2870 providetur
606 2818 794 2874 bursiss)
821 2835 982 2864 eorum
1008 2825 1053 2865 et
1075 2835 1168 2864 non
1192 2822 1404 2865 ecclesii-s
1427 2834 1513 2864 nec
1538 2821 1797 2875 animabus,
1821 2817 1987 2874 quibus
2039 2810 2079 2855 ‘is

329 2954 357 2970 :r
384 2947 424 2971 lle
446 2954 536 2980 papa.
612 2948 642 2972 lu
668 2949 710 2973 ΙΙμ
733 2949 792 2975 wl.
867 2950 894 2980 ‹·)
921 2950 963 2975 lls
986 2949 1117 2976 t‘ueiaut.
1191 2950 1223 2976 ‹l›
1244 2952 1321 2977 stuc!
1344 2957 1378 2977 re
1403 2950 1516 2977 mtus?
1592 2949 1620 2979 υ)
1641 2950 1720 2976 statt
1735 2948 1848 2991 ¹!T¹'⁰?s

331 2992 352 3017 s·
378 2993 420 3018 m
442 2994 546 3019 l·‹·t·.-1is
569 2996 645 3019 mm·
673 2995 787 3021 uri-sis.
1346 3013 1348 3016 .
1396 2988 1399 2995 ‘
1732 3024 1736 3027 J
1763 3000 1797 3023 -‹,
1822 2993 1839 3027 ,s
