<?xml version="1.0" encoding="UTF-8"?>
<!DOCTYPE html PUBLIC "-//W3C//DTD XHTML 1.0 Transitional//EN"
    "http://www.w3.org/TR/xhtml1/DTD/xhtml1-transitional.dtd">
<html xmlns="http://www.w3.org/1999/xhtml" xml:lang="en" lang="en">
 <head>
  <title>
</title>
<meta http-equiv="Content-Type" content="text/html;charset=utf-8" />
  <meta name='ocr-system' content='tesseract 3.04.00' />
  <meta name='ocr-capabilities' content='ocr_page ocr_carea ocr_par ocr_line ocrx_word'/>
</head>
<body>
  <div class='ocr_page' id='page_1' title='image "./actaconciliicons02counuoft/actaconciliicons02counuoft_0341.png"; bbox 0 0 2227 3434; ppageno 0'>
   <div class='ocr_carea' id='block_1_1' title="bbox 511 196 1825 242">
    <p class='ocr_par' dir='ltr' id='par_1_1' title="bbox 511 196 1825 242">
     <span class='ocr_line' id='line_1_1' title="bbox 511 196 1825 242; baseline -0.003 -9"><span class='ocrx_word' id='word_1_1' title='bbox 511 198 550 233; x_wconf 90' lang='lat' dir='ltr'>E.</span> <span class='ocrx_word' id='word_1_2' title='bbox 591 197 669 233; x_wconf 88' lang='lat' dir='ltr'>Der</span> <span class='ocrx_word' id='word_1_3' title='bbox 693 198 793 233; x_wconf 88' lang='lat' dir='ltr'>liber</span> <span class='ocrx_word' id='word_1_4' title='bbox 817 200 1010 242; x_wconf 86' lang='lat' dir='ltr'>gestorum</span> <span class='ocrx_word' id='word_1_5' title='bbox 1038 197 1106 232; x_wconf 90' lang='lat' dir='ltr'>des</span> <span class='ocrx_word' id='word_1_6' title='bbox 1133 196 1374 232; x_wconf 83' lang='lat' dir='ltr'>Cerretanus.</span> <span class='ocrx_word' id='word_1_7' title='bbox 1741 196 1825 239; x_wconf 85' lang='lat'>327</span> 
     </span>
    </p>
   </div>
   <div class='ocr_carea' id='block_1_2' title="bbox 13 313 1838 2916">
    <p class='ocr_par' dir='ltr' id='par_1_2' title="bbox 13 313 1838 2916">
     <span class='ocr_line' id='line_1_2' title="bbox 65 313 1827 368; baseline -0.002 -10"><span class='ocrx_word' id='word_1_8' title='bbox 65 314 196 358; x_wconf 83' lang='lat' dir='ltr'>duxit</span> <span class='ocrx_word' id='word_1_9' title='bbox 222 315 393 368; x_wconf 72' lang='lat' dir='ltr'>vitium,</span> <span class='ocrx_word' id='word_1_10' title='bbox 422 328 482 358; x_wconf 81' lang='lat' dir='ltr'>ex</span> <span class='ocrx_word' id='word_1_11' title='bbox 509 319 616 357; x_wconf 90' lang='lat' dir='ltr'>tunc</span> <span class='ocrx_word' id='word_1_12' title='bbox 645 315 762 357; x_wconf 92' lang='lat' dir='ltr'>illud</span> <span class='ocrx_word' id='word_1_13' title='bbox 792 316 891 358; x_wconf 90' lang='lat' dir='ltr'>sine</span> <span class='ocrx_word' id='word_1_14' title='bbox 921 315 1312 368; x_wconf 77' lang='lat' dir='ltr'>tergivergatione</span> <span class='ocrx_word' id='word_1_15' title='bbox 1341 314 1558 357; x_wconf 79' lang='lat' dir='ltr'>celeriter</span> <span class='ocrx_word' id='word_1_16' title='bbox 1588 313 1827 356; x_wconf 89' lang='lat' dir='ltr'>emendari</span> 
     </span>
     <span class='ocr_line' id='line_1_3' title="bbox 13 375 1829 439; baseline -0.001 -12"><span class='ocrx_word' id='word_1_17' title='bbox 13 375 18 381; x_wconf 17' lang='grc' dir='ltr'>Χ</span> <span class='ocrx_word' id='word_1_18' title='bbox 64 388 265 438; x_wconf 89' lang='lat' dir='ltr'>curetur,</span> <span class='ocrx_word' id='word_1_19' title='bbox 291 387 397 439; x_wconf 91' lang='lat' dir='ltr'>quia</span> <span class='ocrx_word' id='word_1_20' title='bbox 423 399 478 428; x_wconf 91' lang='lat' dir='ltr'>eo</span> <span class='ocrx_word' id='word_1_21' title='bbox 504 389 715 428; x_wconf 77' lang='lat' dir='ltr'>cessante</span> <span class='ocrx_word' id='word_1_22' title='bbox 742 398 928 427; x_wconf 88' lang='lat' dir='ltr'>cessare</span> <span class='ocrx_word' id='word_1_23' title='bbox 956 385 1235 438; x_wconf 76' lang='lat' dir='ltr'>sperabatur</span> <span class='ocrx_word' id='word_1_24' title='bbox 1260 384 1443 438; x_wconf 85' lang='lat' dir='ltr'>prefate</span> <span class='ocrx_word' id='word_1_25' title='bbox 1470 383 1726 426; x_wconf 84' lang='lat' dir='ltr'>exactionis</span> <span class='ocrx_word' id='word_1_26' title='bbox 1750 396 1829 425; x_wconf 92' lang='lat' dir='ltr'>ne·</span> 
     </span>
     <span class='ocr_line' id='line_1_4' title="bbox 64 454 1828 510; baseline -0.001 -12"><span class='ocrx_word' id='word_1_27' title='bbox 64 455 256 500; x_wconf 86' lang='lat' dir='ltr'>cessitas</span> <span class='ocrx_word' id='word_1_28' title='bbox 282 456 430 510; x_wconf 91' lang='lat' dir='ltr'>primo</span> <span class='ocrx_word' id='word_1_29' title='bbox 456 469 578 510; x_wconf 90' lang='lat' dir='ltr'>papa</span> <span class='ocrx_word' id='word_1_30' title='bbox 603 459 820 498; x_wconf 87' lang='lat' dir='ltr'>testante:</span> <span class='ocrx_word' id='word_1_31' title='bbox 864 456 917 497; x_wconf 89' lang='lat' dir='ltr'>Et</span> <span class='ocrx_word' id='word_1_32' title='bbox 945 456 1048 509; x_wconf 91' lang='lat' dir='ltr'>quis</span> <span class='ocrx_word' id='word_1_33' title='bbox 1075 459 1158 508; x_wconf 91' lang='lat' dir='ltr'>est,</span> <span class='ocrx_word' id='word_1_34' title='bbox 1186 456 1264 508; x_wconf 91' lang='lat' dir='ltr'>qui</span> <span class='ocrx_word' id='word_1_35' title='bbox 1292 455 1424 497; x_wconf 89' lang='lat' dir='ltr'>vobis</span> <span class='ocrx_word' id='word_1_36' title='bbox 1450 458 1626 507; x_wconf 89' lang='lat' dir='ltr'>noceat,</span> <span class='ocrx_word' id='word_1_37' title='bbox 1655 454 1693 497; x_wconf 90' lang='lat' dir='ltr'>si</span> <span class='ocrx_word' id='word_1_38' title='bbox 1719 454 1828 496; x_wconf 89' lang='lat' dir='ltr'>boni</span> 
     </span>
     <span class='ocr_line' id='line_1_5' title="bbox 65 525 1829 579; baseline -0.001 -11"><span class='ocrx_word' id='word_1_39' title='bbox 65 527 348 570; x_wconf 88' lang='lat' dir='ltr'>emulatores</span> <span class='ocrx_word' id='word_1_40' title='bbox 367 527 582 569; x_wconf 68' lang='lat' dir='ltr'>fueritISi)</span> <span class='ocrx_word' id='word_1_41' title='bbox 617 526 709 569; x_wconf 86' lang='lat' dir='ltr'>Sed</span> <span class='ocrx_word' id='word_1_42' title='bbox 729 530 775 568; x_wconf 90' lang='lat' dir='ltr'>et</span> <span class='ocrx_word' id='word_1_43' title='bbox 797 527 835 569; x_wconf 92' lang='lat' dir='ltr'>si</span> <span class='ocrx_word' id='word_1_44' title='bbox 857 526 969 579; x_wconf 84' lang='lat' dir='ltr'>quid</span> <span class='ocrx_word' id='word_1_45' title='bbox 989 526 1200 579; x_wconf 82' lang='lat' dir='ltr'>patimini</span> <span class='ocrx_word' id='word_1_46' title='bbox 1220 529 1413 579; x_wconf 89' lang='lat' dir='ltr'>propter</span> <span class='ocrx_word' id='word_1_47' title='bbox 1436 525 1670 577; x_wconf 88' lang='lat' dir='ltr'>iustitiam,</span> <span class='ocrx_word' id='word_1_48' title='bbox 1691 525 1829 577; x_wconf 90' lang='lat' dir='ltr'>beati,</span> 
     </span>
     <span class='ocr_line' id='line_1_6' title="bbox 65 596 1831 651; baseline -0.002 -11"><span class='ocrx_word' id='word_1_49' title='bbox 65 597 282 650; x_wconf 86' lang='lat' dir='ltr'>quoniam</span> <span class='ocrx_word' id='word_1_50' title='bbox 306 597 430 651; x_wconf 91' lang='lat' dir='ltr'>quod</span> <span class='ocrx_word' id='word_1_51' title='bbox 451 600 522 640; x_wconf 91' lang='lat' dir='ltr'>est</span> <span class='ocrx_word' id='word_1_52' title='bbox 543 598 749 649; x_wconf 89' lang='lat' dir='ltr'>honoris,</span> <span class='ocrx_word' id='word_1_53' title='bbox 772 597 922 650; x_wconf 87' lang='lat' dir='ltr'>glorie</span> <span class='ocrx_word' id='word_1_54' title='bbox 945 601 992 639; x_wconf 92' lang='lat' dir='ltr'>et</span> <span class='ocrx_word' id='word_1_55' title='bbox 1015 596 1195 638; x_wconf 83' lang='lat' dir='ltr'>virtutis</span> <span class='ocrx_word' id='word_1_56' title='bbox 1221 596 1323 648; x_wconf 88' lang='lat' dir='ltr'>Dei;</span> <span class='ocrx_word' id='word_1_57' title='bbox 1349 600 1395 638; x_wconf 91' lang='lat' dir='ltr'>et</span> <span class='ocrx_word' id='word_1_58' title='bbox 1419 597 1496 649; x_wconf 91' lang='lat' dir='ltr'>qui</span> <span class='ocrx_word' id='word_1_59' title='bbox 1521 599 1592 638; x_wconf 89' lang='lat' dir='ltr'>est</span> <span class='ocrx_word' id='word_1_60' title='bbox 1614 596 1717 638; x_wconf 90' lang='lat' dir='ltr'>eius</span> <span class='ocrx_word' id='word_1_61' title='bbox 1740 596 1831 648; x_wconf 91' lang='lat' dir='ltr'>spi-</span> 
     </span>
     <span class='ocr_line' id='line_1_7' title="bbox 65 665 1831 721; baseline -0.001 -11"><span class='ocrx_word' id='word_1_62' title='bbox 65 667 194 720; x_wconf 91' lang='lat' dir='ltr'>ritus,</span> <span class='ocrx_word' id='word_1_63' title='bbox 216 680 358 721; x_wconf 89' lang='lat' dir='ltr'>super</span> <span class='ocrx_word' id='word_1_64' title='bbox 379 681 460 711; x_wconf 83' lang='lat' dir='ltr'>vos</span> <span class='ocrx_word' id='word_1_65' title='bbox 481 668 757 721; x_wconf 84' lang='lat' dir='ltr'>requiescet,</span> <span class='ocrx_word' id='word_1_66' title='bbox 779 668 997 720; x_wconf 91' lang='lat' dir='ltr'>quoniam</span> <span class='ocrx_word' id='word_1_67' title='bbox 1020 670 1203 720; x_wconf 91' lang='lat' dir='ltr'>tempus</span> <span class='ocrx_word' id='word_1_68' title='bbox 1224 670 1308 719; x_wconf 90' lang='lat' dir='ltr'>est,</span> <span class='ocrx_word' id='word_1_69' title='bbox 1328 671 1379 710; x_wconf 92' lang='lat' dir='ltr'>ut</span> <span class='ocrx_word' id='word_1_70' title='bbox 1400 666 1588 720; x_wconf 85' lang='lat' dir='ltr'>incipiat</span> <span class='ocrx_word' id='word_1_71' title='bbox 1610 665 1831 709; x_wconf 90' lang='lat' dir='ltr'>iudicium</span> 
     </span>
     <span class='ocr_line' id='line_1_8' title="bbox 64 736 1831 791; baseline -0.001 -10"><span class='ocrx_word' id='word_1_72' title='bbox 64 751 91 781; x_wconf 93' lang='lat' dir='ltr'>a</span> <span class='ocrx_word' id='word_1_73' title='bbox 116 738 251 781; x_wconf 90' lang='lat' dir='ltr'>domo</span> <span class='ocrx_word' id='word_1_74' title='bbox 278 739 377 781; x_wconf 90' lang='lat' dir='ltr'>Dei.</span> <span class='ocrx_word' id='word_1_75' title='bbox 415 739 558 781; x_wconf 92' lang='lat' dir='ltr'>Nemo</span> <span class='ocrx_word' id='word_1_76' title='bbox 583 742 736 781; x_wconf 90' lang='lat' dir='ltr'>autem</span> <span class='ocrx_word' id='word_1_77' title='bbox 763 742 968 781; x_wconf 85' lang='lat' dir='ltr'>vestrum</span> <span class='ocrx_word' id='word_1_78' title='bbox 993 738 1209 791; x_wconf 87' lang='lat' dir='ltr'>patiatur,</span> <span class='ocrx_word' id='word_1_79' title='bbox 1236 738 1369 791; x_wconf 89' lang='lat' dir='ltr'>quasi</span> <span class='ocrx_word' id='word_1_80' title='bbox 1395 737 1626 780; x_wconf 89' lang='lat' dir='ltr'>homicida</span> <span class='ocrx_word' id='word_1_81' title='bbox 1652 739 1730 780; x_wconf 88' lang='lat' dir='ltr'>aut</span> <span class='ocrx_word' id='word_1_82' title='bbox 1753 736 1831 778; x_wconf 87' lang='lat' dir='ltr'>fur</span> 
     </span>
     <span class='ocr_line' id='line_1_9' title="bbox 64 808 1831 862; baseline -0.001 -11"><span class='ocrx_word' id='word_1_83' title='bbox 64 812 142 851; x_wconf 86' lang='lat' dir='ltr'>aut</span> <span class='ocrx_word' id='word_1_84' title='bbox 171 809 445 852; x_wconf 88' lang='lat' dir='ltr'>maledictus</span> <span class='ocrx_word' id='word_1_85' title='bbox 477 812 554 853; x_wconf 91' lang='lat' dir='ltr'>aut</span> <span class='ocrx_word' id='word_1_86' title='bbox 586 809 846 851; x_wconf 90' lang='lat' dir='ltr'>alienorum</span> <span class='ocrx_word' id='word_1_87' title='bbox 879 809 1123 862; x_wconf 85' lang='lat' dir='ltr'>appetitor.</span> <span class='ocrx_word' id='word_1_88' title='bbox 1167 808 1263 850; x_wconf 88' lang='lat' dir='ltr'>Hec</span> <span class='ocrx_word' id='word_1_89' title='bbox 1296 808 1518 861; x_wconf 78' lang='lat' dir='ltr'>Petrus1).</span> <span class='ocrx_word' id='word_1_90' title='bbox 1564 808 1619 850; x_wconf 92' lang='lat' dir='ltr'>Et</span> <span class='ocrx_word' id='word_1_91' title='bbox 1650 819 1831 859; x_wconf 88' lang='lat' dir='ltr'>revera,</span> 
     </span>
     <span class='ocr_line' id='line_1_10' title="bbox 64 878 1832 932; baseline -0.002 -10"><span class='ocrx_word' id='word_1_92' title='bbox 64 879 103 922; x_wconf 90' lang='lat' dir='ltr'>si</span> <span class='ocrx_word' id='word_1_93' title='bbox 132 880 287 922; x_wconf 87' lang='lat' dir='ltr'>clerus</span> <span class='ocrx_word' id='word_1_94' title='bbox 316 880 572 922; x_wconf 89' lang='lat' dir='ltr'>secundum</span> <span class='ocrx_word' id='word_1_95' title='bbox 604 880 753 922; x_wconf 89' lang='lat' dir='ltr'>Deum</span> <span class='ocrx_word' id='word_1_96' title='bbox 782 883 832 922; x_wconf 91' lang='lat' dir='ltr'>ut</span> <span class='ocrx_word' id='word_1_97' title='bbox 862 880 972 922; x_wconf 90' lang='lat' dir='ltr'>olim</span> <span class='ocrx_word' id='word_1_98' title='bbox 1002 880 1194 932; x_wconf 81' lang='lat' dir='ltr'>viveret,</span> <span class='ocrx_word' id='word_1_99' title='bbox 1223 878 1436 932; x_wconf 83' lang='lat' dir='ltr'>profecto</span> <span class='ocrx_word' id='word_1_100' title='bbox 1466 879 1709 922; x_wconf 88' lang='lat' dir='ltr'>invasores</span> <span class='ocrx_word' id='word_1_101' title='bbox 1738 890 1832 921; x_wconf 91' lang='lat' dir='ltr'>non</span> 
     </span>
     <span class='ocr_line' id='line_1_11' title="bbox 65 948 1832 1003; baseline -0.002 -10"><span class='ocrx_word' id='word_1_102' title='bbox 65 950 214 994; x_wconf 89' lang='lat' dir='ltr'>solum</span> <span class='ocrx_word' id='word_1_103' title='bbox 239 951 406 993; x_wconf 88' lang='lat' dir='ltr'>collata</span> <span class='ocrx_word' id='word_1_104' title='bbox 431 950 654 993; x_wconf 91' lang='lat' dir='ltr'>invadere</span> <span class='ocrx_word' id='word_1_105' title='bbox 681 950 965 1002; x_wconf 87' lang='lat' dir='ltr'>desinerent,</span> <span class='ocrx_word' id='word_1_106' title='bbox 993 950 1076 992; x_wconf 91' lang='lat' dir='ltr'>sed</span> <span class='ocrx_word' id='word_1_107' title='bbox 1102 949 1296 1003; x_wconf 89' lang='lat' dir='ltr'>insuper</span> <span class='ocrx_word' id='word_1_108' title='bbox 1322 950 1379 992; x_wconf 90' lang='lat' dir='ltr'>de</span> <span class='ocrx_word' id='word_1_109' title='bbox 1403 950 1623 1003; x_wconf 92' lang='lat' dir='ltr'>propriis,</span> <span class='ocrx_word' id='word_1_110' title='bbox 1648 952 1698 991; x_wconf 95' lang='lat' dir='ltr'>ut</span> <span class='ocrx_word' id='word_1_111' title='bbox 1723 948 1832 992; x_wconf 91' lang='lat' dir='ltr'>olim</span> 
     </span>
     <span class='ocr_line' id='line_1_12' title="bbox 64 1020 1834 1074; baseline -0.002 -10"><span class='ocrx_word' id='word_1_112' title='bbox 64 1021 293 1064; x_wconf 84' lang='lat' dir='ltr'>adderent</span> <span class='ocrx_word' id='word_1_113' title='bbox 322 1022 553 1064; x_wconf 87' lang='lat' dir='ltr'>salvatore</span> <span class='ocrx_word' id='word_1_114' title='bbox 584 1020 786 1063; x_wconf 88' lang='lat' dir='ltr'>dicente:</span> <span class='ocrx_word' id='word_1_115' title='bbox 834 1021 1038 1063; x_wconf 88' lang='lat' dir='ltr'>Primum</span> <span class='ocrx_word' id='word_1_116' title='bbox 1071 1021 1252 1074; x_wconf 90' lang='lat' dir='ltr'>querite</span> <span class='ocrx_word' id='word_1_117' title='bbox 1286 1033 1480 1074; x_wconf 83' lang='lat' dir='ltr'>regnum</span> <span class='ocrx_word' id='word_1_118' title='bbox 1514 1020 1597 1061; x_wconf 91' lang='lat' dir='ltr'>Dei</span> <span class='ocrx_word' id='word_1_119' title='bbox 1629 1023 1677 1062; x_wconf 95' lang='lat' dir='ltr'>et</span> <span class='ocrx_word' id='word_1_120' title='bbox 1706 1020 1834 1062; x_wconf 85' lang='lat' dir='ltr'>iusti-</span> 
     </span>
     <span class='ocr_line' id='line_1_13' title="bbox 65 1091 1832 1145; baseline -0.001 -11"><span class='ocrx_word' id='word_1_121' title='bbox 65 1091 173 1135; x_wconf 90' lang='lat' dir='ltr'>tiam</span> <span class='ocrx_word' id='word_1_122' title='bbox 194 1093 296 1134; x_wconf 91' lang='lat' dir='ltr'>eius</span> <span class='ocrx_word' id='word_1_123' title='bbox 318 1095 362 1135; x_wconf 89' lang='lat' dir='ltr'>et</span> <span class='ocrx_word' id='word_1_124' title='bbox 382 1093 468 1135; x_wconf 89' lang='lat' dir='ltr'>hec</span> <span class='ocrx_word' id='word_1_125' title='bbox 488 1092 642 1135; x_wconf 89' lang='lat' dir='ltr'>omnia</span> <span class='ocrx_word' id='word_1_126' title='bbox 663 1092 922 1134; x_wconf 86' lang='lat' dir='ltr'>adicientur</span> <span class='ocrx_word' id='word_1_127' title='bbox 944 1092 1076 1134; x_wconf 90' lang='lat' dir='ltr'>vobis</span> <span class='ocrx_word' id='word_1_128' title='bbox 1101 1091 1280 1145; x_wconf 87' lang='lat' dir='ltr'>(Matth.</span> <span class='ocrx_word' id='word_1_129' title='bbox 1301 1091 1405 1145; x_wconf 88' lang='lat' dir='ltr'><strong>VI).</strong></span> <span class='ocrx_word' id='word_1_130' title='bbox 1442 1091 1602 1144; x_wconf 89' lang='lat' dir='ltr'>Itaque</span> <span class='ocrx_word' id='word_1_131' title='bbox 1625 1091 1832 1142; x_wconf 89' lang='lat' dir='ltr'>obsecro,</span> 
     </span>
     <span class='ocr_line' id='line_1_14' title="bbox 64 1162 1833 1217; baseline -0.002 -11"><span class='ocrx_word' id='word_1_132' title='bbox 64 1162 290 1217; x_wconf 82' lang='lat' dir='ltr'>dirigatur</span> <span class='ocrx_word' id='word_1_133' title='bbox 313 1163 461 1206; x_wconf 85' lang='lat' dir='ltr'>oratio</span> <span class='ocrx_word' id='word_1_134' title='bbox 486 1175 589 1206; x_wconf 90' lang='lat' dir='ltr'>mea</span> <span class='ocrx_word' id='word_1_135' title='bbox 604 1163 721 1205; x_wconf 89' lang='lat' dir='ltr'>sicut</span> <span class='ocrx_word' id='word_1_136' title='bbox 734 1163 1015 1216; x_wconf 77' lang='lat' dir='ltr'>insensum2)</span> <span class='ocrx_word' id='word_1_137' title='bbox 1034 1165 1191 1204; x_wconf 90' lang='lat' dir='ltr'>vestro</span> <span class='ocrx_word' id='word_1_138' title='bbox 1204 1162 1470 1215; x_wconf 85' lang='lat' dir='ltr'>conspectui</span> <span class='ocrx_word' id='word_1_139' title='bbox 1485 1162 1833 1215; x_wconf 60' lang='lat' dir='ltr'>commoransfl),</span> 
     </span>
     <span class='ocr_line' id='line_1_15' title="bbox 65 1231 1833 1286; baseline -0.001 -10"><span class='ocrx_word' id='word_1_140' title='bbox 65 1237 114 1276; x_wconf 90' lang='lat' dir='ltr'>ut</span> <span class='ocrx_word' id='word_1_141' title='bbox 139 1246 232 1276; x_wconf 90' lang='lat' dir='ltr'>non</span> <span class='ocrx_word' id='word_1_142' title='bbox 261 1233 462 1276; x_wconf 88' lang='lat' dir='ltr'>declinet</span> <span class='ocrx_word' id='word_1_143' title='bbox 489 1247 566 1276; x_wconf 92' lang='lat' dir='ltr'>cor</span> <span class='ocrx_word' id='word_1_144' title='bbox 594 1234 651 1276; x_wconf 91' lang='lat' dir='ltr'>ad</span> <span class='ocrx_word' id='word_1_145' title='bbox 678 1233 972 1276; x_wconf 79' lang='lat' dir='ltr'>excusandas</span> <span class='ocrx_word' id='word_1_146' title='bbox 1000 1233 1326 1275; x_wconf 82' lang='lat' dir='ltr'>excusationes</span> <span class='ocrx_word' id='word_1_147' title='bbox 1355 1234 1401 1274; x_wconf 91' lang='lat' dir='ltr'>in</span> <span class='ocrx_word' id='word_1_148' title='bbox 1428 1232 1687 1286; x_wconf 70' lang='lat' dir='ltr'>peccatis3).</span> <span class='ocrx_word' id='word_1_149' title='bbox 1728 1231 1833 1283; x_wconf 86' lang='lat' dir='ltr'>Sed,</span> 
     </span>
     <span class='ocr_line' id='line_1_16' title="bbox 66 1303 1834 1358; baseline -0.001 -12"><span class='ocrx_word' id='word_1_150' title='bbox 66 1304 233 1358; x_wconf 85' lang='lat' dir='ltr'>inquis,</span> <span class='ocrx_word' id='word_1_151' title='bbox 264 1305 323 1348; x_wconf 87' lang='lat' dir='ltr'>sit</span> <span class='ocrx_word' id='word_1_152' title='bbox 351 1317 437 1358; x_wconf 89' lang='lat' dir='ltr'>pro</span> <span class='ocrx_word' id='word_1_153' title='bbox 466 1305 646 1347; x_wconf 89' lang='lat' dir='ltr'>ratione</span> <span class='ocrx_word' id='word_1_154' title='bbox 675 1304 890 1347; x_wconf 88' lang='lat' dir='ltr'>voluntas</span> <span class='ocrx_word' id='word_1_155' title='bbox 920 1305 1050 1346; x_wconf 81' lang='lat' dir='ltr'>iuxta</span> <span class='ocrx_word' id='word_1_156' title='bbox 1076 1304 1196 1346; x_wconf 89' lang='lat' dir='ltr'>illud</span> <span class='ocrx_word' id='word_1_157' title='bbox 1227 1303 1468 1356; x_wconf 89' lang='lat' dir='ltr'>sapientis:</span> <span class='ocrx_word' id='word_1_158' title='bbox 1516 1303 1618 1356; x_wconf 91' lang='lat' dir='ltr'>Fili,</span> <span class='ocrx_word' id='word_1_159' title='bbox 1650 1303 1834 1356; x_wconf 79' lang='lat' dir='ltr'>suscipe</span> 
     </span>
     <span class='ocr_line' id='line_1_17' title="bbox 66 1373 1835 1429; baseline -0.002 -11"><span class='ocrx_word' id='word_1_160' title='bbox 66 1378 300 1418; x_wconf 89' lang='lat' dir='ltr'>senectam</span> <span class='ocrx_word' id='word_1_161' title='bbox 323 1376 470 1429; x_wconf 88' lang='lat' dir='ltr'>patris</span> <span class='ocrx_word' id='word_1_162' title='bbox 495 1376 559 1418; x_wconf 88' lang='lat' dir='ltr'>tui</span> <span class='ocrx_word' id='word_1_163' title='bbox 586 1378 632 1418; x_wconf 89' lang='lat' dir='ltr'>et</span> <span class='ocrx_word' id='word_1_164' title='bbox 654 1388 747 1418; x_wconf 91' lang='lat' dir='ltr'>non</span> <span class='ocrx_word' id='word_1_165' title='bbox 774 1375 1018 1417; x_wconf 85' lang='lat' dir='ltr'>contristes</span> <span class='ocrx_word' id='word_1_166' title='bbox 1043 1387 1149 1417; x_wconf 91' lang='lat' dir='ltr'>eum</span> <span class='ocrx_word' id='word_1_167' title='bbox 1174 1375 1221 1416; x_wconf 90' lang='lat' dir='ltr'>in</span> <span class='ocrx_word' id='word_1_168' title='bbox 1246 1374 1338 1417; x_wconf 82' lang='lat' dir='ltr'>vita</span> <span class='ocrx_word' id='word_1_169' title='bbox 1365 1375 1492 1416; x_wconf 92' lang='lat' dir='ltr'>illius</span> <span class='ocrx_word' id='word_1_170' title='bbox 1518 1377 1563 1416; x_wconf 91' lang='lat' dir='ltr'>et</span> <span class='ocrx_word' id='word_1_171' title='bbox 1589 1374 1626 1417; x_wconf 92' lang='lat' dir='ltr'>si</span> <span class='ocrx_word' id='word_1_172' title='bbox 1653 1373 1835 1415; x_wconf 81' lang='lat' dir='ltr'>defece-</span> 
     </span>
     <span class='ocr_line' id='line_1_18' title="bbox 66 1445 1835 1500; baseline -0.001 -12"><span class='ocrx_word' id='word_1_173' title='bbox 66 1445 124 1489; x_wconf 92' lang='lat' dir='ltr'>rit</span> <span class='ocrx_word' id='word_1_174' title='bbox 149 1458 305 1500; x_wconf 89' lang='lat' dir='ltr'>sensu,</span> <span class='ocrx_word' id='word_1_175' title='bbox 331 1446 514 1489; x_wconf 80' lang='lat' dir='ltr'>veniam</span> <span class='ocrx_word' id='word_1_176' title='bbox 542 1446 612 1489; x_wconf 91' lang='lat' dir='ltr'>da.</span> <span class='ocrx_word' id='word_1_177' title='bbox 652 1447 706 1488; x_wconf 85' lang='lat' dir='ltr'>Et</span> <span class='ocrx_word' id='word_1_178' title='bbox 730 1459 789 1488; x_wconf 93' lang='lat' dir='ltr'>ne</span> <span class='ocrx_word' id='word_1_179' title='bbox 817 1458 1014 1499; x_wconf 89' lang='lat' dir='ltr'>spernas</span> <span class='ocrx_word' id='word_1_180' title='bbox 1038 1458 1144 1487; x_wconf 92' lang='lat' dir='ltr'>eum</span> <span class='ocrx_word' id='word_1_181' title='bbox 1171 1446 1217 1486; x_wconf 92' lang='lat' dir='ltr'>in</span> <span class='ocrx_word' id='word_1_182' title='bbox 1243 1449 1321 1487; x_wconf 87' lang='lat' dir='ltr'>tua</span> <span class='ocrx_word' id='word_1_183' title='bbox 1346 1445 1527 1487; x_wconf 80' lang='lat' dir='ltr'>virtute.</span> <span class='ocrx_word' id='word_1_184' title='bbox 1567 1445 1835 1487; x_wconf 90' lang='lat' dir='ltr'>Elemosina</span> 
     </span>
     <span class='ocr_line' id='line_1_19' title="bbox 65 1515 1834 1571; baseline -0.002 -11"><span class='ocrx_word' id='word_1_185' title='bbox 65 1518 190 1560; x_wconf 89' lang='lat' dir='ltr'>enim</span> <span class='ocrx_word' id='word_1_186' title='bbox 227 1518 375 1571; x_wconf 87' lang='lat' dir='ltr'>patris</span> <span class='ocrx_word' id='word_1_187' title='bbox 414 1530 507 1560; x_wconf 91' lang='lat' dir='ltr'>non</span> <span class='ocrx_word' id='word_1_188' title='bbox 545 1518 636 1559; x_wconf 92' lang='lat' dir='ltr'>erit</span> <span class='ocrx_word' id='word_1_189' title='bbox 674 1517 908 1559; x_wconf 85' lang='lat' dir='ltr'>oblivione</span> <span class='ocrx_word' id='word_1_190' title='bbox 953 1517 1240 1570; x_wconf 88' lang='lat' dir='ltr'>(Ecclesiast.</span> <span class='ocrx_word' id='word_1_191' title='bbox 1286 1516 1392 1569; x_wconf 94' lang='grc' dir='ltr'>ΙΙΙ).</span> <span class='ocrx_word' id='word_1_192' title='bbox 1445 1515 1740 1569; x_wconf 90' lang='lat' dir='ltr'>Respondeo:</span> <span class='ocrx_word' id='word_1_193' title='bbox 1797 1515 1834 1557; x_wconf 94' lang='lat' dir='ltr'>si</span> 
     </span>
     <span class='ocr_line' id='line_1_20' title="bbox 65 1586 1835 1641; baseline -0.002 -10"><span class='ocrx_word' id='word_1_194' title='bbox 65 1588 149 1631; x_wconf 87' lang='lat' dir='ltr'>hoc</span> <span class='ocrx_word' id='word_1_195' title='bbox 185 1592 259 1631; x_wconf 87' lang='lat' dir='ltr'>est</span> <span class='ocrx_word' id='word_1_196' title='bbox 297 1601 440 1631; x_wconf 87' lang='lat' dir='ltr'>sensu</span> <span class='ocrx_word' id='word_1_197' title='bbox 478 1588 684 1630; x_wconf 81' lang='lat' dir='ltr'>deficere</span> <span class='ocrx_word' id='word_1_198' title='bbox 724 1589 1008 1630; x_wconf 83' lang='lat' dir='ltr'>voluntatem</span> <span class='ocrx_word' id='word_1_199' title='bbox 1046 1600 1134 1641; x_wconf 89' lang='lat' dir='ltr'>pro</span> <span class='ocrx_word' id='word_1_200' title='bbox 1172 1587 1350 1629; x_wconf 88' lang='lat' dir='ltr'>ratione</span> <span class='ocrx_word' id='word_1_201' title='bbox 1392 1588 1613 1640; x_wconf 88' lang='lat' dir='ltr'>allegare,</span> <span class='ocrx_word' id='word_1_202' title='bbox 1653 1586 1835 1629; x_wconf 87' lang='lat' dir='ltr'>solvan-</span> 
     </span>
     <span class='ocr_line' id='line_1_21' title="bbox 65 1656 1835 1710; baseline -0.002 -8"><span class='ocrx_word' id='word_1_203' title='bbox 65 1662 138 1702; x_wconf 81' lang='lat' dir='ltr'>tur</span> <span class='ocrx_word' id='word_1_204' title='bbox 164 1659 430 1702; x_wconf 89' lang='lat' dir='ltr'>huiusmodi</span> <span class='ocrx_word' id='word_1_205' title='bbox 458 1658 636 1702; x_wconf 85' lang='lat' dir='ltr'>fructus</span> <span class='ocrx_word' id='word_1_206' title='bbox 665 1662 940 1702; x_wconf 89' lang='lat' dir='ltr'>annatarum</span> <span class='ocrx_word' id='word_1_207' title='bbox 969 1662 1013 1701; x_wconf 90' lang='lat' dir='ltr'>et</span> <span class='ocrx_word' id='word_1_208' title='bbox 1042 1658 1364 1700; x_wconf 80' lang='lat' dir='ltr'>vacanciarum</span> <span class='ocrx_word' id='word_1_209' title='bbox 1391 1670 1541 1710; x_wconf 89' lang='lat' dir='ltr'>usque</span> <span class='ocrx_word' id='word_1_210' title='bbox 1572 1657 1630 1699; x_wconf 93' lang='lat' dir='ltr'>ad</span> <span class='ocrx_word' id='word_1_211' title='bbox 1657 1656 1835 1699; x_wconf 83' lang='lat' dir='ltr'>diffini-</span> 
     </span>
     <span class='ocr_line' id='line_1_22' title="bbox 69 1728 1835 1782; baseline -0.002 -9"><span class='ocrx_word' id='word_1_212' title='bbox 69 1730 238 1773; x_wconf 84' lang='lat' dir='ltr'>tionem</span> <span class='ocrx_word' id='word_1_213' title='bbox 258 1730 396 1773; x_wconf 91' lang='lat' dir='ltr'>huius</span> <span class='ocrx_word' id='word_1_214' title='bbox 420 1730 539 1772; x_wconf 89' lang='lat' dir='ltr'>sacri</span> <span class='ocrx_word' id='word_1_215' title='bbox 562 1730 742 1772; x_wconf 92' lang='lat' dir='ltr'>concilii</span> <span class='ocrx_word' id='word_1_216' title='bbox 766 1730 848 1772; x_wconf 89' lang='lat' dir='ltr'>sed</span> <span class='ocrx_word' id='word_1_217' title='bbox 871 1742 964 1772; x_wconf 92' lang='lat' dir='ltr'>non</span> <span class='ocrx_word' id='word_1_218' title='bbox 990 1730 1070 1771; x_wconf 92' lang='lat' dir='ltr'>illo</span> <span class='ocrx_word' id='word_1_219' title='bbox 1091 1729 1228 1771; x_wconf 92' lang='lat' dir='ltr'>modo</span> <span class='ocrx_word' id='word_1_220' title='bbox 1250 1729 1431 1781; x_wconf 89' lang='lat' dir='ltr'>arresti,</span> <span class='ocrx_word' id='word_1_221' title='bbox 1454 1741 1591 1782; x_wconf 91' lang='lat' dir='ltr'>quem</span> <span class='ocrx_word' id='word_1_222' title='bbox 1612 1728 1835 1782; x_wconf 87' lang='lat' dir='ltr'>exprimit</span> 
     </span>
     <span class='ocr_line' id='line_1_23' title="bbox 69 1799 1837 1855; baseline -0.002 -12"><span class='ocrx_word' id='word_1_223' title='bbox 69 1813 171 1844; x_wconf 92' lang='lat' dir='ltr'>mea</span> <span class='ocrx_word' id='word_1_224' title='bbox 198 1801 250 1844; x_wconf 92' lang='lat' dir='ltr'>V.</span> <span class='ocrx_word' id='word_1_225' title='bbox 284 1801 417 1855; x_wconf 80' lang='lat' dir='ltr'>IX.⁴),</span> <span class='ocrx_word' id='word_1_226' title='bbox 447 1801 665 1855; x_wconf 91' lang='lat' dir='ltr'>quoniam</span> <span class='ocrx_word' id='word_1_227' title='bbox 694 1801 774 1842; x_wconf 90' lang='lat' dir='ltr'>ille</span> <span class='ocrx_word' id='word_1_228' title='bbox 806 1800 968 1843; x_wconf 90' lang='lat' dir='ltr'>modus</span> <span class='ocrx_word' id='word_1_229' title='bbox 996 1800 1212 1842; x_wconf 88' lang='lat' dir='ltr'>hattenus</span> <span class='ocrx_word' id='word_1_230' title='bbox 1242 1800 1498 1853; x_wconf 84' lang='lat' dir='ltr'>symoniam</span> <span class='ocrx_word' id='word_1_231' title='bbox 1527 1799 1693 1852; x_wconf 86' lang='lat' dir='ltr'>sapuit,</span> <span class='ocrx_word' id='word_1_232' title='bbox 1723 1799 1837 1841; x_wconf 89' lang='lat' dir='ltr'>sicut</span> 
     </span>
     <span class='ocr_line' id='line_1_24' title="bbox 66 1869 1835 1926; baseline -0.002 -11"><span class='ocrx_word' id='word_1_233' title='bbox 66 1872 364 1926; x_wconf 81' lang='lat' dir='ltr'>experiencia</span> <span class='ocrx_word' id='word_1_234' title='bbox 393 1872 559 1915; x_wconf 83' lang='lat' dir='ltr'>docuit.</span> <span class='ocrx_word' id='word_1_235' title='bbox 602 1871 693 1914; x_wconf 87' lang='lat' dir='ltr'>Sed</span> <span class='ocrx_word' id='word_1_236' title='bbox 724 1871 1111 1924; x_wconf 84' lang='lat' dir='ltr'>quemadmodum</span> <span class='ocrx_word' id='word_1_237' title='bbox 1140 1871 1188 1912; x_wconf 91' lang='lat' dir='ltr'>in</span> <span class='ocrx_word' id='word_1_238' title='bbox 1218 1871 1321 1924; x_wconf 84' lang='lat' dir='ltr'>lege</span> <span class='ocrx_word' id='word_1_239' title='bbox 1350 1871 1518 1912; x_wconf 88' lang='lat' dir='ltr'>dicitur</span> <span class='ocrx_word' id='word_1_240' title='bbox 1549 1871 1682 1922; x_wconf 86' lang='lat' dir='ltr'>iuste,</span> <span class='ocrx_word' id='word_1_241' title='bbox 1713 1869 1835 1923; x_wconf 90' lang='lat' dir='ltr'>quod</span> 
     </span>
     <span class='ocr_line' id='line_1_25' title="bbox 70 1940 1837 1997; baseline -0.002 -12"><span class='ocrx_word' id='word_1_242' title='bbox 70 1943 239 1985; x_wconf 88' lang='lat' dir='ltr'>iustum</span> <span class='ocrx_word' id='word_1_243' title='bbox 266 1946 351 1997; x_wconf 92' lang='lat' dir='ltr'>est,</span> <span class='ocrx_word' id='word_1_244' title='bbox 381 1943 646 1996; x_wconf 83' lang='lat' dir='ltr'>exequeris,</span> <span class='ocrx_word' id='word_1_245' title='bbox 678 1943 801 1996; x_wconf 88' lang='lat' dir='ltr'>quod</span> <span class='ocrx_word' id='word_1_246' title='bbox 829 1946 935 1984; x_wconf 87' lang='lat' dir='ltr'>tunc</span> <span class='ocrx_word' id='word_1_247' title='bbox 966 1942 1034 1993; x_wconf 84' lang='lat' dir='ltr'>fit,</span> <span class='ocrx_word' id='word_1_248' title='bbox 1065 1955 1166 1984; x_wconf 89' lang='lat' dir='ltr'>cum</span> <span class='ocrx_word' id='word_1_249' title='bbox 1195 1954 1319 1995; x_wconf 88' lang='lat' dir='ltr'>papa</span> <span class='ocrx_word' id='word_1_250' title='bbox 1349 1954 1408 1983; x_wconf 86' lang='lat' dir='ltr'>ex</span> <span class='ocrx_word' id='word_1_251' title='bbox 1440 1941 1627 1983; x_wconf 88' lang='lat' dir='ltr'>decreto</span> <span class='ocrx_word' id='word_1_252' title='bbox 1657 1940 1837 1983; x_wconf 89' lang='lat' dir='ltr'>concilii</span> 
     </span>
     <span class='ocr_line' id='line_1_26' title="bbox 66 2011 1835 2067; baseline -0.002 -11"><span class='ocrx_word' id='word_1_253' title='bbox 66 2014 375 2067; x_wconf 87' lang='lat' dir='ltr'>permittentis</span> <span class='ocrx_word' id='word_1_254' title='bbox 396 2017 606 2056; x_wconf 84' lang='lat' dir='ltr'>reservat</span> <span class='ocrx_word' id='word_1_255' title='bbox 628 2014 716 2057; x_wconf 87' lang='lat' dir='ltr'>sibi</span> <span class='ocrx_word' id='word_1_256' title='bbox 739 2017 910 2056; x_wconf 89' lang='lat' dir='ltr'>certam</span> <span class='ocrx_word' id='word_1_257' title='bbox 932 2016 1112 2066; x_wconf 87' lang='lat' dir='ltr'>partem</span> <span class='ocrx_word' id='word_1_258' title='bbox 1133 2013 1365 2055; x_wconf 83' lang='lat' dir='ltr'>fructuum</span> <span class='ocrx_word' id='word_1_259' title='bbox 1388 2012 1435 2053; x_wconf 91' lang='lat' dir='ltr'>in</span> <span class='ocrx_word' id='word_1_260' title='bbox 1455 2011 1835 2065; x_wconf 77' lang='lat' dir='ltr'>possessionibus</span> 
     </span>
     <span class='ocr_line' id='line_1_27' title="bbox 68 2082 1835 2138; baseline -0.001 -12"><span class='ocrx_word' id='word_1_261' title='bbox 68 2085 368 2127; x_wconf 89' lang='lat' dir='ltr'>ecclesiarum</span> <span class='ocrx_word' id='word_1_262' title='bbox 399 2085 765 2138; x_wconf 89' lang='lat' dir='ltr'>particularium,</span> <span class='ocrx_word' id='word_1_263' title='bbox 797 2084 1012 2138; x_wconf 91' lang='lat' dir='ltr'>quatinus</span> <span class='ocrx_word' id='word_1_264' title='bbox 1046 2084 1182 2125; x_wconf 88' lang='lat' dir='ltr'>huius</span> <span class='ocrx_word' id='word_1_265' title='bbox 1214 2083 1418 2125; x_wconf 89' lang='lat' dir='ltr'>debitum</span> <span class='ocrx_word' id='word_1_266' title='bbox 1452 2084 1509 2125; x_wconf 91' lang='lat' dir='ltr'>sit</span> <span class='ocrx_word' id='word_1_267' title='bbox 1539 2082 1835 2136; x_wconf 87' lang='lat' dir='ltr'>particulare,</span> 
     </span>
     <span class='ocr_line' id='line_1_28' title="bbox 68 2153 1835 2209; baseline -0.001 -13"><span class='ocrx_word' id='word_1_268' title='bbox 68 2155 195 2198; x_wconf 88' lang='lat' dir='ltr'>reale</span> <span class='ocrx_word' id='word_1_269' title='bbox 220 2159 267 2198; x_wconf 92' lang='lat' dir='ltr'>et</span> <span class='ocrx_word' id='word_1_270' title='bbox 293 2168 352 2198; x_wconf 87' lang='lat' dir='ltr'>ex</span> <span class='ocrx_word' id='word_1_271' title='bbox 380 2156 682 2208; x_wconf 90' lang='lat' dir='ltr'>consequenti</span> <span class='ocrx_word' id='word_1_272' title='bbox 708 2156 978 2209; x_wconf 88' lang='lat' dir='ltr'>personale;</span> <span class='ocrx_word' id='word_1_273' title='bbox 1009 2155 1123 2197; x_wconf 88' lang='lat' dir='ltr'>sicut</span> <span class='ocrx_word' id='word_1_274' title='bbox 1150 2154 1460 2197; x_wconf 84' lang='lat' dir='ltr'>beneficiatus</span> <span class='ocrx_word' id='word_1_275' title='bbox 1487 2167 1579 2196; x_wconf 92' lang='lat' dir='ltr'>non</span> <span class='ocrx_word' id='word_1_276' title='bbox 1609 2154 1667 2196; x_wconf 93' lang='lat' dir='ltr'>sit</span> <span class='ocrx_word' id='word_1_277' title='bbox 1694 2153 1835 2195; x_wconf 91' lang='lat' dir='ltr'>domi-</span> 
     </span>
     <span class='ocr_line' id='line_1_29' title="bbox 67 2224 1833 2280; baseline -0.001 -12"><span class='ocrx_word' id='word_1_278' title='bbox 67 2238 156 2270; x_wconf 86' lang='lat' dir='ltr'>nus</span> <span class='ocrx_word' id='word_1_279' title='bbox 190 2226 316 2269; x_wconf 89' lang='lat' dir='ltr'>illius</span> <span class='ocrx_word' id='word_1_280' title='bbox 350 2227 511 2280; x_wconf 86' lang='lat' dir='ltr'>partis,</span> <span class='ocrx_word' id='word_1_281' title='bbox 547 2226 629 2270; x_wconf 86' lang='lat' dir='ltr'>sed</span> <span class='ocrx_word' id='word_1_282' title='bbox 664 2229 839 2269; x_wconf 85' lang='lat' dir='ltr'>tanturn</span> <span class='ocrx_word' id='word_1_283' title='bbox 875 2230 1147 2279; x_wconf 89' lang='lat' dir='ltr'>procurator</span> <span class='ocrx_word' id='word_1_284' title='bbox 1181 2229 1227 2268; x_wconf 90' lang='lat' dir='ltr'>et</span> <span class='ocrx_word' id='word_1_285' title='bbox 1259 2226 1477 2268; x_wconf 89' lang='lat' dir='ltr'>collector</span> <span class='ocrx_word' id='word_1_286' title='bbox 1511 2228 1730 2278; x_wconf 90' lang='lat' dir='ltr'>tanquam</span> <span class='ocrx_word' id='word_1_287' title='bbox 1765 2224 1833 2266; x_wconf 90' lang='lat' dir='ltr'>rei</span> 
     </span>
     <span class='ocr_line' id='line_1_30' title="bbox 70 2296 1838 2351; baseline -0.001 -13"><span class='ocrx_word' id='word_1_288' title='bbox 70 2296 237 2351; x_wconf 88' lang='lat' dir='ltr'>aliene,</span> <span class='ocrx_word' id='word_1_289' title='bbox 267 2309 404 2351; x_wconf 92' lang='lat' dir='ltr'>quam</span> <span class='ocrx_word' id='word_1_290' title='bbox 436 2297 522 2340; x_wconf 90' lang='lat' dir='ltr'>sub</span> <span class='ocrx_word' id='word_1_291' title='bbox 553 2297 834 2350; x_wconf 88' lang='lat' dir='ltr'>obligatione</span> <span class='ocrx_word' id='word_1_292' title='bbox 867 2297 1050 2340; x_wconf 75' lang='lat' dir='ltr'>solvere</span> <span class='ocrx_word' id='word_1_293' title='bbox 1081 2296 1273 2348; x_wconf 85' lang='lat' dir='ltr'>tenebit,</span> <span class='ocrx_word' id='word_1_294' title='bbox 1303 2299 1548 2349; x_wconf 89' lang='lat' dir='ltr'>postquam</span> <span class='ocrx_word' id='word_1_295' title='bbox 1578 2308 1684 2337; x_wconf 89' lang='lat' dir='ltr'>eam</span> <span class='ocrx_word' id='word_1_296' title='bbox 1713 2307 1838 2337; x_wconf 88' lang='lat' dir='ltr'>acce-</span> 
     </span>
     <span class='ocr_line' id='line_1_31' title="bbox 71 2366 1836 2422; baseline -0.002 -12"><span class='ocrx_word' id='word_1_297' title='bbox 71 2367 208 2420; x_wconf 64' lang='lat' dir='ltr'>perin</span> <span class='ocrx_word' id='word_1_298' title='bbox 228 2381 333 2422; x_wconf 92' lang='lat' dir='ltr'>que,</span> <span class='ocrx_word' id='word_1_299' title='bbox 352 2369 557 2422; x_wconf 87' lang='lat' dir='ltr'>inquam,</span> <span class='ocrx_word' id='word_1_300' title='bbox 577 2381 689 2422; x_wconf 88' lang='lat' dir='ltr'>pars</span> <span class='ocrx_word' id='word_1_301' title='bbox 709 2368 847 2410; x_wconf 85' lang='lat' dir='ltr'>debet</span> <span class='ocrx_word' id='word_1_302' title='bbox 868 2380 974 2410; x_wconf 86' lang='lat' dir='ltr'>esse</span> <span class='ocrx_word' id='word_1_303' title='bbox 996 2367 1249 2420; x_wconf 85' lang='lat' dir='ltr'>moderata,</span> <span class='ocrx_word' id='word_1_304' title='bbox 1270 2380 1355 2420; x_wconf 90' lang='lat' dir='ltr'>pro</span> <span class='ocrx_word' id='word_1_305' title='bbox 1375 2366 1589 2420; x_wconf 91' lang='lat' dir='ltr'>possibili</span> <span class='ocrx_word' id='word_1_306' title='bbox 1610 2367 1836 2408; x_wconf 80' lang='lat' dir='ltr'>lesionem</span> 
     </span>
     <span class='ocr_line' id='line_1_32' title="bbox 70 2436 1837 2492; baseline -0.001 -12"><span class='ocrx_word' id='word_1_307' title='bbox 70 2438 168 2481; x_wconf 90' lang='lat' dir='ltr'>sive</span> <span class='ocrx_word' id='word_1_308' title='bbox 199 2438 559 2482; x_wconf 88' lang='lat' dir='ltr'>destructionem</span> <span class='ocrx_word' id='word_1_309' title='bbox 591 2451 684 2481; x_wconf 92' lang='lat' dir='ltr'>non</span> <span class='ocrx_word' id='word_1_310' title='bbox 716 2438 927 2481; x_wconf 83' lang='lat' dir='ltr'>inferens</span> <span class='ocrx_word' id='word_1_311' title='bbox 961 2438 1027 2480; x_wconf 93' lang='lat' dir='ltr'>illi</span> <span class='ocrx_word' id='word_1_312' title='bbox 1059 2438 1329 2492; x_wconf 90' lang='lat' dir='ltr'>particulari</span> <span class='ocrx_word' id='word_1_313' title='bbox 1361 2438 1573 2490; x_wconf 91' lang='lat' dir='ltr'>ecclesie,</span> <span class='ocrx_word' id='word_1_314' title='bbox 1603 2440 1697 2479; x_wconf 91' lang='lat' dir='ltr'>tum</span> <span class='ocrx_word' id='word_1_315' title='bbox 1730 2436 1837 2490; x_wconf 91' lang='lat' dir='ltr'>quia</span> 
     </span>
     <span class='ocr_line' id='line_1_33' title="bbox 69 2507 1835 2569; baseline -0.001 -18"><span class='ocrx_word' id='word_1_316' title='bbox 69 2521 191 2563; x_wconf 89' lang='lat' dir='ltr'>papa</span> <span class='ocrx_word' id='word_1_317' title='bbox 218 2512 288 2569; x_wconf 61' lang='lat' dir='ltr'>est</span> <span class='ocrx_word' id='word_1_318' title='bbox 318 2509 487 2553; x_wconf 90' lang='lat' dir='ltr'>Christi</span> <span class='ocrx_word' id='word_1_319' title='bbox 519 2509 717 2552; x_wconf 90' lang='lat' dir='ltr'>vicarius</span> <span class='ocrx_word' id='word_1_320' title='bbox 747 2513 791 2552; x_wconf 90' lang='lat' dir='ltr'>et</span> <span class='ocrx_word' id='word_1_321' title='bbox 822 2523 906 2563; x_wconf 88' lang='lat' dir='ltr'>per</span> <span class='ocrx_word' id='word_1_322' title='bbox 935 2521 1227 2562; x_wconf 89' lang='lat' dir='ltr'>consequens</span> <span class='ocrx_word' id='word_1_323' title='bbox 1258 2508 1554 2562; x_wconf 90' lang='lat' dir='ltr'>dispensator</span> <span class='ocrx_word' id='word_1_324' title='bbox 1583 2507 1835 2550; x_wconf 91' lang='lat' dir='ltr'>secundum</span> 
     </span>
     <span class='ocr_line' id='line_1_34' title="bbox 70 2578 1836 2634; baseline -0.002 -12"><span class='ocrx_word' id='word_1_325' title='bbox 70 2582 357 2634; x_wconf 81' lang='lat' dir='ltr'>potestatem,</span> <span class='ocrx_word' id='word_1_326' title='bbox 383 2593 520 2634; x_wconf 91' lang='lat' dir='ltr'>quam</span> <span class='ocrx_word' id='word_1_327' title='bbox 546 2580 674 2623; x_wconf 92' lang='lat' dir='ltr'>dedit</span> <span class='ocrx_word' id='word_1_328' title='bbox 698 2581 788 2624; x_wconf 91' lang='lat' dir='ltr'>sibi</span> <span class='ocrx_word' id='word_1_329' title='bbox 813 2580 1027 2623; x_wconf 91' lang='lat' dir='ltr'>dominus</span> <span class='ocrx_word' id='word_1_330' title='bbox 1054 2580 1098 2622; x_wconf 91' lang='lat' dir='ltr'>in</span> <span class='ocrx_word' id='word_1_331' title='bbox 1126 2579 1471 2622; x_wconf 84' lang='lat' dir='ltr'>edificationem</span> <span class='ocrx_word' id='word_1_332' title='bbox 1496 2582 1541 2621; x_wconf 91' lang='lat' dir='ltr'>et</span> <span class='ocrx_word' id='word_1_333' title='bbox 1567 2591 1660 2620; x_wconf 92' lang='lat' dir='ltr'>non</span> <span class='ocrx_word' id='word_1_334' title='bbox 1687 2579 1732 2620; x_wconf 93' lang='lat' dir='ltr'>in</span> <span class='ocrx_word' id='word_1_335' title='bbox 1760 2578 1836 2619; x_wconf 94' lang='lat' dir='ltr'>de-</span> 
     </span>
     <span class='ocr_line' id='line_1_35' title="bbox 71 2649 1836 2704; baseline -0.001 -12"><span class='ocrx_word' id='word_1_336' title='bbox 71 2649 366 2693; x_wconf 86' lang='lat' dir='ltr'>structionem</span> <span class='ocrx_word' id='word_1_337' title='bbox 400 2651 443 2701; x_wconf 86' lang='grc' dir='ltr'>(Ι</span> <span class='ocrx_word' id='word_1_338' title='bbox 453 2651 482 2693; x_wconf 95' lang='grc' dir='ltr'>Ι.</span> <span class='ocrx_word' id='word_1_339' title='bbox 515 2651 617 2694; x_wconf 90' lang='lat' dir='ltr'>Cor.</span> <span class='ocrx_word' id='word_1_340' title='bbox 648 2651 890 2704; x_wconf 75' lang='lat' dir='ltr'>ultimo⁵)).</span> <span class='ocrx_word' id='word_1_341' title='bbox 933 2650 1063 2702; x_wconf 85' lang='lat' dir='ltr'>Quod</span> <span class='ocrx_word' id='word_1_342' title='bbox 1095 2651 1131 2693; x_wconf 89' lang='lat' dir='ltr'>si</span> <span class='ocrx_word' id='word_1_343' title='bbox 1163 2650 1458 2703; x_wconf 89' lang='lat' dir='ltr'>dispensator</span> <span class='ocrx_word' id='word_1_344' title='bbox 1491 2650 1627 2703; x_wconf 86' lang='lat' dir='ltr'>igitur</span> <span class='ocrx_word' id='word_1_345' title='bbox 1658 2661 1836 2699; x_wconf 90' lang='lat' dir='ltr'>servus,</span> 
     </span>
     <span class='ocr_line' id='line_1_36' title="bbox 72 2719 1836 2775; baseline -0.001 -14"><span class='ocrx_word' id='word_1_346' title='bbox 72 2719 208 2763; x_wconf 89' lang='lat' dir='ltr'>debet</span> <span class='ocrx_word' id='word_1_347' title='bbox 233 2733 340 2765; x_wconf 88' lang='lat' dir='ltr'>esse</span> <span class='ocrx_word' id='word_1_348' title='bbox 366 2721 524 2764; x_wconf 81' lang='lat' dir='ltr'>fidelis</span> <span class='ocrx_word' id='word_1_349' title='bbox 551 2725 597 2764; x_wconf 92' lang='lat' dir='ltr'>et</span> <span class='ocrx_word' id='word_1_350' title='bbox 621 2721 844 2775; x_wconf 92' lang='lat' dir='ltr'>prudens,</span> <span class='ocrx_word' id='word_1_351' title='bbox 871 2734 1007 2774; x_wconf 90' lang='lat' dir='ltr'>quem</span> <span class='ocrx_word' id='word_1_352' title='bbox 1035 2721 1270 2764; x_wconf 89' lang='lat' dir='ltr'>constituit</span> <span class='ocrx_word' id='word_1_353' title='bbox 1295 2721 1509 2763; x_wconf 90' lang='lat' dir='ltr'>dominus</span> <span class='ocrx_word' id='word_1_354' title='bbox 1537 2732 1679 2773; x_wconf 90' lang='lat' dir='ltr'>super</span> <span class='ocrx_word' id='word_1_355' title='bbox 1705 2719 1836 2761; x_wconf 80' lang='lat' dir='ltr'>fami-</span> 
     </span>
     <span class='ocr_line' id='line_1_37' title="bbox 73 2789 1836 2847; baseline -0.001 -15"><span class='ocrx_word' id='word_1_356' title='bbox 73 2789 180 2833; x_wconf 89' lang='lat' dir='ltr'>liam</span> <span class='ocrx_word' id='word_1_357' title='bbox 212 2804 342 2835; x_wconf 90' lang='lat' dir='ltr'>suam</span> <span class='ocrx_word' id='word_1_358' title='bbox 377 2792 557 2846; x_wconf 91' lang='lat' dir='ltr'>(Matth.</span> <span class='ocrx_word' id='word_1_359' title='bbox 590 2792 812 2847; x_wconf 91' lang='lat' dir='ltr'><strong>XXIIII).</strong></span> <span class='ocrx_word' id='word_1_360' title='bbox 860 2792 1048 2844; x_wconf 89' lang='lat' dir='ltr'>Fidelis,</span> <span class='ocrx_word' id='word_1_361' title='bbox 1082 2792 1284 2845; x_wconf 91' lang='lat' dir='ltr'>inquam,</span> <span class='ocrx_word' id='word_1_362' title='bbox 1317 2795 1365 2833; x_wconf 84' lang='lat' dir='ltr'>ut</span> <span class='ocrx_word' id='word_1_363' title='bbox 1397 2791 1484 2834; x_wconf 91' lang='lat' dir='ltr'>sibi</span> <span class='ocrx_word' id='word_1_364' title='bbox 1519 2803 1610 2832; x_wconf 91' lang='lat' dir='ltr'>non</span> <span class='ocrx_word' id='word_1_365' title='bbox 1643 2792 1836 2843; x_wconf 90' lang='lat' dir='ltr'>usurpet</span> 
     </span>
     <span class='ocr_line' id='line_1_38' title="bbox 72 2860 1835 2916; baseline 0 -14"><span class='ocrx_word' id='word_1_366' title='bbox 72 2860 342 2915; x_wconf 89' lang='lat' dir='ltr'>dominium;</span> <span class='ocrx_word' id='word_1_367' title='bbox 374 2863 598 2916; x_wconf 91' lang='lat' dir='ltr'>prudens,</span> <span class='ocrx_word' id='word_1_368' title='bbox 628 2866 678 2905; x_wconf 91' lang='lat' dir='ltr'>ut</span> <span class='ocrx_word' id='word_1_369' title='bbox 708 2863 946 2906; x_wconf 90' lang='lat' dir='ltr'>moderate</span> <span class='ocrx_word' id='word_1_370' title='bbox 979 2864 1172 2916; x_wconf 85' lang='lat' dir='ltr'>recipiat</span> <span class='ocrx_word' id='word_1_371' title='bbox 1203 2875 1288 2915; x_wconf 92' lang='lat' dir='ltr'>pro</span> <span class='ocrx_word' id='word_1_372' title='bbox 1322 2865 1513 2915; x_wconf 85' lang='lat' dir='ltr'>urgente</span> <span class='ocrx_word' id='word_1_373' title='bbox 1545 2860 1835 2910; x_wconf 87' lang='lat' dir='ltr'>necessitate,</span> 
     </span>
    </p>
   </div>
   <div class='ocr_carea' id='block_1_3' title="bbox 177 2978 571 3010">
    <p class='ocr_par' dir='ltr' id='par_1_3' title="bbox 177 2978 571 3010">
     <span class='ocr_line' id='line_1_39' title="bbox 177 2978 571 3010; baseline 0.003 -6"><span class='ocrx_word' id='word_1_374' title='bbox 177 2982 207 3009; x_wconf 81' lang='lat' dir='ltr'>a)</span> <span class='ocrx_word' id='word_1_375' title='bbox 230 2978 266 3010; x_wconf 86' lang='lat' dir='ltr'>B,</span> <span class='ocrx_word' id='word_1_376' title='bbox 288 2980 325 3005; x_wconf 81' lang='lat' dir='ltr'>C:</span> <span class='ocrx_word' id='word_1_377' title='bbox 346 2979 571 3006; x_wconf 62' lang='lat' dir='ltr'>comtum-iem.</span> 
     </span>
    </p>
   </div>
   <div class='ocr_carea' id='block_1_4' title="bbox 75 3032 1837 3138">
    <p class='ocr_par' dir='ltr' id='par_1_4' title="bbox 75 3032 1837 3138">
     <span class='ocr_line' id='line_1_40' title="bbox 192 3032 1837 3082; baseline -0.005 -8"><span class='ocrx_word' id='word_1_378' title='bbox 192 3038 223 3080; x_wconf 83' lang='grc' dir='ltr'>ι)</span> <span class='ocrx_word' id='word_1_379' title='bbox 250 3040 267 3073; x_wconf 88' lang='grc'><em>1</em></span> <span class='ocrx_word' id='word_1_380' title='bbox 288 3038 388 3073; x_wconf 81' lang='lat' dir='ltr'>Pelr.</span> <span class='ocrx_word' id='word_1_381' title='bbox 408 3039 442 3081; x_wconf 80' lang='lat'>4,</span> <span class='ocrx_word' id='word_1_382' title='bbox 467 3040 509 3074; x_wconf 81' lang='lat'>14</span> <span class='ocrx_word' id='word_1_383' title='bbox 521 3038 548 3082; x_wconf 77' lang='grc' dir='ltr'>Ῑ.</span> <span class='ocrx_word' id='word_1_384' title='bbox 694 3039 726 3082; x_wconf 88' lang='lat'>²)</span> <span class='ocrx_word' id='word_1_385' title='bbox 751 3039 809 3073; x_wconf 69' lang='lat'><em>1¹5.</em></span> <span class='ocrx_word' id='word_1_386' title='bbox 837 3039 912 3079; x_wconf 81' lang='lat'>140,</span> <span class='ocrx_word' id='word_1_387' title='bbox 934 3041 966 3073; x_wconf 72' lang='lat'>2.</span> <span class='ocrx_word' id='word_1_388' title='bbox 1112 3040 1143 3080; x_wconf 80' lang='lat'>³)</span> <span class='ocrx_word' id='word_1_389' title='bbox 1169 3037 1228 3072; x_wconf 84' lang='lat' dir='ltr'>Ps.</span> <span class='ocrx_word' id='word_1_390' title='bbox 1255 3037 1331 3077; x_wconf 77' lang='lat'>140,</span> <span class='ocrx_word' id='word_1_391' title='bbox 1353 3037 1385 3071; x_wconf 83' lang='lat'>4.</span> <span class='ocrx_word' id='word_1_392' title='bbox 1533 3038 1562 3077; x_wconf 80' lang='lat'>⁴)</span> <span class='ocrx_word' id='word_1_393' title='bbox 1588 3035 1642 3070; x_wconf 91' lang='lat' dir='ltr'>Ob</span> <span class='ocrx_word' id='word_1_394' title='bbox 1663 3032 1837 3068; x_wconf 77' lang='lat' dir='ltr'>Himceis</span> 
     </span>
     <span class='ocr_line' id='line_1_41' title="bbox 75 3093 1265 3138; baseline 0.002 -11"><span class='ocrx_word' id='word_1_395' title='bbox 75 3093 141 3137; x_wconf 65' lang='lat' dir='ltr'>aut</span> <span class='ocrx_word' id='word_1_396' title='bbox 166 3095 277 3130; x_wconf 80' lang='lat' dir='ltr'>einen</span> <span class='ocrx_word' id='word_1_397' title='bbox 303 3096 432 3131; x_wconf 80' lang='lat' dir='ltr'>seiner</span> <span class='ocrx_word' id='word_1_398' title='bbox 455 3095 755 3132; x_wconf 74' lang='lat' dir='ltr'>Kommenlare?</span> <span class='ocrx_word' id='word_1_399' title='bbox 900 3096 932 3138; x_wconf 81' lang='grc'>5)</span> <span class='ocrx_word' id='word_1_400' title='bbox 960 3097 991 3130; x_wconf 76' lang='grc'>2.</span> <span class='ocrx_word' id='word_1_401' title='bbox 1020 3096 1102 3130; x_wconf 83' lang='lat' dir='ltr'>Cor.</span> <span class='ocrx_word' id='word_1_402' title='bbox 1132 3096 1185 3136; x_wconf 87' lang='lat'>13,</span> <span class='ocrx_word' id='word_1_403' title='bbox 1214 3096 1265 3130; x_wconf 87' lang='lat'>10.</span> 
     </span>
    </p>
   </div>
  </div>
 </body>
</html>
