2227 3434
567 190 612 224 A.
651 189 850 224 Fillastres
878 189 994 224 Gesta
1020 190 1172 224 concilii
1198 189 1512 224 Constantiensis.
1841 193 1923 235 137

276 308 362 350 Die
403 308 564 350 martis
605 307 726 349 festo
767 307 891 349 beati
933 307 1246 349 Bartholomei
1289 307 1377 349 fuit
1417 308 1653 350 celebrata
1695 322 1779 361 per
1822 322 1924 351 con-

158 377 314 420 cilium
349 378 396 420 in
431 378 530 419 loco
567 377 790 420 sessionis
825 377 966 419 missa
1001 380 1046 419 et
1079 378 1318 430 processio
1352 378 1587 430 generalis
1625 378 1683 420 ad
1718 383 1923 421 sanctum

158 448 466 502 Augustinum
487 460 573 501 pro
594 460 707 501 pace
732 448 930 490 ecclesie
953 451 997 489 et
1020 447 1212 501 negocio
1234 448 1542 502 eleccionisa),
1566 452 1613 490 ut
1634 450 1924 492 concorditer

157 517 311 561 fieret.

278 589 361 631 Die
396 584 580 632 *sabbati
624 588 705 630 III.
745 588 1033 642 Septembris
1071 588 1180 630 anni
1219 588 1393 630 domini
1433 589 1767 632 MCCCCXVII
1806 590 1925 632 sedit

157 659 401 701 concilium
430 660 532 701 sine
561 659 854 701 solemnitate
885 662 930 701 et
957 659 1148 701 fuerunt
1176 659 1293 701 lecte
1324 660 1562 702 sentencie
1591 663 1636 702 et
1663 660 1789 702 illius
1818 673 1925 703 exe-

157 730 332 772 cutorie
373 733 531 772 contra
572 730 760 772 Petrum
802 729 859 771 de
901 729 1045 781 Luna,
1086 729 1388 771 Benedictum
1429 730 1558 772 XIII.
1602 731 1711 773 olim
1753 743 1925 773 nuncu-

156 802 329 854 patum,
355 804 401 842 et
424 799 692 842 mandatum
717 800 1114 852 vicecancellario,
1139 803 1188 842 ut
1214 800 1321 843 illas
1347 801 1528 844 litteras
1554 804 1631 855 tot,
1658 805 1767 854 quot
1793 815 1925 855 opor-

157 873 268 913 tune
291 873 462 923 essent,
486 870 533 912 in
556 870 638 912 illa
660 870 811 913 forma
834 870 1081 923 expediret
1102 870 1161 913 ad
1183 871 1374 923 bullam,
1398 874 1442 913 et
1466 872 1759 914 commissum
1783 872 1924 925 depu-

156 940 262 984 tatis
288 941 590 996 generalibus
617 941 863 983 nacionum
891 944 937 983 et
964 940 1285 993 cardinalium,
1313 944 1362 983 ut
1389 941 1675 984 conficerent
1701 942 1925 996 epistolas

155 1015 203 1054 et
223 1011 404 1054 litteras
425 1011 666 1054 missorias
687 1011 745 1053 ad
768 1024 918 1064 reges,
940 1011 1178 1065 principes
1199 1015 1244 1053 et
1266 1013 1487 1065 prelatos,
1509 1016 1554 1054 et
1575 1013 1925 1066 presidentibus

157 1083 418 1135 nacionum,
461 1082 585 1135 quod
628 1082 734 1125 illas
776 1082 1064 1135 expedirent
1099 1082 1157 1124 ad
1199 1082 1390 1135 bullam,
1434 1086 1655 1136 quotquot
1698 1087 1924 1137 oportune

158 1151 442 1195 viderentur.

277 1223 330 1279 In
367 1223 455 1266 ista
493 1224 704 1266 sessione
742 1224 902 1266 nullus
941 1223 998 1265 de
1036 1223 1232 1265 nacione
1272 1223 1522 1277 Hispanica
1559 1237 1712 1277 neque
1753 1224 1926 1267 Castel-

157 1294 307 1347 lanus,
340 1294 659 1352 Aragonensis
692 1306 778 1335 nec
813 1294 1163 1347 Portugalensis
1196 1307 1282 1336 nec
1316 1294 1624 1337 Navarrensis
1658 1295 1922 1348 interfuit.¹)

158 1365 269 1407 Erat
301 1365 426 1407 enim
463 1364 585 1407 inter
619 1377 700 1407 eos
733 1365 890 1418 gravis
926 1365 1243 1407 controversia
1280 1377 1422 1418 super
1457 1365 1729 1418 presidente
1764 1366 1926 1408 fiendo

157 1447 243 1489 pro
272 1447 434 1477 mense
468 1436 555 1478 isto
585 1435 864 1488 Septembri,
898 1435 1179 1478 Castellanis
1210 1438 1256 1477 et
1285 1435 1506 1477 Nauarris
1539 1436 1926 1478 contendentibus

157 1518 243 1559 pro
263 1518 371 1559 uno,
394 1506 779 1559 Aragonensibus
803 1509 848 1548 et
873 1506 1287 1559 Portugalensibus
1313 1506 1371 1548 ad
1395 1506 1669 1548 instanciam
1692 1507 1818 1560 regis
1841 1520 1926 1560 pro

84 1602 91 1605 >
157 1575 263 1629 alio,
293 1576 468 1619 scilicet
495 1589 589 1619 uno
618 1576 956 1630 portugalensi,
986 1577 1139 1629 legato
1168 1577 1294 1629 regis
1323 1577 1589 1630 Portugalie
1619 1589 1712 1619 non
1740 1576 1928 1619 ecclesi-

159 1647 314 1690 astico.
358 1647 524 1690 Nullus
557 1648 682 1689 enim
717 1648 974 1700 legatorum
1009 1647 1114 1689 dicti
1150 1647 1273 1700 regis
1308 1651 1380 1690 est
1411 1648 1767 1690 ecclesiasticus.
1813 1647 1927 1690 Sunt

158 1717 282 1760 enim
318 1717 424 1760 laici
460 1721 620 1772 preter
656 1730 800 1760 unum
838 1731 939 1760 cum
978 1718 1176 1771 simplici
1213 1721 1418 1760 tonsura.
1468 1717 1553 1770 Qui
1590 1721 1746 1761 tamen
1783 1719 1926 1772 gessit

158 1788 462 1831 indicaturam
496 1789 756 1831 secularem
791 1789 937 1831 eclam
973 1790 1018 1830 in
1053 1789 1387 1841 criminalibus,
1421 1792 1470 1831 ut
1502 1789 1667 1831 fertur.
1715 1790 1769 1831 Et
1801 1792 1926 1831 tanta

159 1858 246 1902 fuit
270 1860 393 1902 inter
413 1872 496 1902 eos
521 1849 709 1912 invidia,
734 1863 782 1901 ut
805 1872 898 1902 uno
922 1859 997 1902 die
1021 1863 1213 1913 propter
1238 1860 1323 1902 hec
1345 1860 1675 1913 Aragonenses
1699 1863 1745 1902 et
1768 1860 1926 1902 Portu-

158 1930 376 1983 galenses
397 1930 689 1972 intraverunt
710 1931 954 1972 nacionem
981 1930 1143 1972 armati
1168 1930 1361 1972 ensibus
1383 1934 1429 1972 et
1453 1930 1569 1972 alios
1594 1931 1680 1973 sub
1703 1931 1924 1972 vestibus.

158 1999 288 2052 Quod
315 2000 529 2043 videntes
559 2001 813 2043 Castellani
844 2000 1057 2043 fecerunt
1086 2014 1195 2043 suos
1226 2001 1397 2043 armari
1427 2004 1473 2043 et
1502 2004 1625 2044 stare
1656 2001 1785 2043 foris.
1827 2001 1925 2043 Rex

158 2083 270 2114 vero
304 2084 502 2124 sperans
536 2071 712 2114 habere
748 2071 794 2113 in
831 2072 911 2114 illa
944 2072 1139 2113 nacione
1175 2071 1494 2124 presidentem
1529 2071 1926 2125 PortugaIensem,

159 2142 375 2195 quoniam
404 2142 485 2184 illa
514 2155 624 2196 pars
653 2142 842 2184 tenebat
869 2145 1027 2196 partes
1057 2155 1179 2194 suas,
1210 2142 1359 2184 stabat
1388 2142 1505 2184 foris
1534 2143 1580 2183 in
1610 2142 1820 2195 ecclesia,
1850 2142 1927 2183 de-

160 2212 404 2256 ambulans
427 2216 474 2255 et
499 2216 752 2266 expectans
778 2216 995 2255 eventum
1021 2213 1102 2257 rei.
1141 2212 1233 2255 Sed
1257 2213 1416 2256 nullus
1440 2212 1527 2254 fuit
1552 2225 1722 2255 rumor.
1762 2213 1926 2254 Exive-

159 2285 265 2325 runt
294 2286 450 2326 tamen
483 2283 583 2326 sine
616 2283 861 2342 concordia
893 2287 938 2325 et
970 2284 1071 2325 sine
1105 2283 1390 2337 presidente.
1434 2282 1698 2336 Scitumque
1731 2283 1817 2325 fuit
1849 2296 1926 2336 po-

160 2356 273 2406 stea,
310 2354 432 2407 quod
471 2355 518 2396 in
556 2354 770 2396 domibus
807 2354 970 2397 vicinis
1008 2354 1195 2396 fuerant
1233 2355 1394 2407 plures
1433 2355 1595 2396 armati
1636 2354 1841 2407 Hungari
1881 2357 1925 2395 et

158 2421 464 2467 Theutonici.‘

276 2494 442 2538 Forma
474 2498 627 2538 autem
661 2495 919 2537 litterarum
950 2495 1244 2538 execucionis
1277 2495 1514 2538 sentencie
1546 2498 1704 2537 contra
1739 2495 1923 2536 Petrum

160 2564 218 2606 de
245 2565 375 2608 Luna
401 2569 472 2609 est
498 2566 622 2608 talis:
801 2572 806 2576 ·

275 2635 574 2679 Sacrosancta
605 2670 614 2679 .
649 2670 657 2678 .
693 2670 702 2678 .
732 2637 979 2690 vacante.‘-')

277 2706 362 2749 Die
388 2708 548 2750 martis
573 2707 676 2749 VII.
700 2707 990 2760 Septembris
1014 2707 1221 2761 deputati
1247 2707 1551 2749 cardinalium
1577 2710 1620 2749 et
1645 2706 1780 2748 trium
1806 2705 1924 2747 naci-

160 2788 298 2819 onum
336 2777 504 2831 Ytalie,
544 2777 697 2820 Gallie
735 2781 781 2820 et
818 2777 1059 2831 Hispanie,
1098 2777 1314 2819 videlicet
1351 2777 1576 2830 Hispanie
1617 2780 1775 2830 preter
1812 2777 1923 2818 Ara-

264 2904 296 2937 a)
318 2905 363 2931 B:
384 2904 524 2931 unionis.

279 2966 310 3007 ¹)
339 2965 538 3000 Trolzdem
562 2967 719 3000 werden
745 2966 945 3000 dieselben
974 2966 1035 3000 bez·
1060 2966 1180 3000 Hardt
1207 2966 1229 3000 1.
1257 2976 1285 3000 c.
1312 2967 1421 2999 nnler
1447 2966 1521 2999 (len
1548 2964 1818 2998 Anwesenden
1844 2961 1924 3004 auf-

187 3031 210 3054 e
227 3021 324 3056 uhu-t.

162 3021 226 3064 9'
277 3079 310 3122 ²)
342 3080 463 3116 Hardt
493 3080 560 3123 IV,
593 3081 795 3124 1404-08,·
828 3081 954 3115 Mami
985 3079 1144 3122 XXVII,
1178 3080 1370 3115 1144—46.
