<?xml version="1.0" encoding="UTF-8"?>
<!DOCTYPE html PUBLIC "-//W3C//DTD XHTML 1.0 Transitional//EN"
    "http://www.w3.org/TR/xhtml1/DTD/xhtml1-transitional.dtd">
<html xmlns="http://www.w3.org/1999/xhtml" xml:lang="en" lang="en">
 <head>
  <title>
</title>
<meta http-equiv="Content-Type" content="text/html;charset=utf-8" />
  <meta name='ocr-system' content='tesseract 3.04.00' />
  <meta name='ocr-capabilities' content='ocr_page ocr_carea ocr_par ocr_line ocrx_word'/>
</head>
<body>
  <div class='ocr_page' id='page_1' title='image "./actaconciliicons02counuoft_0139.png"; bbox 0 0 2227 3434; ppageno 0'>
   <div class='ocr_carea' id='block_1_1' title="bbox 546 193 1902 238">
    <p class='ocr_par' dir='ltr' id='par_1_1' title="bbox 546 193 1902 238">
     <span class='ocr_line' id='line_1_1' title="bbox 546 193 1902 238; baseline 0.001 -11"><span class='ocrx_word' id='word_1_1' title='bbox 546 193 588 228; x_wconf 91' lang='lat' dir='ltr'>A.</span> <span class='ocrx_word' id='word_1_2' title='bbox 630 193 827 229; x_wconf 86' lang='lat' dir='ltr'>Fitlastres</span> <span class='ocrx_word' id='word_1_3' title='bbox 856 194 971 228; x_wconf 85' lang='lat' dir='ltr'>Gesta</span> <span class='ocrx_word' id='word_1_4' title='bbox 998 194 1148 229; x_wconf 90' lang='lat' dir='ltr'>concilii</span> <span class='ocrx_word' id='word_1_5' title='bbox 1175 193 1490 230; x_wconf 84' lang='lat' dir='ltr'>Constantiensis.</span> <span class='ocrx_word' id='word_1_6' title='bbox 1819 196 1902 238; x_wconf 82' lang='lat'>125</span> 
     </span>
    </p>
   </div>
   <div class='ocr_carea' id='block_1_2' title="bbox 129 311 1901 3115">
    <p class='ocr_par' dir='ltr' id='par_1_2' title="bbox 130 311 1901 1626">
     <span class='ocr_line' id='line_1_2' title="bbox 136 311 1900 366; baseline 0.001 -14"><span class='ocrx_word' id='word_1_7' title='bbox 136 311 435 364; x_wconf 86' lang='lat' dir='ltr'>demandare,</span> <span class='ocrx_word' id='word_1_8' title='bbox 467 311 585 353; x_wconf 91' lang='lat' dir='ltr'>alter</span> <span class='ocrx_word' id='word_1_9' title='bbox 618 311 782 354; x_wconf 90' lang='lat' dir='ltr'>iterata</span> <span class='ocrx_word' id='word_1_10' title='bbox 813 324 924 354; x_wconf 82' lang='lat' dir='ltr'>voce</span> <span class='ocrx_word' id='word_1_11' title='bbox 957 313 1152 365; x_wconf 90' lang='lat' dir='ltr'>recepiit</span> <span class='ocrx_word' id='word_1_12' title='bbox 1183 325 1232 355; x_wconf 91' lang='lat' dir='ltr'>se</span> <span class='ocrx_word' id='word_1_13' title='bbox 1266 325 1351 366; x_wconf 91' lang='lat' dir='ltr'>pro</span> <span class='ocrx_word' id='word_1_14' title='bbox 1382 313 1626 365; x_wconf 82' lang='lat' dir='ltr'>premissis</span> <span class='ocrx_word' id='word_1_15' title='bbox 1659 313 1900 365; x_wconf 81' lang='lat' dir='ltr'>facturum,</span> 
     </span>
     <span class='ocr_line' id='line_1_3' title="bbox 134 381 1899 436; baseline 0.001 -13"><span class='ocrx_word' id='word_1_16' title='bbox 134 381 351 435; x_wconf 89' lang='lat' dir='ltr'>quicquid</span> <span class='ocrx_word' id='word_1_17' title='bbox 391 382 610 424; x_wconf 86' lang='lat' dir='ltr'>maiestas</span> <span class='ocrx_word' id='word_1_18' title='bbox 649 385 804 424; x_wconf 79' lang='lat' dir='ltr'>vestra</span> <span class='ocrx_word' id='word_1_19' title='bbox 843 384 1109 435; x_wconf 75' lang='lat' dir='ltr'>preciperet</span> <span class='ocrx_word' id='word_1_20' title='bbox 1148 383 1413 424; x_wconf 85' lang='lat' dir='ltr'>faciendum</span> <span class='ocrx_word' id='word_1_21' title='bbox 1455 387 1531 425; x_wconf 88' lang='lat' dir='ltr'>aut</span> <span class='ocrx_word' id='word_1_22' title='bbox 1571 396 1680 436; x_wconf 87' lang='lat' dir='ltr'>pars</span> <span class='ocrx_word' id='word_1_23' title='bbox 1720 384 1899 425; x_wconf 88' lang='lat' dir='ltr'>concilii</span> 
     </span>
     <span class='ocr_line' id='line_1_4' title="bbox 135 452 1901 506; baseline 0.001 -12"><span class='ocrx_word' id='word_1_24' title='bbox 135 452 292 494; x_wconf 88' lang='lat' dir='ltr'>sanior</span> <span class='ocrx_word' id='word_1_25' title='bbox 314 452 400 495; x_wconf 88' lang='lat' dir='ltr'>sibi</span> <span class='ocrx_word' id='word_1_26' title='bbox 423 452 664 494; x_wconf 81' lang='lat' dir='ltr'>mandaret</span> <span class='ocrx_word' id='word_1_27' title='bbox 686 453 930 505; x_wconf 86' lang='lat' dir='ltr'>agendum.</span> <span class='ocrx_word' id='word_1_28' title='bbox 966 453 1124 505; x_wconf 85' lang='lat' dir='ltr'>Porro,</span> <span class='ocrx_word' id='word_1_29' title='bbox 1148 465 1231 494; x_wconf 87' lang='lat' dir='ltr'>rex</span> <span class='ocrx_word' id='word_1_30' title='bbox 1253 454 1604 506; x_wconf 86' lang='lat' dir='ltr'>gloriosissime,</span> <span class='ocrx_word' id='word_1_31' title='bbox 1628 467 1718 495; x_wconf 91' lang='lat' dir='ltr'>non</span> <span class='ocrx_word' id='word_1_32' title='bbox 1743 467 1901 495; x_wconf 82' lang='lat' dir='ltr'>sumus</span> 
     </span>
     <span class='ocr_line' id='line_1_5' title="bbox 133 522 1900 577; baseline 0.001 -13"><span class='ocrx_word' id='word_1_33' title='bbox 133 522 260 576; x_wconf 87' lang='lat' dir='ltr'>pacis</span> <span class='ocrx_word' id='word_1_34' title='bbox 289 523 567 575; x_wconf 82' lang='lat' dir='ltr'>turbatores,</span> <span class='ocrx_word' id='word_1_35' title='bbox 599 523 681 565; x_wconf 88' lang='lat' dir='ltr'>sed</span> <span class='ocrx_word' id='word_1_36' title='bbox 710 524 807 564; x_wconf 83' lang='lat' dir='ltr'>veri</span> <span class='ocrx_word' id='word_1_37' title='bbox 840 525 1068 566; x_wconf 84' lang='lat' dir='ltr'>zelatores</span> <span class='ocrx_word' id='word_1_38' title='bbox 1099 524 1411 566; x_wconf 80' lang='lat' dir='ltr'>ecclesiastice</span> <span class='ocrx_word' id='word_1_39' title='bbox 1442 524 1628 566; x_wconf 91' lang='lat' dir='ltr'>unionis</span> <span class='ocrx_word' id='word_1_40' title='bbox 1659 537 1810 577; x_wconf 86' lang='lat' dir='ltr'>neque</span> <span class='ocrx_word' id='word_1_41' title='bbox 1844 524 1900 566; x_wconf 87' lang='lat' dir='ltr'>ad</span> 
     </span>
     <span class='ocr_line' id='line_1_6' title="bbox 134 593 1901 647; baseline 0.001 -13"><span class='ocrx_word' id='word_1_42' title='bbox 134 595 287 636; x_wconf 88' lang='lat' dir='ltr'>vestre</span> <span class='ocrx_word' id='word_1_43' title='bbox 311 593 564 635; x_wconf 89' lang='lat' dir='ltr'>maiestatis</span> <span class='ocrx_word' id='word_1_44' title='bbox 587 593 796 635; x_wconf 79' lang='lat' dir='ltr'>officium</span> <span class='ocrx_word' id='word_1_45' title='bbox 820 594 1044 647; x_wconf 84' lang='lat' dir='ltr'>quidquid</span> <span class='ocrx_word' id='word_1_46' title='bbox 1068 594 1125 636; x_wconf 92' lang='lat' dir='ltr'>de</span> <span class='ocrx_word' id='word_1_47' title='bbox 1149 595 1365 647; x_wconf 90' lang='lat' dir='ltr'>personis</span> <span class='ocrx_word' id='word_1_48' title='bbox 1388 595 1715 636; x_wconf 87' lang='lat' dir='ltr'>ecclesiasticis</span> <span class='ocrx_word' id='word_1_49' title='bbox 1739 596 1901 637; x_wconf 87' lang='lat' dir='ltr'>attinet</span> 
     </span>
     <span class='ocr_line' id='line_1_7' title="bbox 133 663 1900 718; baseline 0.001 -14"><span class='ocrx_word' id='word_1_50' title='bbox 133 663 441 717; x_wconf 87' lang='lat' dir='ltr'>statuendum,</span> <span class='ocrx_word' id='word_1_51' title='bbox 470 676 585 717; x_wconf 90' lang='lat' dir='ltr'>quas</span> <span class='ocrx_word' id='word_1_52' title='bbox 615 665 659 705; x_wconf 95' lang='lat' dir='ltr'>in</span> <span class='ocrx_word' id='word_1_53' title='bbox 691 665 860 706; x_wconf 87' lang='lat' dir='ltr'>Nicena</span> <span class='ocrx_word' id='word_1_54' title='bbox 890 664 1066 716; x_wconf 78' lang='lat' dir='ltr'>synodo</span> <span class='ocrx_word' id='word_1_55' title='bbox 1095 664 1425 707; x_wconf 82' lang='lat' dir='ltr'>Constantinus</span> <span class='ocrx_word' id='word_1_56' title='bbox 1454 664 1706 717; x_wconf 89' lang='lat' dir='ltr'>imperator</span> <span class='ocrx_word' id='word_1_57' title='bbox 1733 665 1900 718; x_wconf 91' lang='lat' dir='ltr'>glorio-</span> 
     </span>
     <span class='ocr_line' id='line_1_8' title="bbox 133 734 1899 788; baseline 0 -12"><span class='ocrx_word' id='word_1_58' title='bbox 133 734 343 777; x_wconf 87' lang='lat' dir='ltr'>sissimus</span> <span class='ocrx_word' id='word_1_59' title='bbox 371 734 516 777; x_wconf 87' lang='lat' dir='ltr'>solius</span> <span class='ocrx_word' id='word_1_60' title='bbox 546 734 630 776; x_wconf 88' lang='lat' dir='ltr'>Dei</span> <span class='ocrx_word' id='word_1_61' title='bbox 661 734 828 777; x_wconf 90' lang='lat' dir='ltr'>iudicio</span> <span class='ocrx_word' id='word_1_62' title='bbox 857 738 1120 777; x_wconf 83' lang='lat' dir='ltr'>reservatas</span> <span class='ocrx_word' id='word_1_63' title='bbox 1151 748 1433 788; x_wconf 87' lang='lat' dir='ltr'>cognoscens</span> <span class='ocrx_word' id='word_1_64' title='bbox 1463 748 1488 777; x_wconf 91' lang='lat' dir='ltr'>a</span> <span class='ocrx_word' id='word_1_65' title='bbox 1518 736 1704 777; x_wconf 90' lang='lat' dir='ltr'>nemine</span> <span class='ocrx_word' id='word_1_66' title='bbox 1734 736 1899 778; x_wconf 88' lang='lat' dir='ltr'>asserit</span> 
     </span>
     <span class='ocr_line' id='line_1_9' title="bbox 133 804 1900 859; baseline -0.001 -12"><span class='ocrx_word' id='word_1_67' title='bbox 133 804 417 847; x_wconf 89' lang='lat' dir='ltr'>iudicandas.</span> <span class='ocrx_word' id='word_1_68' title='bbox 476 805 589 847; x_wconf 89' lang='lat' dir='ltr'>Cum</span> <span class='ocrx_word' id='word_1_69' title='bbox 634 806 772 847; x_wconf 90' lang='lat' dir='ltr'>etiam</span> <span class='ocrx_word' id='word_1_70' title='bbox 819 818 1055 847; x_wconf 85' lang='lat' dir='ltr'>sacrorum</span> <span class='ocrx_word' id='word_1_71' title='bbox 1102 818 1329 847; x_wconf 83' lang='lat' dir='ltr'>canonum</span> <span class='ocrx_word' id='word_1_72' title='bbox 1375 806 1675 848; x_wconf 87' lang='lat' dir='ltr'>attestacione</span> <span class='ocrx_word' id='word_1_73' title='bbox 1720 807 1900 859; x_wconf 84' lang='lat' dir='ltr'>legatur</span> 
     </span>
     <span class='ocr_line' id='line_1_10' title="bbox 131 875 1898 929; baseline 0.001 -12"><span class='ocrx_word' id='word_1_74' title='bbox 131 875 446 918; x_wconf 90' lang='lat' dir='ltr'>Theodoricus</span> <span class='ocrx_word' id='word_1_75' title='bbox 472 876 552 917; x_wconf 91' lang='lat' dir='ltr'>ille</span> <span class='ocrx_word' id='word_1_76' title='bbox 581 888 663 917; x_wconf 88' lang='lat' dir='ltr'>rex</span> <span class='ocrx_word' id='word_1_77' title='bbox 691 876 1021 918; x_wconf 89' lang='lat' dir='ltr'>serenissimus</span> <span class='ocrx_word' id='word_1_78' title='bbox 1050 876 1146 918; x_wconf 91' lang='lat' dir='ltr'>Deo</span> <span class='ocrx_word' id='word_1_79' title='bbox 1174 876 1432 929; x_wconf 84' lang='lat' dir='ltr'>inspirante</span> <span class='ocrx_word' id='word_1_80' title='bbox 1459 876 1633 918; x_wconf 83' lang='lat' dir='ltr'>dixisse</span> <span class='ocrx_word' id='word_1_81' title='bbox 1661 876 1898 929; x_wconf 80' lang='lat' dir='ltr'>synodalis</span> 
     </span>
     <span class='ocr_line' id='line_1_11' title="bbox 131 946 1897 1000; baseline 0.001 -12"><span class='ocrx_word' id='word_1_82' title='bbox 131 958 237 989; x_wconf 91' lang='lat' dir='ltr'>esse</span> <span class='ocrx_word' id='word_1_83' title='bbox 260 946 439 989; x_wconf 90' lang='lat' dir='ltr'>arbitrii</span> <span class='ocrx_word' id='word_1_84' title='bbox 463 947 510 988; x_wconf 94' lang='lat' dir='ltr'>in</span> <span class='ocrx_word' id='word_1_85' title='bbox 531 949 656 989; x_wconf 91' lang='lat' dir='ltr'>tanto</span> <span class='ocrx_word' id='word_1_86' title='bbox 679 947 871 1000; x_wconf 86' lang='lat' dir='ltr'>negocio</span> <span class='ocrx_word' id='word_1_87' title='bbox 892 947 1131 999; x_wconf 90' lang='lat' dir='ltr'>sequenda</span> <span class='ocrx_word' id='word_1_88' title='bbox 1153 947 1463 1000; x_wconf 81' lang='lat' dir='ltr'>prescribere,</span> <span class='ocrx_word' id='word_1_89' title='bbox 1487 960 1544 989; x_wconf 91' lang='lat' dir='ltr'>ne</span> <span class='ocrx_word' id='word_1_90' title='bbox 1569 947 1745 1000; x_wconf 86' lang='lat' dir='ltr'>aliquid</span> <span class='ocrx_word' id='word_1_91' title='bbox 1766 948 1823 989; x_wconf 90' lang='lat' dir='ltr'>ad</span> <span class='ocrx_word' id='word_1_92' title='bbox 1848 961 1897 989; x_wconf 92' lang='lat' dir='ltr'>se</span> 
     </span>
     <span class='ocr_line' id='line_1_12' title="bbox 130 1017 1896 1071; baseline -0.001 -12"><span class='ocrx_word' id='word_1_93' title='bbox 130 1020 288 1071; x_wconf 90' lang='lat' dir='ltr'>preter</span> <span class='ocrx_word' id='word_1_94' title='bbox 316 1018 629 1059; x_wconf 84' lang='lat' dir='ltr'>reverentiam</span> <span class='ocrx_word' id='word_1_95' title='bbox 659 1017 715 1059; x_wconf 91' lang='lat' dir='ltr'>de</span> <span class='ocrx_word' id='word_1_96' title='bbox 746 1017 1070 1060; x_wconf 79' lang='lat' dir='ltr'>ecclesiasticis</span> <span class='ocrx_word' id='word_1_97' title='bbox 1098 1017 1302 1071; x_wconf 80' lang='lat' dir='ltr'>negociis</span> <span class='ocrx_word' id='word_1_98' title='bbox 1330 1019 1583 1071; x_wconf 88' lang='lat' dir='ltr'>pertinere.</span> <span class='ocrx_word' id='word_1_99' title='bbox 1626 1019 1679 1060; x_wconf 88' lang='lat' dir='ltr'>Et</span> <span class='ocrx_word' id='word_1_100' title='bbox 1706 1018 1812 1071; x_wconf 87' lang='lat' dir='ltr'>quia</span> <span class='ocrx_word' id='word_1_101' title='bbox 1841 1017 1896 1060; x_wconf 82' lang='lat' dir='ltr'>ad</span> 
     </span>
     <span class='ocr_line' id='line_1_13' title="bbox 131 1087 1898 1142; baseline 0 -13"><span class='ocrx_word' id='word_1_102' title='bbox 131 1087 275 1130; x_wconf 83' lang='lat' dir='ltr'>fidem</span> <span class='ocrx_word' id='word_1_103' title='bbox 302 1087 686 1141; x_wconf 84' lang='lat' dir='ltr'>confirmandam,</span> <span class='ocrx_word' id='word_1_104' title='bbox 713 1101 804 1130; x_wconf 92' lang='lat' dir='ltr'>non</span> <span class='ocrx_word' id='word_1_105' title='bbox 831 1088 888 1130; x_wconf 94' lang='lat' dir='ltr'>ad</span> <span class='ocrx_word' id='word_1_106' title='bbox 916 1089 1175 1141; x_wconf 83' lang='lat' dir='ltr'>potenciam</span> <span class='ocrx_word' id='word_1_107' title='bbox 1203 1088 1538 1130; x_wconf 84' lang='lat' dir='ltr'>ostendendam</span> <span class='ocrx_word' id='word_1_108' title='bbox 1567 1090 1783 1142; x_wconf 75' lang='lat' dir='ltr'>exemplo</span> <span class='ocrx_word' id='word_1_109' title='bbox 1811 1090 1898 1130; x_wconf 78' lang='lat' dir='ltr'>vic-</span> 
     </span>
     <span class='ocr_line' id='line_1_14' title="bbox 131 1158 1896 1212; baseline -0.001 -11"><span class='ocrx_word' id='word_1_110' title='bbox 131 1158 422 1201; x_wconf 87' lang='lat' dir='ltr'>toriosissimi</span> <span class='ocrx_word' id='word_1_111' title='bbox 490 1159 714 1212; x_wconf 86' lang='lat' dir='ltr'>principis</span> <span class='ocrx_word' id='word_1_112' title='bbox 779 1159 885 1200; x_wconf 90' lang='lat' dir='ltr'>huic</span> <span class='ocrx_word' id='word_1_113' title='bbox 951 1172 1080 1200; x_wconf 89' lang='lat' dir='ltr'>sacre</span> <span class='ocrx_word' id='word_1_114' title='bbox 1148 1159 1325 1211; x_wconf 85' lang='lat' dir='ltr'>synodo</span> <span class='ocrx_word' id='word_1_115' title='bbox 1391 1163 1544 1201; x_wconf 79' lang='lat' dir='ltr'>vestra</span> <span class='ocrx_word' id='word_1_116' title='bbox 1612 1159 1741 1201; x_wconf 87' lang='lat' dir='ltr'>duxit</span> <span class='ocrx_word' id='word_1_117' title='bbox 1807 1172 1896 1201; x_wconf 88' lang='lat' dir='ltr'>ma-</span> 
     </span>
     <span class='ocr_line' id='line_1_15' title="bbox 131 1229 1896 1283; baseline -0.001 -12"><span class='ocrx_word' id='word_1_118' title='bbox 131 1229 271 1272; x_wconf 91' lang='lat' dir='ltr'>iestas</span> <span class='ocrx_word' id='word_1_119' title='bbox 304 1230 546 1281; x_wconf 87' lang='lat' dir='ltr'>interesse,</span> <span class='ocrx_word' id='word_1_120' title='bbox 580 1229 817 1271; x_wconf 88' lang='lat' dir='ltr'>humiliter</span> <span class='ocrx_word' id='word_1_121' title='bbox 850 1229 1157 1283; x_wconf 88' lang='lat' dir='ltr'>deprecamur</span> <span class='ocrx_word' id='word_1_122' title='bbox 1189 1230 1400 1282; x_wconf 76' lang='lat' dir='ltr'>eandem,</span> <span class='ocrx_word' id='word_1_123' title='bbox 1434 1233 1662 1282; x_wconf 87' lang='lat' dir='ltr'>quatenus</span> <span class='ocrx_word' id='word_1_124' title='bbox 1695 1243 1779 1283; x_wconf 92' lang='lat' dir='ltr'>pro</span> <span class='ocrx_word' id='word_1_125' title='bbox 1812 1230 1896 1271; x_wconf 91' lang='lat' dir='ltr'>Dei</span> 
     </span>
     <span class='ocr_line' id='line_1_16' title="bbox 132 1300 1896 1353; baseline -0.001 -11"><span class='ocrx_word' id='word_1_126' title='bbox 132 1301 416 1353; x_wconf 86' lang='lat' dir='ltr'>reverencia,</span> <span class='ocrx_word' id='word_1_127' title='bbox 439 1301 587 1343; x_wconf 90' lang='lat' dir='ltr'>salute</span> <span class='ocrx_word' id='word_1_128' title='bbox 611 1301 825 1342; x_wconf 75' lang='lat' dir='ltr'>fidelium</span> <span class='ocrx_word' id='word_1_129' title='bbox 849 1304 893 1342; x_wconf 92' lang='lat' dir='ltr'>et</span> <span class='ocrx_word' id='word_1_130' title='bbox 915 1304 1040 1342; x_wconf 93' lang='lat' dir='ltr'>tante</span> <span class='ocrx_word' id='word_1_131' title='bbox 1064 1300 1318 1343; x_wconf 89' lang='lat' dir='ltr'>maiestatis</span> <span class='ocrx_word' id='word_1_132' title='bbox 1342 1301 1518 1342; x_wconf 90' lang='lat' dir='ltr'>honore</span> <span class='ocrx_word' id='word_1_133' title='bbox 1541 1313 1700 1353; x_wconf 89' lang='lat' dir='ltr'>pacem</span> <span class='ocrx_word' id='word_1_134' title='bbox 1725 1313 1896 1353; x_wconf 89' lang='lat' dir='ltr'>augere</span> 
     </span>
     <span class='ocr_line' id='line_1_17' title="bbox 130 1371 1898 1424; baseline -0.001 -10"><span class='ocrx_word' id='word_1_135' title='bbox 130 1371 311 1414; x_wconf 88' lang='lat' dir='ltr'>studeat</span> <span class='ocrx_word' id='word_1_136' title='bbox 342 1374 387 1414; x_wconf 93' lang='lat' dir='ltr'>et</span> <span class='ocrx_word' id='word_1_137' title='bbox 420 1371 682 1414; x_wconf 88' lang='lat' dir='ltr'>libertatem</span> <span class='ocrx_word' id='word_1_138' title='bbox 716 1372 977 1424; x_wconf 84' lang='lat' dir='ltr'>plenariam</span> <span class='ocrx_word' id='word_1_139' title='bbox 1010 1372 1181 1413; x_wconf 89' lang='lat' dir='ltr'>tribuat</span> <span class='ocrx_word' id='word_1_140' title='bbox 1213 1371 1417 1424; x_wconf 85' lang='lat' dir='ltr'>negociis</span> <span class='ocrx_word' id='word_1_141' title='bbox 1450 1375 1495 1413; x_wconf 90' lang='lat' dir='ltr'>et</span> <span class='ocrx_word' id='word_1_142' title='bbox 1526 1371 1756 1424; x_wconf 90' lang='lat' dir='ltr'>personis,</span> <span class='ocrx_word' id='word_1_143' title='bbox 1790 1384 1898 1424; x_wconf 90' lang='lat' dir='ltr'>qua-</span> 
     </span>
     <span class='ocr_line' id='line_1_18' title="bbox 130 1442 1896 1495; baseline -0.001 -11"><span class='ocrx_word' id='word_1_144' title='bbox 130 1444 265 1484; x_wconf 93' lang='lat' dir='ltr'>tenus</span> <span class='ocrx_word' id='word_1_145' title='bbox 299 1442 357 1484; x_wconf 89' lang='lat' dir='ltr'>ad</span> <span class='ocrx_word' id='word_1_146' title='bbox 392 1442 477 1483; x_wconf 91' lang='lat' dir='ltr'>Dei</span> <span class='ocrx_word' id='word_1_147' title='bbox 512 1442 697 1484; x_wconf 88' lang='lat' dir='ltr'>laudem</span> <span class='ocrx_word' id='word_1_148' title='bbox 732 1445 778 1484; x_wconf 90' lang='lat' dir='ltr'>et</span> <span class='ocrx_word' id='word_1_149' title='bbox 812 1455 893 1485; x_wconf 91' lang='lat' dir='ltr'>sue</span> <span class='ocrx_word' id='word_1_150' title='bbox 928 1442 1182 1484; x_wconf 89' lang='lat' dir='ltr'>maiestatis</span> <span class='ocrx_word' id='word_1_151' title='bbox 1218 1442 1388 1484; x_wconf 78' lang='lat' dir='ltr'>famam</span> <span class='ocrx_word' id='word_1_152' title='bbox 1422 1445 1697 1495; x_wconf 89' lang='lat' dir='ltr'>perpetuam</span> <span class='ocrx_word' id='word_1_153' title='bbox 1733 1442 1896 1483; x_wconf 86' lang='lat' dir='ltr'>liberis</span> 
     </span>
     <span class='ocr_line' id='line_1_19' title="bbox 130 1512 1897 1566; baseline -0.001 -11"><span class='ocrx_word' id='word_1_154' title='bbox 130 1512 246 1555; x_wconf 89' lang='lat' dir='ltr'>votis</span> <span class='ocrx_word' id='word_1_155' title='bbox 270 1516 316 1555; x_wconf 93' lang='lat' dir='ltr'>et</span> <span class='ocrx_word' id='word_1_156' title='bbox 339 1512 473 1556; x_wconf 82' lang='lat' dir='ltr'>factis</span> <span class='ocrx_word' id='word_1_157' title='bbox 498 1513 555 1555; x_wconf 93' lang='lat' dir='ltr'>ad</span> <span class='ocrx_word' id='word_1_158' title='bbox 580 1525 741 1566; x_wconf 86' lang='lat' dir='ltr'>pacem</span> <span class='ocrx_word' id='word_1_159' title='bbox 767 1516 811 1554; x_wconf 92' lang='lat' dir='ltr'>et</span> <span class='ocrx_word' id='word_1_160' title='bbox 836 1512 1055 1554; x_wconf 87' lang='lat' dir='ltr'>unionem</span> <span class='ocrx_word' id='word_1_161' title='bbox 1081 1513 1242 1554; x_wconf 73' lang='lat' dir='ltr'>venire</span> <span class='ocrx_word' id='word_1_162' title='bbox 1269 1512 1500 1566; x_wconf 88' lang='lat' dir='ltr'>possimus</span> <span class='ocrx_word' id='word_1_163' title='bbox 1525 1513 1723 1554; x_wconf 87' lang='lat' dir='ltr'>ecclesie</span> <span class='ocrx_word' id='word_1_164' title='bbox 1748 1524 1897 1554; x_wconf 90' lang='lat' dir='ltr'>sacro—</span> 
     </span>
     <span class='ocr_line' id='line_1_20' title="bbox 130 1585 300 1626; baseline 0.006 -1"><span class='ocrx_word' id='word_1_165' title='bbox 130 1585 300 1626; x_wconf 86' lang='lat' dir='ltr'>sancte.</span> 
     </span>
    </p>

    <p class='ocr_par' dir='ltr' id='par_1_3' title="bbox 129 1653 1895 2060">
     <span class='ocr_line' id='line_1_21' title="bbox 248 1653 1895 1708; baseline -0.001 -13"><span class='ocrx_word' id='word_1_166' title='bbox 248 1654 333 1697; x_wconf 91' lang='lat' dir='ltr'>Die</span> <span class='ocrx_word' id='word_1_167' title='bbox 354 1653 465 1697; x_wconf 91' lang='lat' dir='ltr'>luna</span> <span class='ocrx_word' id='word_1_168' title='bbox 488 1654 647 1708; x_wconf 89' lang='lat' dir='ltr'>quinta</span> <span class='ocrx_word' id='word_1_169' title='bbox 668 1654 778 1696; x_wconf 82' lang='lat' dir='ltr'>Julii</span> <span class='ocrx_word' id='word_1_170' title='bbox 803 1666 900 1706; x_wconf 83' lang='lat' dir='ltr'>rex,</span> <span class='ocrx_word' id='word_1_171' title='bbox 924 1654 1000 1707; x_wconf 88' lang='lat' dir='ltr'>qui</span> <span class='ocrx_word' id='word_1_172' title='bbox 1025 1658 1161 1696; x_wconf 89' lang='lat' dir='ltr'>antea</span> <span class='ocrx_word' id='word_1_173' title='bbox 1184 1666 1296 1707; x_wconf 90' lang='lat' dir='ltr'>sepe</span> <span class='ocrx_word' id='word_1_174' title='bbox 1319 1654 1471 1696; x_wconf 81' lang='lat' dir='ltr'>fuerat</span> <span class='ocrx_word' id='word_1_175' title='bbox 1494 1654 1761 1706; x_wconf 89' lang='lat' dir='ltr'>requisitus,</span> <span class='ocrx_word' id='word_1_176' title='bbox 1783 1653 1895 1695; x_wconf 87' lang='lat' dir='ltr'>dare</span> 
     </span>
     <span class='ocr_line' id='line_1_22' title="bbox 130 1723 1895 1778; baseline -0.002 -12"><span class='ocrx_word' id='word_1_177' title='bbox 130 1736 355 1777; x_wconf 89' lang='lat' dir='ltr'>responsa</span> <span class='ocrx_word' id='word_1_178' title='bbox 383 1725 441 1766; x_wconf 91' lang='lat' dir='ltr'>de</span> <span class='ocrx_word' id='word_1_179' title='bbox 470 1725 634 1767; x_wconf 89' lang='lat' dir='ltr'>cedula</span> <span class='ocrx_word' id='word_1_180' title='bbox 664 1725 960 1767; x_wconf 78' lang='lat' dir='ltr'>securitatum</span> <span class='ocrx_word' id='word_1_181' title='bbox 991 1725 1079 1767; x_wconf 93' lang='lat' dir='ltr'>sibi</span> <span class='ocrx_word' id='word_1_182' title='bbox 1108 1728 1321 1778; x_wconf 84' lang='lat' dir='ltr'>porrecta</span> <span class='ocrx_word' id='word_1_183' title='bbox 1350 1728 1394 1766; x_wconf 92' lang='lat' dir='ltr'>et</span> <span class='ocrx_word' id='word_1_184' title='bbox 1422 1724 1744 1777; x_wconf 89' lang='lat' dir='ltr'>responderat,</span> <span class='ocrx_word' id='word_1_185' title='bbox 1774 1723 1895 1776; x_wconf 88' lang='lat' dir='ltr'>quod</span> 
     </span>
     <span class='ocr_line' id='line_1_23' title="bbox 131 1794 1894 1848; baseline -0.001 -11"><span class='ocrx_word' id='word_1_186' title='bbox 131 1795 414 1838; x_wconf 88' lang='lat' dir='ltr'>deliberaret</span> <span class='ocrx_word' id='word_1_187' title='bbox 439 1808 540 1837; x_wconf 91' lang='lat' dir='ltr'>cum</span> <span class='ocrx_word' id='word_1_188' title='bbox 565 1796 838 1838; x_wconf 87' lang='lat' dir='ltr'>nacionibus</span> <span class='ocrx_word' id='word_1_189' title='bbox 865 1795 1115 1838; x_wconf 80' lang='lat' dir='ltr'>Germanic</span> <span class='ocrx_word' id='word_1_190' title='bbox 1142 1799 1187 1837; x_wconf 92' lang='lat' dir='ltr'>et</span> <span class='ocrx_word' id='word_1_191' title='bbox 1211 1795 1392 1848; x_wconf 82' lang='lat' dir='ltr'>Anglie,</span> <span class='ocrx_word' id='word_1_192' title='bbox 1418 1796 1541 1836; x_wconf 89' lang='lat' dir='ltr'>misit</span> <span class='ocrx_word' id='word_1_193' title='bbox 1568 1795 1626 1837; x_wconf 90' lang='lat' dir='ltr'>ad</span> <span class='ocrx_word' id='word_1_194' title='bbox 1650 1794 1894 1847; x_wconf 89' lang='lat' dir='ltr'>collegium</span> 
     </span>
     <span class='ocr_line' id='line_1_24' title="bbox 129 1865 1895 1919; baseline -0.002 -11"><span class='ocrx_word' id='word_1_195' title='bbox 129 1865 434 1908; x_wconf 88' lang='lat' dir='ltr'>cardinalium</span> <span class='ocrx_word' id='word_1_196' title='bbox 459 1866 505 1907; x_wconf 92' lang='lat' dir='ltr'>in</span> <span class='ocrx_word' id='word_1_197' title='bbox 527 1866 711 1919; x_wconf 89' lang='lat' dir='ltr'>scriptis</span> <span class='ocrx_word' id='word_1_198' title='bbox 734 1866 1087 1919; x_wconf 88' lang='lat' dir='ltr'>responsionem</span> <span class='ocrx_word' id='word_1_199' title='bbox 1111 1879 1241 1908; x_wconf 86' lang='lat' dir='ltr'>suam</span> <span class='ocrx_word' id='word_1_200' title='bbox 1266 1867 1311 1907; x_wconf 92' lang='lat' dir='ltr'>in</span> <span class='ocrx_word' id='word_1_201' title='bbox 1334 1865 1484 1908; x_wconf 80' lang='lat' dir='ltr'>forma</span> <span class='ocrx_word' id='word_1_202' title='bbox 1507 1865 1734 1918; x_wconf 89' lang='lat' dir='ltr'>sequenti,</span> <span class='ocrx_word' id='word_1_203' title='bbox 1759 1877 1895 1918; x_wconf 88' lang='lat' dir='ltr'>quam</span> 
     </span>
     <span class='ocr_line' id='line_1_25' title="bbox 129 1935 1894 1990; baseline -0.002 -11"><span class='ocrx_word' id='word_1_204' title='bbox 129 1935 372 1979; x_wconf 85' lang='lat' dir='ltr'>fabricavit</span> <span class='ocrx_word' id='word_1_205' title='bbox 394 1936 658 1990; x_wconf 88' lang='lat' dir='ltr'>patriarcha</span> <span class='ocrx_word' id='word_1_206' title='bbox 680 1937 1010 1989; x_wconf 88' lang='lat' dir='ltr'>Antiochenus,</span> <span class='ocrx_word' id='word_1_207' title='bbox 1033 1940 1080 1978; x_wconf 91' lang='lat' dir='ltr'>ut</span> <span class='ocrx_word' id='word_1_208' title='bbox 1100 1937 1317 1988; x_wconf 85' lang='lat' dir='ltr'>creditur,</span> <span class='ocrx_word' id='word_1_209' title='bbox 1341 1936 1417 1989; x_wconf 92' lang='lat' dir='ltr'>qui</span> <span class='ocrx_word' id='word_1_210' title='bbox 1439 1936 1581 1977; x_wconf 87' lang='lat' dir='ltr'>nichil</span> <span class='ocrx_word' id='word_1_211' title='bbox 1605 1935 1705 1978; x_wconf 91' lang='lat' dir='ltr'>sine</span> <span class='ocrx_word' id='word_1_212' title='bbox 1728 1935 1894 1977; x_wconf 83' lang='lat' dir='ltr'>fraude</span> 
     </span>
     <span class='ocr_line' id='line_1_26' title="bbox 130 2005 1469 2060; baseline 0 -12"><span class='ocrx_word' id='word_1_213' title='bbox 130 2005 306 2050; x_wconf 90' lang='lat' dir='ltr'>inclusa</span> <span class='ocrx_word' id='word_1_214' title='bbox 332 2008 485 2060; x_wconf 88' lang='lat' dir='ltr'>sciret,</span> <span class='ocrx_word' id='word_1_215' title='bbox 510 2007 686 2050; x_wconf 80' lang='lat' dir='ltr'>faceret</span> <span class='ocrx_word' id='word_1_216' title='bbox 712 2008 785 2050; x_wconf 84' lang='lat' dir='ltr'>vel</span> <span class='ocrx_word' id='word_1_217' title='bbox 813 2007 972 2059; x_wconf 89' lang='lat' dir='ltr'>nollet,</span> <span class='ocrx_word' id='word_1_218' title='bbox 998 2011 1046 2049; x_wconf 92' lang='lat' dir='ltr'>ut</span> <span class='ocrx_word' id='word_1_219' title='bbox 1072 2007 1128 2049; x_wconf 92' lang='lat' dir='ltr'>de</span> <span class='ocrx_word' id='word_1_220' title='bbox 1155 2019 1210 2049; x_wconf 92' lang='lat' dir='ltr'>eo</span> <span class='ocrx_word' id='word_1_221' title='bbox 1237 2007 1360 2049; x_wconf 80' lang='lat' dir='ltr'>fama</span> <span class='ocrx_word' id='word_1_222' title='bbox 1387 2010 1469 2048; x_wconf 91' lang='lat' dir='ltr'>est.</span> 
     </span>
    </p>

    <p class='ocr_par' dir='ltr' id='par_1_4' title="bbox 129 2076 1895 2413">
     <span class='ocr_line' id='line_1_27' title="bbox 248 2076 1895 2130; baseline -0.002 -10"><span class='ocrx_word' id='word_1_223' title='bbox 248 2078 299 2120; x_wconf 92' lang='lat' dir='ltr'>In</span> <span class='ocrx_word' id='word_1_224' title='bbox 333 2078 498 2121; x_wconf 90' lang='lat' dir='ltr'>cedula</span> <span class='ocrx_word' id='word_1_225' title='bbox 532 2078 574 2120; x_wconf 89' lang='lat' dir='ltr'>d.</span> <span class='ocrx_word' id='word_1_226' title='bbox 609 2078 914 2120; x_wconf 90' lang='lat' dir='ltr'>cardinalium</span> <span class='ocrx_word' id='word_1_227' title='bbox 951 2081 995 2119; x_wconf 90' lang='lat' dir='ltr'>et</span> <span class='ocrx_word' id='word_1_228' title='bbox 1029 2077 1273 2120; x_wconf 88' lang='lat' dir='ltr'>nacionum</span> <span class='ocrx_word' id='word_1_229' title='bbox 1309 2077 1437 2130; x_wconf 88' lang='lat' dir='ltr'>ipsis,</span> <span class='ocrx_word' id='word_1_230' title='bbox 1472 2080 1518 2118; x_wconf 91' lang='lat' dir='ltr'>ut</span> <span class='ocrx_word' id='word_1_231' title='bbox 1553 2077 1722 2129; x_wconf 90' lang='lat' dir='ltr'>dicunt,</span> <span class='ocrx_word' id='word_1_232' title='bbox 1757 2076 1895 2118; x_wconf 89' lang='lat' dir='ltr'>adhe-</span> 
     </span>
     <span class='ocr_line' id='line_1_28' title="bbox 130 2146 1893 2202; baseline -0.001 -13"><span class='ocrx_word' id='word_1_233' title='bbox 130 2149 334 2190; x_wconf 89' lang='lat' dir='ltr'>rencium</span> <span class='ocrx_word' id='word_1_234' title='bbox 375 2148 466 2190; x_wconf 93' lang='lat' dir='ltr'>duo</span> <span class='ocrx_word' id='word_1_235' title='bbox 507 2148 649 2202; x_wconf 90' lang='lat' dir='ltr'>petita</span> <span class='ocrx_word' id='word_1_236' title='bbox 690 2149 984 2190; x_wconf 88' lang='lat' dir='ltr'>continentur</span> <span class='ocrx_word' id='word_1_237' title='bbox 1026 2148 1073 2189; x_wconf 92' lang='lat' dir='ltr'>in</span> <span class='ocrx_word' id='word_1_238' title='bbox 1114 2148 1301 2192; x_wconf 80' lang='lat' dir='ltr'>effectu.</span> <span class='ocrx_word' id='word_1_239' title='bbox 1359 2148 1561 2189; x_wconf 85' lang='lat' dir='ltr'>Primum</span> <span class='ocrx_word' id='word_1_240' title='bbox 1604 2147 1726 2200; x_wconf 90' lang='lat' dir='ltr'>quod</span> <span class='ocrx_word' id='word_1_241' title='bbox 1768 2146 1893 2199; x_wconf 85' lang='lat' dir='ltr'>regia</span> 
     </span>
     <span class='ocr_line' id='line_1_29' title="bbox 130 2219 1894 2272; baseline -0.002 -11"><span class='ocrx_word' id='word_1_242' title='bbox 130 2220 346 2262; x_wconf 87' lang='lat' dir='ltr'>maiestas</span> <span class='ocrx_word' id='word_1_243' title='bbox 377 2222 589 2272; x_wconf 90' lang='lat' dir='ltr'>prestare</span> <span class='ocrx_word' id='word_1_244' title='bbox 623 2219 734 2261; x_wconf 87' lang='lat' dir='ltr'>velit</span> <span class='ocrx_word' id='word_1_245' title='bbox 766 2220 953 2272; x_wconf 90' lang='lat' dir='ltr'>plenam</span> <span class='ocrx_word' id='word_1_246' title='bbox 986 2219 1249 2261; x_wconf 87' lang='lat' dir='ltr'>libertatem</span> <span class='ocrx_word' id='word_1_247' title='bbox 1282 2222 1326 2261; x_wconf 90' lang='lat' dir='ltr'>et</span> <span class='ocrx_word' id='word_1_248' title='bbox 1359 2219 1654 2261; x_wconf 90' lang='lat' dir='ltr'>securitatem</span> <span class='ocrx_word' id='word_1_249' title='bbox 1687 2220 1777 2259; x_wconf 90' lang='lat' dir='ltr'>tam</span> <span class='ocrx_word' id='word_1_250' title='bbox 1810 2230 1894 2270; x_wconf 92' lang='lat' dir='ltr'>pro</span> 
     </span>
     <span class='ocr_line' id='line_1_30' title="bbox 129 2288 1893 2343; baseline -0.002 -12"><span class='ocrx_word' id='word_1_251' title='bbox 129 2290 362 2332; x_wconf 90' lang='lat' dir='ltr'>eleccione</span> <span class='ocrx_word' id='word_1_252' title='bbox 401 2290 543 2332; x_wconf 84' lang='lat' dir='ltr'>futuri</span> <span class='ocrx_word' id='word_1_253' title='bbox 583 2290 775 2332; x_wconf 89' lang='lat' dir='ltr'>Romani</span> <span class='ocrx_word' id='word_1_254' title='bbox 813 2290 1049 2343; x_wconf 81' lang='lat' dir='ltr'>pontificis</span> <span class='ocrx_word' id='word_1_255' title='bbox 1087 2302 1223 2342; x_wconf 91' lang='lat' dir='ltr'>quam</span> <span class='ocrx_word' id='word_1_256' title='bbox 1263 2302 1347 2342; x_wconf 94' lang='lat' dir='ltr'>pro</span> <span class='ocrx_word' id='word_1_257' title='bbox 1384 2289 1521 2331; x_wconf 89' lang='lat' dir='ltr'>certis</span> <span class='ocrx_word' id='word_1_258' title='bbox 1559 2288 1605 2330; x_wconf 92' lang='lat' dir='ltr'>in</span> <span class='ocrx_word' id='word_1_259' title='bbox 1640 2288 1727 2330; x_wconf 90' lang='lat' dir='ltr'>hoc</span> <span class='ocrx_word' id='word_1_260' title='bbox 1764 2300 1893 2330; x_wconf 90' lang='lat' dir='ltr'>sacro</span> 
     </span>
     <span class='ocr_line' id='line_1_31' title="bbox 129 2360 551 2413; baseline 0.002 -12"><span class='ocrx_word' id='word_1_261' title='bbox 129 2360 320 2403; x_wconf 88' lang='lat' dir='ltr'>concilio</span> <span class='ocrx_word' id='word_1_262' title='bbox 345 2360 551 2413; x_wconf 90' lang='lat' dir='ltr'>agendis.</span> 
     </span>
    </p>

    <p class='ocr_par' dir='ltr' id='par_1_5' title="bbox 129 2429 1892 2554">
     <span class='ocr_line' id='line_1_32' title="bbox 243 2429 1892 2483; baseline -0.002 -11"><span class='ocrx_word' id='word_1_263' title='bbox 243 2429 520 2483; x_wconf 89' lang='lat' dir='ltr'>Secundum,</span> <span class='ocrx_word' id='word_1_264' title='bbox 549 2431 671 2483; x_wconf 91' lang='lat' dir='ltr'>quod</span> <span class='ocrx_word' id='word_1_265' title='bbox 701 2430 784 2473; x_wconf 84' lang='lat' dir='ltr'>fiat</span> <span class='ocrx_word' id='word_1_266' title='bbox 813 2430 1049 2472; x_wconf 90' lang='lat' dir='ltr'>decretum</span> <span class='ocrx_word' id='word_1_267' title='bbox 1081 2443 1222 2483; x_wconf 91' lang='lat' dir='ltr'>super</span> <span class='ocrx_word' id='word_1_268' title='bbox 1253 2429 1401 2481; x_wconf 91' lang='lat' dir='ltr'>modo,</span> <span class='ocrx_word' id='word_1_269' title='bbox 1431 2429 1580 2471; x_wconf 85' lang='lat' dir='ltr'>forma</span> <span class='ocrx_word' id='word_1_270' title='bbox 1611 2432 1656 2471; x_wconf 91' lang='lat' dir='ltr'>et</span> <span class='ocrx_word' id='word_1_271' title='bbox 1684 2432 1892 2480; x_wconf 88' lang='lat' dir='ltr'>tempore</span> 
     </span>
     <span class='ocr_line' id='line_1_33' title="bbox 129 2499 641 2554; baseline 0.004 -13"><span class='ocrx_word' id='word_1_272' title='bbox 129 2499 332 2554; x_wconf 86' lang='lat' dir='ltr'>eligendi</span> <span class='ocrx_word' id='word_1_273' title='bbox 361 2514 530 2554; x_wconf 91' lang='lat' dir='ltr'>papam</span> <span class='ocrx_word' id='word_1_274' title='bbox 558 2504 641 2543; x_wconf 91' lang='lat' dir='ltr'>etc.</span> 
     </span>
    </p>

    <p class='ocr_par' dir='ltr' id='par_1_6' title="bbox 129 2569 1893 2905">
     <span class='ocr_line' id='line_1_34' title="bbox 244 2569 1891 2625; baseline -0.002 -12"><span class='ocrx_word' id='word_1_275' title='bbox 244 2571 315 2613; x_wconf 87' lang='lat' dir='ltr'>Ad</span> <span class='ocrx_word' id='word_1_276' title='bbox 339 2572 538 2625; x_wconf 88' lang='lat' dir='ltr'>primum</span> <span class='ocrx_word' id='word_1_277' title='bbox 564 2572 770 2624; x_wconf 90' lang='lat' dir='ltr'>deputati</span> <span class='ocrx_word' id='word_1_278' title='bbox 797 2571 843 2612; x_wconf 94' lang='lat' dir='ltr'>in</span> <span class='ocrx_word' id='word_1_279' title='bbox 868 2572 952 2613; x_wconf 86' lang='lat' dir='ltr'>hac</span> <span class='ocrx_word' id='word_1_280' title='bbox 977 2571 1170 2613; x_wconf 87' lang='lat' dir='ltr'>materia</span> <span class='ocrx_word' id='word_1_281' title='bbox 1196 2570 1408 2612; x_wconf 79' lang='lat' dir='ltr'>advisant</span> <span class='ocrx_word' id='word_1_282' title='bbox 1432 2582 1516 2623; x_wconf 90' lang='lat' dir='ltr'>per</span> <span class='ocrx_word' id='word_1_283' title='bbox 1542 2569 1891 2612; x_wconf 86' lang='lat' dir='ltr'>serenissimum</span> 
     </span>
     <span class='ocr_line' id='line_1_35' title="bbox 130 2639 1892 2695; baseline -0.002 -13"><span class='ocrx_word' id='word_1_284' title='bbox 130 2639 171 2683; x_wconf 92' lang='lat' dir='ltr'>d.</span> <span class='ocrx_word' id='word_1_285' title='bbox 203 2645 410 2684; x_wconf 90' lang='lat' dir='ltr'>nostrum</span> <span class='ocrx_word' id='word_1_286' title='bbox 444 2654 600 2695; x_wconf 86' lang='lat' dir='ltr'>regem</span> <span class='ocrx_word' id='word_1_287' title='bbox 636 2641 1030 2694; x_wconf 85' lang='lat' dir='ltr'>respondendum,</span> <span class='ocrx_word' id='word_1_288' title='bbox 1065 2641 1187 2694; x_wconf 90' lang='lat' dir='ltr'>quod</span> <span class='ocrx_word' id='word_1_289' title='bbox 1220 2641 1320 2694; x_wconf 90' lang='lat' dir='ltr'>ipse</span> <span class='ocrx_word' id='word_1_290' title='bbox 1354 2644 1544 2694; x_wconf 89' lang='lat' dir='ltr'>paratus</span> <span class='ocrx_word' id='word_1_291' title='bbox 1578 2643 1647 2681; x_wconf 90' lang='lat' dir='ltr'>est</span> <span class='ocrx_word' id='word_1_292' title='bbox 1680 2642 1892 2692; x_wconf 84' lang='lat' dir='ltr'>prestare</span> 
     </span>
     <span class='ocr_line' id='line_1_36' title="bbox 130 2710 1893 2765; baseline -0.002 -12"><span class='ocrx_word' id='word_1_293' title='bbox 130 2711 390 2754; x_wconf 90' lang='lat' dir='ltr'>libertatem</span> <span class='ocrx_word' id='word_1_294' title='bbox 419 2716 463 2754; x_wconf 91' lang='lat' dir='ltr'>et</span> <span class='ocrx_word' id='word_1_295' title='bbox 492 2713 786 2755; x_wconf 90' lang='lat' dir='ltr'>securitatem</span> <span class='ocrx_word' id='word_1_296' title='bbox 815 2712 982 2765; x_wconf 89' lang='lat' dir='ltr'>petitas</span> <span class='ocrx_word' id='word_1_297' title='bbox 1014 2713 1139 2753; x_wconf 85' lang='lat' dir='ltr'>iuxta</span> <span class='ocrx_word' id='word_1_298' title='bbox 1169 2711 1351 2752; x_wconf 86' lang='lat' dir='ltr'>modum</span> <span class='ocrx_word' id='word_1_299' title='bbox 1382 2714 1427 2752; x_wconf 91' lang='lat' dir='ltr'>et</span> <span class='ocrx_word' id='word_1_300' title='bbox 1456 2710 1652 2752; x_wconf 87' lang='lat' dir='ltr'>formam</span> <span class='ocrx_word' id='word_1_301' title='bbox 1681 2722 1765 2762; x_wconf 89' lang='lat' dir='ltr'>per</span> <span class='ocrx_word' id='word_1_302' title='bbox 1794 2721 1893 2750; x_wconf 85' lang='lat' dir='ltr'>ora-</span> 
     </span>
     <span class='ocr_line' id='line_1_37' title="bbox 129 2779 1892 2835; baseline -0.002 -13"><span class='ocrx_word' id='word_1_303' title='bbox 129 2783 252 2825; x_wconf 93' lang='lat' dir='ltr'>tores</span> <span class='ocrx_word' id='word_1_304' title='bbox 282 2795 390 2826; x_wconf 89' lang='lat' dir='ltr'>suos</span> <span class='ocrx_word' id='word_1_305' title='bbox 421 2782 615 2835; x_wconf 86' lang='lat' dir='ltr'>oblatos,</span> <span class='ocrx_word' id='word_1_306' title='bbox 646 2782 845 2824; x_wconf 88' lang='lat' dir='ltr'>decretis</span> <span class='ocrx_word' id='word_1_307' title='bbox 876 2781 1055 2824; x_wconf 89' lang='lat' dir='ltr'>concilii</span> <span class='ocrx_word' id='word_1_308' title='bbox 1089 2793 1275 2834; x_wconf 89' lang='lat' dir='ltr'>semper</span> <span class='ocrx_word' id='word_1_309' title='bbox 1307 2781 1462 2833; x_wconf 79' lang='lat' dir='ltr'>salviS,</span> <span class='ocrx_word' id='word_1_310' title='bbox 1494 2784 1538 2822; x_wconf 91' lang='lat' dir='ltr'>et</span> <span class='ocrx_word' id='word_1_311' title='bbox 1572 2780 1615 2821; x_wconf 89' lang='lat' dir='ltr'>id</span> <span class='ocrx_word' id='word_1_312' title='bbox 1648 2780 1744 2821; x_wconf 82' lang='lat' dir='ltr'>vult</span> <span class='ocrx_word' id='word_1_313' title='bbox 1775 2779 1892 2820; x_wconf 86' lang='lat' dir='ltr'>cele-</span> 
     </span>
     <span class='ocr_line' id='line_1_38' title="bbox 131 2851 1222 2905; baseline 0 -12"><span class='ocrx_word' id='word_1_314' title='bbox 131 2852 243 2894; x_wconf 90' lang='lat' dir='ltr'>riter</span> <span class='ocrx_word' id='word_1_315' title='bbox 267 2855 312 2895; x_wconf 88' lang='lat' dir='ltr'>et</span> <span class='ocrx_word' id='word_1_316' title='bbox 337 2853 596 2895; x_wconf 87' lang='lat' dir='ltr'>liberaliter</span> <span class='ocrx_word' id='word_1_317' title='bbox 620 2865 721 2894; x_wconf 89' lang='lat' dir='ltr'>cum</span> <span class='ocrx_word' id='word_1_318' title='bbox 748 2852 921 2894; x_wconf 85' lang='lat' dir='ltr'>effectu</span> <span class='ocrx_word' id='word_1_319' title='bbox 950 2851 1222 2905; x_wconf 89' lang='lat' dir='ltr'>adimplere.</span> 
     </span>
    </p>

    <p class='ocr_par' dir='ltr' id='par_1_7' title="bbox 130 2920 1890 3115">
     <span class='ocr_line' id='line_1_39' title="bbox 244 2920 1889 2975; baseline -0.004 -10"><span class='ocrx_word' id='word_1_320' title='bbox 244 2923 315 2965; x_wconf 81' lang='lat' dir='ltr'>Ad</span> <span class='ocrx_word' id='word_1_321' title='bbox 346 2923 615 2975; x_wconf 88' lang='lat' dir='ltr'>secundum,</span> <span class='ocrx_word' id='word_1_322' title='bbox 646 2923 782 2975; x_wconf 88' lang='lat' dir='ltr'>quod,</span> <span class='ocrx_word' id='word_1_323' title='bbox 815 2935 916 2965; x_wconf 89' lang='lat' dir='ltr'>cum</span> <span class='ocrx_word' id='word_1_324' title='bbox 949 2935 1031 2965; x_wconf 89' lang='lat' dir='ltr'>sua</span> <span class='ocrx_word' id='word_1_325' title='bbox 1065 2935 1154 2963; x_wconf 90' lang='lat' dir='ltr'>non</span> <span class='ocrx_word' id='word_1_326' title='bbox 1189 2922 1371 2963; x_wconf 83' lang='lat' dir='ltr'>intersit</span> <span class='ocrx_word' id='word_1_327' title='bbox 1403 2921 1558 2962; x_wconf 84' lang='lat' dir='ltr'>facere</span> <span class='ocrx_word' id='word_1_328' title='bbox 1592 2920 1776 2961; x_wconf 89' lang='lat' dir='ltr'>decreta</span> <span class='ocrx_word' id='word_1_329' title='bbox 1808 2930 1889 2959; x_wconf 89' lang='lat' dir='ltr'>seu</span> 
     </span>
     <span class='ocr_line' id='line_1_40' title="bbox 130 2988 1890 3046; baseline -0.003 -12"><span class='ocrx_word' id='word_1_330' title='bbox 130 2994 294 3036; x_wconf 85' lang='lat' dir='ltr'>statuta</span> <span class='ocrx_word' id='word_1_331' title='bbox 328 2993 386 3036; x_wconf 92' lang='lat' dir='ltr'>de</span> <span class='ocrx_word' id='word_1_332' title='bbox 420 2993 584 3046; x_wconf 86' lang='lat' dir='ltr'>forma,</span> <span class='ocrx_word' id='word_1_333' title='bbox 619 2993 754 3035; x_wconf 91' lang='lat' dir='ltr'>modo</span> <span class='ocrx_word' id='word_1_334' title='bbox 789 3006 870 3035; x_wconf 91' lang='lat' dir='ltr'>seu</span> <span class='ocrx_word' id='word_1_335' title='bbox 905 2996 1114 3046; x_wconf 85' lang='lat' dir='ltr'>tempore</span> <span class='ocrx_word' id='word_1_336' title='bbox 1149 2991 1397 3034; x_wconf 88' lang='lat' dir='ltr'>eleccionis</span> <span class='ocrx_word' id='word_1_337' title='bbox 1433 2990 1606 3041; x_wconf 83' lang='lat' dir='ltr'>t&#39;iende‚</span> <span class='ocrx_word' id='word_1_338' title='bbox 1641 2988 1890 3031; x_wconf 90' lang='lat' dir='ltr'>obremittit</span> 
     </span>
     <span class='ocr_line' id='line_1_41' title="bbox 130 3059 1887 3115; baseline -0.003 -10"><span class='ocrx_word' id='word_1_339' title='bbox 130 3063 400 3106; x_wconf 88' lang='lat' dir='ltr'>nacionibus</span> <span class='ocrx_word' id='word_1_340' title='bbox 435 3067 480 3106; x_wconf 91' lang='lat' dir='ltr'>et</span> <span class='ocrx_word' id='word_1_341' title='bbox 516 3064 619 3106; x_wconf 88' lang='lat' dir='ltr'>huic</span> <span class='ocrx_word' id='word_1_342' title='bbox 654 3076 785 3106; x_wconf 88' lang='lat' dir='ltr'>sacro</span> <span class='ocrx_word' id='word_1_343' title='bbox 820 3063 1027 3115; x_wconf 90' lang='lat' dir='ltr'>concilio,</span> <span class='ocrx_word' id='word_1_344' title='bbox 1065 3062 1122 3104; x_wconf 91' lang='lat' dir='ltr'>ad</span> <span class='ocrx_word' id='word_1_345' title='bbox 1160 3062 1282 3114; x_wconf 87' lang='lat' dir='ltr'>quod</span> <span class='ocrx_word' id='word_1_346' title='bbox 1318 3063 1493 3114; x_wconf 88' lang='lat' dir='ltr'>spectat</span> <span class='ocrx_word' id='word_1_347' title='bbox 1529 3060 1637 3102; x_wconf 89' lang='lat' dir='ltr'>talia</span> <span class='ocrx_word' id='word_1_348' title='bbox 1674 3059 1887 3101; x_wconf 89' lang='lat' dir='ltr'>condere.</span> 
     </span>
    </p>
   </div>
  </div>
 </body>
</html>
