2102 3444
247 123 333 166 336
785 123 809 156 l.
836 122 1046 157 Abschnitt.
1085 121 1485 166 Konzilstagebiicher.

250 244 364 295 erat,
389 245 632 295 postquam
660 242 1015 294 responsionem
1040 244 1086 282 et
1111 240 1343 283 licentiam
1368 241 1671 294 habebamus,
1696 242 1819 294 quod
1845 254 1903 284 ex
1927 244 2021 284 toto

252 312 580 355 recederemus
602 315 678 354 aut
700 324 847 365 usque
871 312 928 354 ad
952 314 1159 353 sanctum
1183 311 1405 354 Jacobum
1429 312 1772 365 recederemus,
1793 324 1879 366 per
1900 313 2022 354 hunc

252 384 400 424 locum
431 395 592 425 omnes
624 395 707 424 seu
740 383 904 424 saltem
936 382 1077 435 aliqui
1112 385 1320 424 nostrum
1353 384 1589 426 reversuri
1622 396 1707 436 pro
1739 383 1909 426 melius
1939 384 2022 426 sci-

251 454 372 495 endo
398 455 454 496 de
483 453 786 506 dispositione
814 453 1103 506 negotiorum
1130 456 1174 495 et
1201 454 1538 496 acceleratione
1564 454 1950 496 ambassiatorum
1978 457 2022 496 et

253 525 448 566 aliorum
488 524 773 577 agendorum
814 524 858 565 in
898 525 985 566 isto
1024 536 1181 577 regno.
1232 524 1299 566 Ob
1338 525 1461 578 quod
1499 524 1711 578 dispositi
1749 523 1923 568 fuimus
1962 525 2022 567 ita

252 596 408 637 t'acere
438 599 482 637 et
509 607 610 637 cras
639 594 848 650 abhinc⁴¹)
880 595 1104 643 recedere
1132 599 1177 637 et
1204 598 1366 648 postea
1397 597 1441 637 in
1470 596 1674 638 Navarra
1704 595 1891 638 insimul
1919 608 2023 638 con-

254 666 412 707 venire
454 678 540 719 pro
583 666 836 708 obtinendo
878 666 1239 719 publica-‘ionem
1283 667 1611 708 subtractionis
1651 679 1737 720 per
1778 666 1820 709 d.
1865 679 2022 720 regem

254 737 386 787 nobis
413 749 640 789 expresse
667 736 946 789 promissam
974 740 1021 779 et
1050 750 1192 790 super
1219 750 1275 780 ea
1303 737 1578 779 documenta
1606 737 1838 780 autentica
1866 749 2024 790 repor-
2050 725 2055 728 ’

252 812 365 860 tare,
390 820 533 861 super
555 820 645 861 quo
669 808 773 861 iam,
796 811 1040 861 postquam
1064 808 1137 850 hic
1162 808 1348 860 fuimus,
1371 809 1506 851 trinis
1532 809 1682 861 ipsum
1707 811 1753 850 et
1774 808 1816 850 d.
1839 808 2024 862 protho-

253 879 481 920 notarium
507 878 795 921 visitavimus
822 879 1003 932 litteris,
1031 891 1135 932 que,
1162 883 1211 921 ut
1237 880 1483 932 credimus,
1510 879 1704 921 multum
1729 878 2024 933 profuerunt,
2050 895 2055 900 ·

252 949 359 1001 quia
385 950 429 991 in
456 949 530 991 die
555 950 699 992 sancti
724 950 952 992 Johannis
978 963 1097 992 unus
1122 950 1473 1004 Portugalensis
1498 951 1694 992 veniens
1719 949 1776 991 de
1803 949 2025 992 Constan-

251 1021 319 1063 cia
349 1021 466 1062 dixit
495 1033 544 1063 se
576 1021 622 1062 in
653 1021 728 1063 die
757 1022 968 1074 corporis
998 1021 1167 1064 Christi
1199 1021 1346 1066 fuisse
1377 1024 1660 1074 presentem,
1690 1021 1876 1075 quando
1904 1020 2024 1063 dficta

252 1092 501 1134 subtractio
532 1091 621 1134 fuit
649 1105 734 1145 per
765 1092 934 1134 dictum
965 1093 1007 1134 d.
1039 1104 1212 1145 regem,
1243 1093 1393 1146 primo
1424 1105 1509 1145 per
1540 1092 1581 1134 d.
1612 1091 1950 1145 prothonotarii
1979 1094 2025 1133 et

252 1166 413 1216 postea
449 1176 534 1216 per
569 1163 717 1216 ipsius
753 1164 794 1205 d.
832 1163 922 1205 mei
958 1164 1082 1217 regis
1118 1176 1306 1217 organa,
1344 1164 1616 1205 solemniter
1652 1163 1698 1205 in
1731 1163 1930 1206 ecclesia
1967 1162 2024 1204 de

251 1234 394 1276 Stella
424 1233 609 1287 publice
639 1234 873 1287 publicata
904 1237 948 1276 et
977 1235 1034 1275 de
1064 1235 1148 1276 hoc
1178 1234 1443 1276 habuerunt
1472 1235 1634 1276 literas
1663 1233 2025 1277 ambassiatores

252 1305 357 1347 dicti
386 1305 427 1347 d.
456 1305 579 1358 regis
606 1305 812 1347 Navarre
840 1305 913 1347 hic
940 1306 1211 1359 existentes,
1239 1318 1328 1358 que
1358 1306 1512 1348 onmia
1538 1305 1898 1359 paternitatibus
1925 1317 2025 1347 ves-

252 1376 334 1419 tris
361 1375 518 1417 revmis
544 1389 629 1430 pro
657 1389 818 1418 eorum
847 1376 1039 1429 aliquali
1067 1377 1383 1418 consolatione
1412 1376 1745 1431 significamus,
1774 1389 1889 1430 quas
1917 1388 2025 1430 que-

253 1460 411 1490 sumus
433 1450 678 1490 conservet
699 1446 954 1490 altissimus
977 1447 1104 1489 iuxta
1124 1450 1241 1491 vota.
1277 1446 1439 1500 Script.
1462 1450 1510 1489 ut
1531 1460 1674 1501 supra
1693 1447 1859 1489 XXVI.
1881 1447 2023 1490 Junii.

368 1518 520 1560 Revmi
547 1531 590 1572 p.
621 1521 665 1561 et
694 1518 735 1560 d.
765 1517 1146 1571 prestantissimi!
1190 1517 1316 1560 Licet
1343 1518 1415 1560 hic
1443 1521 1540 1560 tres
1569 1519 1643 1560 vel
1673 1521 1870 1572 quatuor
1898 1517 2025 1560 dum-

252 1592 377 1632 taxat
403 1588 575 1632 nedum
603 1589 750 1632 bonos
777 1589 861 1631 sed
888 1590 1086 1642 optimos
1113 1602 1198 1643 pro
1224 1589 1397 1631 unione
1425 1601 1556 1632 sacra
1584 1588 1935 1643 reperierimus,
1963 1591 2026 1632 at-

252 1664 407 1702 tamen
431 1673 572 1714 super
596 1673 758 1703 omnes
782 1661 1046 1714 reperimus
1070 1660 1369 1714 magnificum
1392 1660 1586 1702 militem
1609 1660 1651 1702 d.
1677 1659 2024 1703 Ferdinandum

256 1731 312 1773 de
357 1732 625 1784 Quinyones
669 1732 898 1773 marinum
945 1732 1169 1774 maiorem
1213 1731 1464 1774 sturiarum
1510 1730 1905 1784 inexplicabiliter
1946 1743 2025 1773 no-

256 1802 325 1844 bis
346 1805 393 1845 et
414 1802 617 1856 negociis
639 1802 812 1845 nostris
835 1803 1095 1845 commissis
1115 1803 1371 1856 propitium
1392 1806 1437 1845 et
1459 1803 1712 1855 specialem
1734 1801 2026 1855 directorem,

253 1873 332 1926 qui
356 1876 422 1915 tot
446 1877 495 1915 et
521 1876 648 1915 tanta
677 1873 842 1916 fecerit
866 1876 914 1915 et
941 1873 1082 1916 faciat
1105 1886 1194 1927 pro
1223 1876 1380 1915 sancta
1408 1874 1596 1926 unione,
1622 1873 1668 1915 id.
1695 1875 1857 1915 nostro
1883 1872 2026 1926 impe-

255 1946 408 1986 ratore
435 1947 479 1986 et
505 1944 863 1997 paternitatibus
890 1944 1058 1986 vestris
1085 1943 1243 1986 revnlis
1271 1943 1367 1987 suis
1393 1944 1529 1987 bonis
1555 1946 1601 1986 et
1627 1956 1830 1998 persone
1858 1943 2027 1986 labori-

254 2015 343 2057 bus
364 2014 552 2057 minime
573 2015 823 2068 parcendo,
845 2028 1000 2068 ymmo
1020 2015 1242 2069 gravibus
1265 2019 1311 2058 et
1332 2014 1547 2058 maximis
1570 2027 1621 2058 se
1641 2013 1862 2068 exposuit
1882 2016 1929 2058 et
1947 2026 2026 2057 ex-

254 2087 384 2138 ponIt
406 2085 628 2139 periculis
653 2089 697 2128 et
722 2087 864 2128 multa
890 2086 989 2128 Deo
1011 2089 1128 2128 teste
1153 2086 1315 2128 habuit
1340 2089 1385 2128 et
1407 2086 1550 2128 habet
1571 2086 1667 2139 pati
1690 2088 1884 2140 propter
1907 2086 2026 2128 veri-

256 2159 394 2198 tatem
418 2157 671 2209 obprobria
694 2161 739 2200 et
762 2157 987 2210 dangeria
1009 2160 1055 2199 et
1077 2158 1281 2210 qualiter
1302 2170 1386 2200 nos
1408 2156 1675 2199 tractaverit
1696 2159 1745 2199 et
1763 2159 1928 2199 tractet
1948 2155 2027 2198 ho-

253 2239 394 2269 nores
424 2226 724 2280 inpendendo
754 2231 799 2270 et
827 2228 1065 2270 commoda
1093 2228 1389 2281 procurando
1418 2230 1462 2269 et
1491 2227 1708 2270 faciendo
1736 2226 1890 2270 omnia
1918 2239 2028 2281 que-

255 2310 436 2351 cunque
454 2298 704 2352 *possibilia
722 2301 768 2340 et
785 2299 910 2341 ultra
930 2311 982 2341 ac
1001 2301 1127 2341 tanta
1148 2299 1194 2340 in
1216 2299 1426 2351 veritate,
1443 2298 1567 2352 quod
1580 2310 1675 2341 non
1688 2310 1935 2352 possemus
1948 2310 2027 2340 ex-

256 2369 445 2421 plicare.
486 2368 711 2422 Ultraque
741 2369 950 2412 laborem
978 2369 1268 2422 presentium
1299 2369 1395 2412 suis
1425 2368 1649 2422 expensis
1675 2368 1810 2411 nobis
1838 2368 2029 2412 tradidit

257 2452 340 2492 pro
368 2439 590 2482 mittendo
618 2439 676 2482 ad
705 2452 785 2482 vos
813 2442 1072 2492 presentes.
1113 2440 1167 2482 Et
1195 2440 1304 2493 quia
1330 2452 1423 2482 non
1452 2440 1584 2482 decet
1611 2440 1723 2483 talia
1748 2442 1912 2482 tenere
1941 2439 2027 2482 sub

257 2509 423 2564 modio,
461 2509 567 2552 ideo
602 2510 962 2563 paternitatibus
998 2510 1168 2553 vestris
1206 2509 1364 2552 revnliS
1401 2523 1457 2553 ea
1495 2509 1815 2564 significamus
1854 2509 2028 2564 suppli-

257 2583 415 2624 cantes
446 2579 698 2635 hum⁸il'iter,
728 2583 779 2623 ut
806 2580 962 2634 ipsuum
995 2584 1041 2623 et
1067 2594 1180 2623 ⁴suos
1213 2582 1314 2624 loco
1346 2585 1392 2624 et
1422 2584 1633 2635 tempore
1664 2581 1842 2624 habere
1874 2579 2028 2624 velitis

257 2652 581 2695 recommissos
606 2654 650 2694 et
676 2651 765 2695 sibi
793 2651 1051 2694 efficaciter
1076 2664 1161 2705 per
1188 2651 1383 2694 latorem
1410 2652 1457 2694 in
1484 2664 1568 2695 suo
1593 2664 1814 2706 regressu
1838 2654 1885 2695 et
1910 2650 2027 2694 alios

257 2722 344 2764 huc
370 2723 614 2765 venientes
641 2722 947 2776 regraciando
973 2722 1194 2776 scribere,
1222 2721 1330 2775 quia
1356 2735 1443 2776 pro
1467 2734 1580 2766 vero
1605 2722 1804 2766 ecclesia
1827 2721 2028 2776 inexpli-

257 2793 467 2836 cabiliter
494 2793 646 2836 eidem
674 2793 918 2847 obligatur.
960 2792 1203 2836 Credimus
1231 2793 1370 2847 enim,
1398 2792 1521 2846 quod
1546 2792 1647 2848 ipse
1666 2792 1784 2836 ⁴illuc
1808 2805 1902 2836 non
1929 2792 2026 2845 ibit,

259 2865 367 2917 quia
396 2864 616 2917 parcialis
646 2877 731 2918 pro
761 2863 896 2907 nobis
927 2863 999 2906 hic
1029 2864 1152 2907 ultra
1182 2863 1368 2907 modum
1399 2866 1660 2918 reputatur3
1694 2866 1896 2908 attamen
1925 2863 2027 2918 ipse

257 2935 396 2977 etiam
426 2937 602 2977 tantum
633 2934 850 2987 proficiet
876 2934 1038 2976 unioni
1066 2935 1140 2976 hic
1170 2937 1216 2976 et
1243 2935 1366 2977 forte
1396 2935 1516 2988 plus,
1546 2947 1685 2988 quam
1712 2935 1754 2977 si
1784 2934 1897 2977 illuc
1923 2935 2026 2977 iret.

363 3040 392 3071 a)
415 3018 596 3065 Bjsfidhuc'
