2102 3444
173 159 256 201 4⁸28
527 158 571 192 ll.
605 158 814 192 Abschuill.
857 160 1062 191 Sermones
1093 158 1241 191 cmcilii
1272 157 1591 193 constanciensis.

231 277 378 329 Reges
418 278 580 328 prelati
620 277 808 329 pariter,
1153 277 1336 329 Pauper
1367 290 1458 319 non
1490 277 1628 319 habet
1660 277 1883 319 honorem

227 347 308 397 Qui
347 347 614 399 dignitatem
651 346 871 398 ambiunt,
1154 347 1387 389 Laudatur
1417 348 1672 390 usurarius.

229 417 529 459 Confundunt
565 418 863 469 generaliter.
1150 418 1364 460 Sanctum
1402 418 1507 459 dicit
1543 418 1762 460 diciorem

228 488 416 529 Jura'et
451 489 597 539 legem
631 487 845 529 abiciunt.
1154 489 1276 542 Papa
1309 489 1476 531 Christi
1509 489 1722 531 vicarius.

229 558 394 600 Clerus
432 558 656 600 claudicat
691 559 896 610 graviter
935 546 939 550 ¹
1151 559 1277 601 Nunc
1308 561 1351 600 in
1380 560 1520 602 bursa
1551 559 1805 602 recluditur

228 629 483 681 Regulares
518 628 755 670 deficiunt.
1150 630 1355 683 Uterque
1386 631 1543 671 mundi
1572 630 1756 683 gladius
1785 665 1793 673 .
1830 665 1837 672 .
1874 664 1882 672 .

227 700 373 741 Homo
401 703 534 741 natus
563 690 630 741 ad*
649 700 858 741 laborem
1151 701 1309 742 Nonne
1342 701 1499 743 vendit
1529 701 1746 743 iudicium

230 770 390 811 Factus
417 774 487 812 est
514 771 834 813 thesaurarius
1151 771 1294 813 Cesar
1328 775 1563 824 augustus,
1596 772 1768 814 nobilis

225 841 465 882 Nummum
493 842 623 894 ponit
651 841 912 883 adiutorum
1152 843 1204 883 Et
1232 855 1352 895 papa
1380 842 1696 884 beneficium?

226 911 457 953 Adoratur
490 912 724 954 denarius.
1149 913 1279 955 Unus
1311 913 1446 955 alteri
1478 913 1643 956 similis
1675 948 1682 955 .
1719 948 1727 955 .
1763 948 1771 956 .

286 1029 578 1071 Reformacio
617 1030 755 1071 debet
794 1043 914 1083 esse,
954 1035 1001 1073 ut
1040 1035 1176 1084 caput
1209 1032 1628 1084 quomodocunque
1668 1031 1724 1074 sit
1762 1044 1939 1074 sanum.

168 1100 335 1142 Videat
362 1113 474 1153 ergo
501 1113 681 1142 sacrum
709 1101 952 1143 concilium
983 1102 1028 1143 in
1056 1102 1284 1155 capitibus
1311 1106 1356 1144 et
1382 1103 1427 1143 in
1456 1102 1692 1145 membris
1732 1102 1941 1144 Prescin-

168 1171 335 1212 dantur
364 1172 512 1214 fastus
540 1173 752 1224 vestium,
782 1176 1003 1225 quantum
1032 1174 1089 1215 ad
1117 1174 1329 1225 colorem¹
1348 1177 1392 1215 et
1420 1174 1619 1226 figuram
1649 1173 1745 1216 sive
1775 1174 1941 1216 scissu-

169 1255 264 1283 ram
290 1277 297 1283 .
334 1277 341 1284 .
378 1277 401 1294 .,
423 1243 646 1284 tollantur
669 1256 808 1285 canes
830 1244 1042 1296 venatici,
1066 1257 1176 1286 aves
1198 1257 1392 1297 rapaces
1414 1248 1458 1286 et
1481 1246 1587 1297 equi
1613 1244 1818 1287 fallerati
1842 1279 1850 1286 .

167 1313 463 1355 aufferantur
499 1315 636 1356 luxus
673 1318 717 1357 et
752 1315 1124 1357 cohabitaciones
1161 1315 1407 1357 mulierum
1445 1316 1796 1368 impudicarum,
1832 1327 1940 1369 qua-

168 1397 267 1425 rum
292 1385 338 1425 in
362 1385 445 1427 hoc
471 1397 601 1427 sacro
625 1386 819 1427 concilio
842 1389 996 1428 tantus
1020 1390 1089 1428 est
1112 1399 1349 1439 numerus,
1374 1390 1421 1428 ut
1445 1387 1597 1438 audio,
1618 1389 1938 1440 congregatus,

167 1456 289 1508 quod
326 1457 505 1509 nephas
543 1461 614 1499 est
651 1457 829 1509 audire,
869 1457 1161 1510 ambigantur
1201 1458 1433 1499 inhonesti
1473 1457 1732 1499 familiares
1771 1458 1817 1499 in
1855 1458 1938 1500 hoc

168 1540 298 1568 sacro
340 1528 533 1569 concilio
577 1528 763 1581 publice
806 1528 1142 1581 turpitudinem
1186 1529 1449 1570 huiusmodi
1493 1532 1757 1582 operantes,
1800 1529 1938 1582 quod,

167 1610 302 1649 quam
329 1598 386 1640 sit
410 1602 544 1651 turpe
572 1602 615 1640 et
641 1599 981 1651 scandalosum,
1008 1599 1205 1641 iudicate
1234 1637 1240 1644 .
1278 1634 1285 1641 .
1322 1634 1329 1641 .

283 1693 346 1734 Ne
379 1727 386 1734 .
423 1727 430 1734 .
467 1728 474 1735 .
506 1694 675 1746 prelati
707 1707 756 1736 se
788 1693 1061 1736 inmisceant
1092 1694 1296 1737 dimissis
1326 1707 1487 1736 eorum
1518 1695 1730 1737 ecclesiis
1759 1697 1804 1736 et
1834 1693 1938 1736 offi-

166 1764 247 1804 ciis
275 1764 478 1817 negociis
507 1765 678 1807 illicitis
706 1769 750 1807 et
777 1765 974 1807 servicio
1001 1765 1327 1818 temporalium
1354 1765 1660 1818 dominorum,
1688 1765 1811 1818 quod
1837 1765 1938 1806 dico

167 1838 393 1886 notanter,
432 1837 507 1887 qui
545 1836 652 1888 quia
689 1849 777 1877 vox
813 1840 883 1878 est
920 1837 965 1877 in
1003 1837 1154 1889 vulgo,
1189 1837 1312 1889 quod
1347 1849 1439 1878 non
1478 1840 1583 1878 sunt
1618 1837 1747 1878 tallie
1783 1848 1936 1889 neque

166 1905 492 1958 imposiciones
523 1906 643 1948 facte
675 1920 759 1960 per
791 1907 1003 1950 dominos
1036 1908 1319 1960 temporales
1350 1907 1439 1949 nisi
1470 1920 1530 1949 ex
1562 1907 1756 1950 consilio
1787 1908 1938 1960 prela-

168 1980 316 2018 torum
362 1981 404 2018 et
448 1991 505 2018 ex
551 1978 728 2019 eisdem
772 1979 980 2020 consiliis
1024 1979 1278 2021 divisiones
1321 1982 1366 2020 et
1410 1979 1605 2021 disci-dia
1649 1979 1791 2021 multa
1835 1991 1938 2021 con-

167 2051 360 2100 surgunt
388 2081 395 2088 .
432 2081 439 2088 .

285 2143 445 2184 Tercia
488 2143 588 2185 dies
630 2147 700 2184 est
740 2144 965 2186 discrecio
1005 2145 1258 2186 electorum
1300 2145 1357 2186 ad
1400 2157 1628 2186 summum
1670 2144 1938 2197 pontificem

166 2213 448 2265 eligendum,
479 2217 525 2255 ut
554 2214 771 2256 videlicet
799 2215 972 2267 eligant
1002 2250 1010 2256 .
1047 2249 1054 2256 .
1091 2249 1099 2257 .
1131 2216 1176 2256 in
1205 2216 1296 2257 vita
1327 2216 1538 2268 probum,
1569 2216 1614 2256 in
1644 2218 1766 2257 etate
1796 2218 1938 2257 matu-

167 2296 282 2334 rum,
317 2284 572 2336 prudencia
607 2285 871 2338 discretum,
908 2286 1074 2327 litteris
1110 2286 1280 2329 divinis
1315 2290 1360 2328 et
1395 2287 1610 2328 humanis
1644 2285 1937 2328 sufficienter

170 2354 452 2407 instructum,
480 2356 770 2408 clementem,
798 2356 1058 2409 liberalem,
1085 2357 1449 2410 misericordem,
1477 2357 1682 2400 sobrium
1710 2361 1755 2399 et
1780 2357 1938 2410 benig,-

166 2437 274 2465 num
305 2428 349 2466 et
380 2425 582 2466 omniurn
615 2439 791 2468 morum
823 2428 1175 2482 conspicuum.¹)

170 2578 279 2620 1416
313 2578 423 2621 Feb.
463 2580 497 2621 1.
537 2606 584 2610 —
622 2580 728 2621 ῑ101)
750 2593 815 2621 (ιη
839 2594 942 2622 nes
984 2581 1132 2623 Plat.

288 2661 311 2693 'l'
327 2672 346 2693 ι’
362 2663 411 2693 ,vl
432 2671 442 2694 .·
482 2661 549 2693 Pal
575 2664 641 2696 :3113
666 2663 691 2703 Ῑ.
722 2664 772 2695 ’1·.).

293 2732 318 2764 l?
334 2742 351 2764 1·
369 2742 397 2763 tr
415 2734 434 2765 (“ι’
453 2733 470 2764 Ι)
494 2742 512 2764 n
530 2734 540 2763 Ι
561 2742 571 2765 .·
612 2732 873 2766 Smmmslblal!
900 2734 968 2766 (les
995 2734 1078 2766 hist.
1116 2734 1269 2767 Vereins
1294 2744 1335 2767 :11
1367 2734 1544 2767 liic-hstiis!
1577 2736 1659 2768 1881
1686 2736 1718 2767 S.
1742 2735 1798 2767 98.

285 2801 306 2842 I
323 2814 347 2842 rn
368 2802 390 2842 1²
412 2815 436 2843 a
454 2803 466 2843 l
485 2808 497 2843 t
516 2816 527 2844 .·
569 2801 949 2855 Marienprediyt.

288 2896 573 2963 Placebit
614 2896 857 2940 domino
897 2898 1293 2940 sacrificium
1337 2900 1491 2941 Juda
1535 2900 1663 2953 (Mal.
1692 2899 1733 2952 3,
1759 2899 1807 2953 4)
1839 2932 1847 2940 .
1882 2931 1891 2939 .
1925 2929 1934 2938 .

288 3062 316 3101 ¹)
345 3061 449 3102 sulm
478 3062 565 3095 noch
595 3062 671 3095 Imb
696 3062 936 3103 Sulis-munds
964 3064 1037 3096 und
1061 3064 1129 3097 (les
1151 3063 1436 3106 franzbse'scloen
1461 3063 1617 3107 Kaniqs.
