2102 3444
318 117 372 159 16
848 116 874 150 I.
909 116 1121 152 Abschnitt.
1169 116 1570 162 Konzilstagebiicher.

437 234 791 288 Consequenter
818 235 905 277 fuit
933 235 1211 289 ordinatum,
1238 236 1361 289 quod
1390 236 1597 290 sabbato,
1625 237 1702 279 die
1729 236 1874 280 tercia
1898 237 2090 280 Novem-

318 305 429 358 bris,
460 305 519 348 ad
548 306 865 358 incipiendum
895 307 1140 348 concilium
1170 306 1309 349 fieret
1338 308 1576 360 processio
1605 311 1650 350 et
1679 308 1821 350 missa
1851 308 2089 352 solemnis.

320 376 375 418 Et
421 376 612 418 suerunt
661 377 762 429 ipso
810 376 884 419 die
933 389 1068 430 papa,
1117 378 1382 421 cardinales
1431 382 1476 421 et
1523 391 1685 421 omnes
1733 379 1903 432 prelati
1951 381 2089 434 atque

318 447 472 490 clerus
497 447 876 491 Constanciensis
899 448 1165 501 congregati
1190 449 1237 490 in
1262 449 1442 502 palacio
1467 453 1513 492 et
1537 450 1685 492 induti
1712 450 1857 492 sacris
1882 449 2091 492 vestibus

318 521 364 560 et
392 522 485 561 tota
514 519 752 572 processio
783 519 1007 563 ordinata.
1053 519 1167 561 Cum
1198 523 1351 562 autem
1381 520 1471 562 iam
1501 519 1867 574 progrederetur
1894 523 1941 563 et
1968 533 2092 575 papa

321 590 410 631 iam
442 590 665 632 exivisset
697 603 929 632 cameram
963 591 1007 632 in
1039 591 1405 644 pontificalibus,
1437 593 1635 645 arripuit
1665 604 1772 633 eum
1803 591 2017 646 egritudo
2046 595 2092 634 et

320 662 556 714 opportuit
587 673 694 702 eum
728 662 1025 703 retrocedere
1059 665 1104 703 et
1136 675 1312 704 exuere
1347 675 1397 705 se
1431 663 1638 705 vestibus
1671 666 1717 705 et
1748 675 1926 716 ponere
1960 675 2011 706 se
2044 663 2092 705 in

323 733 452 774 lecto.
490 733 544 774 Et
567 733 628 775 ita
652 733 851 774 cessavit
874 735 1017 774 totum
1041 733 1157 775 illud
1181 733 1390 775 officium
1413 734 1495 776 illo
1519 734 1608 775 die.

439 815 523 857 Die
546 816 656 857 lune
679 816 893 868 sequenti
916 816 1074 868 quinta
1098 816 1371 859 Novembris
1394 829 1515 870 papa
1538 820 1700 858 sanato
1722 816 1811 859 fuit
1831 816 1953 859 facta
1973 816 2092 860 dicta

323 886 562 938 processio
583 889 628 927 et
649 887 790 942 missa
813 886 1056 929 sollemnis
1077 886 1123 927 in
1146 888 1344 929 ecclesia
1365 887 1718 929 Constanciensi
1740 899 1842 929 cum
1864 899 2095 940 sermone,

323 969 460 1009 quem
489 956 597 998 fecit
624 957 844 1010 magister
871 957 1112 1000 Johannes
1140 958 1197 999 de
1226 957 1466 1011 Vinzellis‚
1494 958 1672 1000 ordinis
1700 958 2024 1001 Cluniacensis
2050 961 2097 1000 et

324 1028 452 1070 illius
477 1027 656 1070 ordinis
678 1031 969 1081 procurator,
995 1028 1152 1071 doctor
1176 1029 1223 1070 in
1250 1029 1483 1082 theologia
1511 1029 1855 1083 Parisiensis³);
1884 1029 2098 1072 interfuit

324 1111 459 1152 papa.
507 1100 561 1141 Et
594 1100 657 1141 ita
690 1100 924 1152 inceptum
957 1103 1028 1141 est
1060 1100 1317 1142 concilium.

444 1181 798 1234 Consequenter
835 1182 910 1223 die
946 1182 1134 1224 veneris
1170 1182 1292 1224 XVI.
1330 1182 1436 1224 dicti
1473 1183 1649 1224 mensis
1684 1182 1806 1225 facta
1841 1185 1911 1225 est
1946 1183 2098 1236 prima

326 1253 488 1295 sessio.
525 1252 653 1295 Sedit
677 1253 923 1294 concilium
947 1254 1046 1295 loco
1070 1253 1160 1295 iam
1185 1253 1398 1295 ordinato
1423 1254 1480 1295 ad
1504 1254 1750 1295 concilium
1773 1253 2028 1296 tenendum
2050 1253 2098 1295 in

325 1324 432 1366 navi
463 1324 660 1366 ecclesie
694 1323 1087 1366 Constanciensis.
1134 1325 1188 1366 Et
1218 1324 1428 1377 presedit
1460 1337 1582 1378 papa
1613 1327 1659 1366 et
1689 1324 1801 1367 fecit
1832 1323 2021 1367 missam
2052 1326 2099 1366 et

327 1397 605 1448 sermonem,
627 1395 757 1437 cuius
779 1395 935 1437 thema
957 1395 1061 1437 fuit:
1098 1395 1355 1437 Veritatem
1379 1395 1572 1448 diligite,
1595 1398 1640 1438 et
1661 1394 1847 1438 deducit
1867 1395 2098 1449 triplicem

326 1467 569 1508 veritatem
600 1469 826 1519 eternam,
858 1466 1104 1520 internam,
1136 1469 1396 1508 externam:
1431 1464 1699 1520 eternam,¹’)
1734 1479 1824 1520 que
1857 1466 1983 1509 Deus
2014 1469 2099 1519 est,

326 1537 557 1580 internam
582 1537 879 1590 conscientie,
904 1540 1147 1579 externam
1172 1538 1219 1578 in
1242 1537 1400 1579 verbis
1425 1540 1471 1580 et
1494 1537 1642 1579 factis.
1681 1537 1861 1579 Deinde
1886 1537 2006 1580 lecta
2028 1539 2099 1579 est

326 1622 412 1663 per
451 1610 493 1651 d.
536 1609 830 1651 Franciscum
868 1609 1156 1651 cardinalem
1198 1608 1518 1650 Florentinum
1556 1608 1722 1651 cedula
1761 1608 1975 1651 ordinata
2013 1620 2100 1661 pro

326 1680 454 1722 felici
483 1680 823 1733 prosequcione
854 1683 899 1722 et
928 1680 1265 1734 conclusioness)
1299 1679 1493 1722 concilii.
1537 1679 1680 1721 Cuius
1709 1682 1844 1722 tenor
1871 1679 1979 1722 talis
2008 1681 2097 1722 est:

328 1751 568 1794 Johannes
694 1751 766 1793 Ad
801 1754 1077 1804 perpetuam
1115 1751 1184 1792 rei
1221 1751 1506 1793 memoriam.
1558 1750 1862 1793 Intendentes
1899 1749 1958 1792 ad
1992 1762 2100 1791 exe-

327 1823 613 1877 cutionem.¹)
649 1856 658 1864 .
676 1856 709 1866 ..
744 1822 1098 1875 Consequenter
1129 1822 1247 1864 lecta
1277 1825 1348 1864 est
1378 1822 1508 1864 bulla
1539 1821 1888 1864 convocacionis
1917 1820 2100 1863 concilii

331 1918 473 1959 supra
498 1906 544 1947 in
567 1906 762 1959 prologo
787 1904 1012 1959 scripta.²)

449 1978 504 2019 Et
538 1976 791 2018 notandum
827 1979 911 2029 est,
947 1975 1070 2028 quod
1104 1976 1163 2017 ad
1197 1975 1367 2017 dictum
1402 1976 1554 2017 locum
1589 1975 1866 2018 Constancie
1899 1986 2023 2028 papa
2056 1977 2102 2016 et

330 2049 594 2091 cardinales
632 2047 778 2089 eciam
817 2050 924 2089 ante
961 2046 1191 2089 kalendas
1229 2047 1503 2090 Novembris
1541 2048 1873 2099 convenerunt,
1910 2048 1961 2088 ut
1998 2057 2102 2099 pre-

331 2120 495 2173 fertur,
533 2123 578 2161 et
615 2120 778 2172 plures
814 2119 984 2171 prelati
1023 2117 1190 2170 Ytalie,
1228 2121 1273 2159 et
1311 2130 1459 2170 usque
1497 2120 1602 2170 post
1639 2117 1811 2159 festum
1846 2116 2101 2159 nativitatis

331 2190 560 2233 dominice
586 2191 720 2244 pauci
747 2189 826 2232 alii
852 2189 909 2230 de
937 2189 1043 2232 aliis
1068 2188 1343 2230 nacionibus
1368 2191 1612 2229 venerunt.

451 2274 504 2315 In
531 2273 616 2315 hoc
646 2272 784 2325 igitur
812 2271 1023 2325 generali
1053 2270 1246 2312 concilio
1277 2270 1645 2322 Constanciensi,
1675 2270 1722 2312 in
1751 2281 1844 2322 quo
1871 2268 2102 2322 agendum

333 2345 418 2386 fuit
448 2344 505 2386 de
535 2356 648 2397 pace
678 2346 724 2385 et
751 2343 924 2384 unione
955 2341 1165 2395 perfecta
1195 2341 1406 2393 ecclesie,
1438 2340 1644 2383 secundo
1672 2340 1730 2382 de
1761 2339 2102 2382 reformacione

333 2416 475 2468 illius,
506 2428 531 2457 a
561 2414 792 2468 principio
821 2412 1095 2455 Novembris
1126 2424 1248 2454 anno
1279 2412 1453 2453 domini
1487 2409 1658 2465 1414‹1),
1688 2423 1779 2464 quo
1810 2410 1874 2452 ibi
1905 2423 2028 2464 papa
2057 2413 2102 2452 et

335 2486 581 2539 collegium
624 2487 953 2536 convenerant,
994 2495 1143 2536 usque
1187 2483 1245 2525 ad
1288 2482 1433 2523 finem
1475 2481 1687 2524 Januarii
1729 2481 1871 2524 nichil
1915 2481 2102 2524 omnino

334 2561 482 2600 actum
511 2560 581 2599 est
607 2569 761 2608 neque
788 2558 956 2598 tactum
984 2555 1041 2596 de
1071 2554 1265 2596 materia
1292 2553 1492 2605 unionis,
1521 2553 1739 2606 quoniam
1768 2552 1893 2606 apud
1920 2552 2102 2606 aliquos

334 2632 434 2670 erat
455 2629 644 2670 morbus
667 2627 789 2680 „noli
813 2639 886 2668 me
907 2625 1143 2678 tangere“.
1183 2624 1254 2666 Illi
1277 2627 1445 2676 autem,
1469 2624 1547 2676 qui
1570 2635 1710 2677 agere
1732 2623 1995 2676 cupiebant,
2017 2635 2102 2676 pro

333 2699 552 2741 absencia
583 2699 837 2752 aliorum‘),
870 2697 1155 2739 Gallicorum
1187 2694 1405 2736 videlicet
1434 2697 1479 2736 et
1510 2694 1824 2748 Anglicorum,
1855 2693 1903 2736 in
1933 2693 2102 2747 quibus

309 2755 459 2824 “apud
498 2782 659 2812 omnes
700 2768 900 2811 maxima
940 2781 1049 2821 spes
1088 2769 1203 2819 erat,
1242 2769 1434 2818 tangere
1475 2777 1567 2807 non
1609 2765 1857 2808 audebant.
1913 2764 2102 2807 Interim

451 2915 481 2942 a)
502 2909 582 2942 fehlt
607 2910 637 2943 C,
659 2910 696 2935 L).
735 2909 767 2939 b)
789 2909 936 2935 eternam
956 2927 962 2933 .
983 2930 988 2936 .
1012 2927 1018 2933 .
1039 2906 1071 2933 in
1092 2905 1172 2939 fehlt
1193 2906 1230 2932 B.
1268 2908 1296 2938 c)
1319 2906 1351 2931 et
1372 2903 1586 2931 conclusione
1606 2903 1688 2938 fehlt
1711 2905 1747 2931 B.
1785 2903 1818 2938 d)
1840 2904 1864 2931 Ο
1878 2903 1946 2931 und
1961 2902 2102 2931 Dhaben

332 2957 402 2983 hier
427 2956 657 2983 Korrekturen.
691 2960 719 2984 et
747 2955 826 2988 fehlt
857 2956 892 2982 B.

453 3004 485 3047 ¹)
514 3004 633 3038 Hardt
660 3003 725 3045 11',
755 3004 797 3038 16
810 3003 856 3047 Ῐ.;
885 3003 1011 3037 Mansa·
1036 3001 1196 3043 XXVII,
1223 3001 1291 3036 537
1304 2999 1329 3043 Τ.
1475 2999 1507 3042 ²)
1546 2999 1663 3043 Veryl.
1691 2998 1725 3034 S.
1754 3001 1808 3035 15.
