2102 3444
243 149 299 194 36
764 150 789 184 I.
831 149 1042 185 Abschnitt.
1095 150 1494 196 Konzilstagebiicher.

363 268 627 311 Cardinalis
655 269 797 311 sancti
828 269 968 311 Marci
997 270 1201 312 surrexit
1227 274 1271 312 et
1299 270 1427 323 dixit,
1455 271 1578 324 quod
1605 271 1662 312 de
1691 272 1772 313 illo
1797 283 2015 324 procura-

245 340 363 381 torio
399 339 540 381 nichil
577 352 796 392 umquam
832 339 1075 382 audiverat
1112 354 1257 394 usque
1296 342 1376 383 illo
1412 354 1547 383 mane
1584 342 1698 383 hora
1735 342 1934 394 septima
1968 345 2015 384 et

246 410 368 462 quod
391 422 628 462 nunquam
651 414 861 463 gesserat
884 411 1198 463 procuratoris
1222 411 1423 453 officium
1446 425 1531 454 nec
1555 412 1826 454 intendebat
1847 425 2014 466 gerere

246 480 304 522 de
331 480 554 533 presenti.

365 551 491 593 Tunc
531 551 739 594 ascendit
777 552 1007 606 pulpitum
1047 553 1224 595 electus
1264 554 1599 596 posnaniensis
1639 556 1684 595 et
1724 553 1855 606 dixit,
1894 553 2017 607 quod

247 634 305 663 ex
333 626 465 676 parte
495 622 677 664 concilii
707 623 828 665 irent
859 623 917 665 ad
946 624 1105 666 valvas
1134 625 1331 666 ecclesie
1361 628 1456 667 tres
1487 624 1752 666 cardinales
1781 624 1840 666 de
1868 624 2018 667 tribus

248 693 491 736 ordinibus
527 706 621 736 non
658 694 882 736 nominati
920 698 965 736 et
1002 698 1198 748 quatuor
1235 695 1531 748 presidentes
1570 696 1626 736 de
1664 698 1861 748 quatuor
1898 695 2018 738 naci-

248 764 429 807 onibus.
687 811 690 815 ,

368 836 422 878 Et
450 836 558 889 quia
586 836 745 878 nullus
771 836 1025 878 cardinalis
1053 836 1380 879 nominabatur
1407 849 1648 890 expresse,
1677 837 1836 879 nullus
1865 837 2019 879 adivit.

250 907 374 948 Tunc
408 905 525 949 dixit
558 907 639 949 ille
674 907 1022 960 Posnaniensis,
1055 908 1179 961 quod
1214 909 1334 950 irent
1366 908 1649 950 cardinales:
1697 908 1755 950 de
1789 907 2021 962 episcopis

251 978 503 1020 cardinalis
539 977 597 1019 de
635 978 834 1031 Ursinis,
873 978 930 1020 de
968 979 1258 1032 presbyteris
1296 979 1507 1032 Pisanus,
1546 979 1603 1021 de
1641 978 1926 1032 dyaconibus
1963 979 2022 1021 de

253 1048 442 1091 Comite.
495 1048 761 1091 Cardinalis
801 1049 859 1091 de
898 1049 1152 1092 Challanco
1189 1050 1305 1092 dixit
1342 1063 1449 1102 non,
1490 1050 1572 1092 sed
1612 1050 1786 1092 debent
1824 1049 1892 1092 ire
1931 1050 2023 1092 duo

252 1120 402 1161 ultimi
424 1120 632 1172 dyaconi.
667 1120 740 1163 Sic
761 1120 841 1162 diu
864 1121 989 1162 stetit
1010 1122 1267 1174 negocium.
1303 1121 1567 1163 Cardinalis
1591 1121 1736 1163 sancti
1761 1120 1902 1163 Marci
1925 1133 2023 1163 sur-

252 1191 374 1233 rexit
405 1194 450 1233 et
482 1190 612 1244 dixit,
643 1191 767 1244 quod
798 1204 892 1233 non
925 1194 1126 1233 staretur
1159 1192 1222 1234 sic
1255 1192 1301 1233 in
1335 1193 1511 1233 incerto
1543 1195 1587 1234 et
1620 1192 1822 1245 quesivit
1853 1192 1911 1234 ab
1943 1191 2024 1233 illo

254 1262 562 1304 Posnaniensi
593 1263 793 1315 legente,
826 1262 864 1304 si
896 1262 1139 1316 habebata)
1175 1263 1412 1305 decretum
1444 1263 1641 1315 concilii,
1673 1263 1797 1316 quod
1828 1262 1898 1304 illi
1928 1265 2024 1305 tres

253 1333 516 1376 cardinales
540 1334 765 1375 nominati
791 1334 849 1375 de
873 1334 1022 1376 tribus
1047 1334 1292 1376 ordinibus
1316 1335 1544 1376 deberent
1570 1335 1653 1376 ire.
1691 1334 1745 1376 Et
1767 1346 1861 1376 non
1884 1334 2025 1376 habe-

252 1404 344 1447 bat.
383 1404 576 1447 Dicebat
601 1417 627 1447 a
653 1417 703 1446 se
729 1405 805 1446 vel
832 1405 977 1458 aliqui
1004 1405 1091 1447 sibi
1118 1405 1256 1447 vicini
1282 1406 1367 1447 hoc
1394 1405 1720 1458 suggerebant.
1760 1404 2025 1447 Cardinalis

254 1475 475 1518 Barensis
498 1475 627 1528 dixit,
651 1475 775 1528 quod
796 1475 952 1518 fuerat
975 1475 1229 1518 cardinalis
1251 1476 1378 1517 XXX
1401 1476 1551 1528 annis,
1575 1479 1621 1517 et
1643 1475 1767 1528 quod
1790 1475 2026 1517 debebant

254 1546 322 1588 ire
363 1550 459 1589 tres
498 1546 556 1588 de
595 1547 746 1589 tribus
784 1546 1041 1589 ordinibus.
1095 1546 1360 1589 Cardinalis
1400 1547 1599 1588 Pisanus
1639 1546 1882 1600 respondit
1922 1545 2025 1599 sibi,

254 1617 392 1670 quod,
419 1618 457 1660 si
486 1617 653 1660 fuisset
679 1617 931 1660 cardinalis
959 1618 1203 1671 sexaginta
1230 1616 1425 1672 annis¹·),
1452 1630 1690 1671 nunquam
1717 1617 1898 1660 viderat
1923 1629 2026 1659 con-

255 1688 410 1730 cilium
437 1688 529 1731 nisi
558 1688 681 1730 istud
709 1692 754 1730 et
781 1689 1017 1743 Pisanum,
1046 1690 1093 1730 in
1122 1701 1213 1742 quo
1241 1689 1411 1731 Pisano
1440 1689 1531 1731 duo
1559 1688 1754 1742 dyaconi
1782 1688 1900 1730 illud
1928 1687 2027 1730 offi-

255 1760 376 1801 cium
411 1759 638 1802 fecerunt.
688 1760 742 1802 Et
776 1759 824 1801 in
860 1760 948 1802 ista
983 1761 1293 1802 altercacione
1330 1760 1489 1802 nullus
1525 1759 1778 1802 cardinalis
1812 1759 1905 1812 ivit,
1943 1758 2026 1801 sed

257 1831 442 1873 iverunt
465 1831 671 1884 quinque
697 1831 867 1884 prelati
891 1830 1112 1884 episcopi.

374 1902 616 1956 Quorumc)
653 1905 808 1944 tamen
842 1902 987 1955 aliqui
1020 1915 1113 1944 non
1146 1905 1281 1944 erant
1314 1902 1371 1944 de
1405 1902 1715 1956 presidencia.
1761 1902 1816 1944 Et
1848 1900 2028 1943 reversi

256 1973 519 2016 retulerunt
558 1985 644 2026 per
684 1985 909 2026 organum
950 1973 1213 2025 patriarche
1254 1973 1546 2027 Antiocheni,
1586 1972 1710 2026 quod
1749 1974 2029 2014 vocaverant

256 2056 426 2098 papam
454 2047 499 2086 et
525 2044 628 2087 eius
657 2056 882 2097 sequaces
909 2047 955 2085 et
983 2044 1106 2096 quod
1134 2045 1292 2086 nullus
1322 2044 1644 2097 responderat.
1690 2044 1802 2086 Item
1831 2046 2028 2097 quatuor

257 2116 442 2169 notarii,
481 2115 559 2169 qui
597 2128 699 2157 cum
736 2115 832 2157 illis
871 2115 1066 2167 iverant,
1105 2115 1367 2157 retulerunt
1406 2115 1470 2157 sic
1508 2115 1645 2157 idem.
1694 2114 1828 2170 Hecss)
1869 2116 2028 2156 contra

258 2186 461 2228 officium
494 2186 679 2239 notarii,
713 2187 792 2240 qui
826 2186 1022 2228 deberet
1055 2186 1218 2228 audire
1252 2199 1345 2228 non
1380 2186 1522 2239 loqui,
1557 2186 1665 2238 quia
1698 2198 1791 2228 non
1824 2184 2029 2227 creditur

259 2257 416 2300 verbis
442 2257 539 2300 suis
566 2260 637 2300 set
661 2256 982 2301 instrumento

376 2328 476 2370 Hiis
509 2328 620 2371 actis
654 2328 989 2370 Posnaniensis
1022 2328 1133 2381 legit
1166 2328 1377 2370 cedulam
1411 2327 1736 2381 continentem,
1771 2327 1894 2380 quod
1926 2339 2030 2368 con-

260 2399 417 2441 cilium
441 2411 584 2452 super
608 2399 853 2452 premissis
878 2398 1034 2452 petitis
1060 2411 1145 2451 per
1168 2401 1517 2451 procuratorem
1542 2397 1722 2440 concilii
1750 2397 2030 2451 prorogabat

262 2483 409 2523 usque
429 2469 476 2512 in
497 2470 764 2523 crastinum,
785 2470 909 2523 quod
929 2469 1101 2523 placuit
1123 2469 1330 2511 concilio.
1370 2469 1493 2510 Inter
1515 2469 1599 2510 hec
1620 2472 1773 2511 autem
1794 2471 2031 2522 promotor

261 2541 442 2584 concilii
479 2541 607 2594 dixit,
643 2541 780 2594 quod,
817 2541 1003 2594 quando
1038 2541 1308 2593 legerentur
1344 2539 1531 2582 decreta
1567 2539 1750 2582 concilii
1785 2542 1832 2582 et
1866 2551 2031 2593 quere-

262 2615 390 2654 retur
418 2612 456 2655 si
485 2612 650 2666 placet,
679 2612 875 2666 quilibet
903 2612 1052 2653 libere
1081 2610 1406 2664 responderet:
1451 2611 1608 2652 Placet
1636 2610 1711 2653 vel
1739 2611 1838 2652 Non
1864 2610 2030 2663 placet,

262 2683 369 2736 quia
405 2683 488 2736 illi,
525 2684 603 2736 qui
640 2683 848 2736 silerent,
882 2683 1170 2725 haberentur
1206 2695 1291 2735 pro
1325 2681 1744 2733 consencientibus,
1780 2680 1852 2723 cui
1887 2681 2030 2723 nichil

263 2754 349 2796 fuit
377 2766 667 2807 responsum.
708 2754 836 2809 Nec‘·)
867 2754 925 2796 ad
952 2766 1058 2795 eum
1084 2752 1349 2807 pertinebat
1375 2753 1460 2794 hoc
1488 2752 1658 2794 dicere.

381 2836 511 2890 Legit
535 2839 753 2890 preterea
778 2837 921 2878 lector
944 2836 1025 2878 ille
1048 2836 1260 2878 cedulam
1285 2836 1597 2877 continentem
1623 2835 1670 2876 in
1694 2834 1884 2886 effectu,
1908 2833 2031 2887 quod

262 2907 505 2949 concilium
535 2907 788 2961 deputabat
816 2907 1081 2950 cardinales
1111 2907 1381 2959 episcopum
1411 2906 1729 2948 Albanensem
1759 2905 1818 2947 de
1847 2904 2031 2947 Ursinis

366 3049 396 3075 a)
416 3053 451 3073 80
475 3047 511 3079 Β,
534 3048 565 3079 C,
587 3047 624 3073 l).
665 3047 696 3077 b)
720 3047 754 3072 Β.
776 3053 795 3073 a
815 3053 873 3073 sex
895 3054 921 3073 a.
961 3051 989 3075 c)
1010 3047 1085 3073 δαί-τ
1105 3046 1125 3078 t'
1140 3045 1186 3071 het
1208 3046 1244 3071 B.
