2227 3434
536 192 574 226 Β.
612 192 689 227 Der
712 192 813 227 liber
833 194 1026 236 gestorum
1051 193 1120 227 des
1144 191 1384 228 Cerretanus.
1759 194 1843 237 223

79 310 176 364 sed,
203 311 241 352 si
266 323 349 353 sua
375 310 605 353 serenitas
632 310 805 352 ibidem
831 311 931 353 sola
956 322 1201 352 remanere
1229 311 1413 353 volebat
1441 311 1499 353 ad
1524 312 1843 353 honorandum

79 381 245 423 dictam
265 382 523 434 nacionem,
546 381 635 434 ipsi
657 381 839 423 nacioni
862 382 1088 434 placebat.
1123 382 1219 433 Que
1243 382 1439 424 audiens
1463 382 1504 424 d.
1529 395 1613 423 rex
1634 382 1845 424 turbatus

77 455 148 494 est
181 455 226 494 et
260 464 352 494 una
385 464 487 494 cum
520 451 714 494 consilio
749 465 832 494 suo
867 453 998 494 exire
1035 452 1314 494 deliberavit
1347 453 1525 506 hecque
1560 453 1704 495 verba
1739 457 1844 495 ante

78 522 179 565 eius
208 534 450 576 egressum
479 523 687 576 protulit:
731 523 857 564 Nunc
888 523 1134 576 videbitur,
1165 523 1268 576 quis
1298 524 1355 565 sit
1384 524 1458 565 hic
1486 536 1571 577 pro
1600 523 1771 565 unione
1802 527 1845 565 et

78 593 237 637 fidelis
275 593 482 636 Romano
521 594 735 646 imperio!
791 594 842 635 D.
884 597 1037 636 autem
1077 594 1329 636 cardinalis
1370 594 1721 636 Cameracensis
1761 595 1845 636 hec

79 663 276 708 audiens
321 664 428 707 inde
475 663 752 717 dedignatus
798 664 1035 707 abscessit.
1093 665 1296 716 Quatuor
1341 677 1452 707 vero
1496 665 1759 708 cardinales
1804 668 1848 707 et

79 736 236 788 ceteri,
275 736 353 789 qui
391 735 455 777 ibi
493 739 834 788 remanserunt,
875 739 1099 789 ceperunt
1138 736 1196 778 ad
1235 737 1430 777 invicem
1471 749 1761 778 murmurare
1802 740 1847 777 et

79 805 235 847 dicere
259 806 403 848 verba
425 806 467 849 d.
490 807 615 860 regis
638 806 995 859 impressionem
1019 819 1186 860 sapere
1211 810 1254 848 et
1277 820 1361 860 per
1384 819 1675 860 consequens
1698 807 1845 849 libere

80 876 347 919 deliberare
375 889 468 919 non
496 890 648 930 posse.
691 878 887 931 Propter
917 890 1005 930 que
1036 878 1334 920 consulentes
1364 878 1421 920 ad
1451 878 1646 920 invicem
1675 878 1848 920 delibe—

78 951 300 990 raverunt
331 947 389 990 ad
419 960 591 1001 regem,
622 948 701 1001 qui
731 948 778 989 in
809 948 1011 990 claustro
1042 948 1150 990 dicti
1181 952 1433 990 conventus
1462 952 1577 1003 erat,
1610 963 1718 991 suos
1749 962 1848 991 ora-

79 1021 205 1062 tores
229 1018 411 1061 mittere
439 1022 484 1061 et
510 1019 567 1061 ab
594 1032 649 1061 eo
675 1018 941 1072 certificari,
969 1032 1028 1061 an
1054 1019 1101 1060 in
1130 1019 1344 1061 libertate
1374 1020 1561 1062 essent?
1603 1020 1778 1072 Quibus
1806 1020 1846 1061 d.

80 1100 164 1130 rex
190 1089 431 1142 respondit
455 1093 500 1132 et
524 1089 648 1132 idem
673 1102 758 1143 per
784 1090 826 1132 d.
853 1090 1130 1132 Ottobonum
1155 1090 1244 1144 ipsi
1270 1091 1453 1132 nacioni
1479 1090 1719 1133 Gallicane
1746 1091 1848 1132 inti-

79 1161 196 1202 mari
226 1161 372 1214 iussit,
404 1161 527 1214 quod
558 1161 678 1203 dicta
707 1161 840 1203 nacio
870 1161 916 1202 in
948 1162 1163 1203 libertate
1196 1165 1297 1203 erat
1325 1165 1371 1203 et
1402 1162 1549 1203 libere
1582 1162 1848 1204 deliberare

79 1234 274 1285 poterat,
300 1232 417 1274 sicut
441 1232 665 1274 hactenus
691 1232 848 1274 facere
875 1235 1193 1274 consueverat.
1232 1233 1389 1275 Verba
1415 1236 1582 1285 autem,
1607 1245 1696 1286 que
1723 1233 1849 1274 dixe-

79 1305 163 1355 rat,
195 1304 429 1355 tamquam
463 1306 714 1345 commotus
750 1303 944 1346 dixerat.
993 1303 1207 1357 Precepit
1241 1304 1434 1357 insuper
1468 1304 1619 1345 eidem
1654 1305 1695 1346 d.
1729 1305 1849 1346 Otto-

81 1372 215 1426 bono,
244 1373 367 1426 quod
392 1374 658 1427 preciperet
685 1374 899 1417 omnibus
928 1375 1014 1417 sub
1040 1387 1164 1428 pena
1191 1375 1405 1428 carceris,
1433 1375 1510 1428 qui
1540 1375 1596 1416 de
1625 1375 1745 1417 dicta
1772 1387 1850 1417 na-

80 1444 212 1486 cione
235 1443 477 1487 Gallicana
498 1457 592 1487 non
613 1448 785 1498 essent,
808 1445 932 1498 quod
954 1446 1102 1498 ipsius
1123 1445 1534 1499 congregacionem
1557 1445 1687 1487 exire
1712 1445 1850 1488 debe-

80 1517 197 1558 rent.
237 1515 414 1567 Quibus
443 1516 508 1558 sic
537 1528 622 1570 per
650 1516 885 1569 prefatum
916 1516 957 1558 d.
988 1516 1264 1558 Ottobonum
1293 1516 1573 1570 adimpletis,
1603 1517 1644 1561 d.
1675 1517 1850 1570 episco-

79 1597 167 1639 pus
197 1585 585 1629 Carcassonensis
613 1587 661 1628 in
690 1587 844 1629 medio
872 1600 1070 1640 surgens
1099 1587 1332 1640 quandam
1362 1587 1574 1629 cedulam
1603 1600 1688 1641 pro
1716 1591 1849 1641 parte

80 1659 314 1699 oratorum
347 1658 473 1711 regis
508 1657 790 1700 Francorum
823 1658 1057 1711 produxit.
1107 1658 1158 1700 In
1193 1671 1283 1712 qua
1317 1658 1693 1711 concludebatur,
1727 1658 1849 1711 quod

80 1727 323 1770 concilium
348 1740 442 1771 non
469 1728 805 1771 dissolveretur
832 1741 985 1782 neque
1013 1729 1140 1772 locus
1168 1732 1424 1772 mutaretur
1450 1742 1603 1782 neque
1631 1742 1752 1783 papa
1780 1742 1850 1770 re-

81 1798 281 1852 cederet,
318 1811 560 1852 quousque
598 1800 727 1842 aliud
762 1812 847 1853 per
884 1800 1127 1842 concilium
1165 1800 1524 1843 deliberaretur.
1577 1801 1690 1842 Item
1728 1800 1849 1853 quod

80 1871 449 1923 procuratorium
484 1870 626 1913 fieret
660 1871 707 1912 in
744 1882 972 1924 personas
1008 1871 1271 1924 aliquorum
1307 1883 1393 1924 per
1429 1871 1673 1913 concilium
1709 1871 1850 1924 depu-

80 1940 327 1983 tandorum
346 1940 394 1983 in
412 1954 536 1995 casu,
557 1954 648 1995 quo
668 1942 747 1984 alii
768 1942 1105 1984 contendentes
1124 1942 1181 1984 de
1202 1945 1376 1995 papatu
1396 1955 1481 1995 per
1501 1947 1849 1995 procuratorem

81 2023 282 2053 renuere
313 2012 503 2055 vellent.
549 2012 664 2054 Item
695 2013 819 2066 quod
848 2013 1218 2066 procuratorium
1249 2013 1333 2055 hoc
1366 2013 1490 2066 apud
1520 2013 1701 2066 aliquos
1733 2013 1849 2055 alios

81 2094 165 2135 per
187 2082 432 2125 concilium
455 2083 698 2136 eligendos
721 2083 1051 2137 deponeretur,
1076 2083 1137 2126 ita
1161 2084 1284 2137 quod
1305 2084 1501 2137 predicti
1523 2087 1850 2138 procuratores

82 2164 137 2195 eo
163 2152 227 2195 uti
253 2165 346 2196 non
370 2157 565 2207 possent
589 2154 680 2196 nisi
706 2167 816 2197 casu
843 2167 933 2208 quo
960 2167 1115 2208 supra.
1154 2155 1357 2206 Quorum
1385 2154 1573 2208 quidem
1599 2155 1850 2197 ambassia-

82 2225 231 2266 torum
255 2224 463 2278 opinioni
489 2237 651 2268 omnes
675 2225 808 2278 quasi
833 2225 889 2267 de
917 2226 1036 2268 dicta
1060 2226 1255 2268 nacione
1281 2225 1580 2279 adheserunt,
1604 2228 1742 2279 prout
1765 2238 1850 2279 per

83 2306 242 2337 eorum
278 2295 469 2339 cedulas
505 2296 552 2338 in
590 2296 841 2338 crastinum
877 2309 963 2349 per
999 2309 1079 2339 eos
1115 2299 1354 2350 porrectas
1392 2296 1620 2350 apparuit,
1658 2299 1850 2350 propter

83 2365 205 2418 quod
228 2365 270 2408 d.
296 2369 456 2409 noster
480 2379 602 2420 papa
626 2367 790 2408 videns
817 2367 961 2410 dictas
986 2370 1082 2410 tres
1105 2367 1326 2410 naciones
1351 2367 1398 2408 in
1422 2380 1564 2409 unum
1590 2367 1723 2420 quasi
1747 2380 1850 2420 pro-

82 2436 280 2487 positum
312 2438 578 2491 convenire,
611 2437 670 2480 ad
701 2449 937 2480 recessum
969 2437 1309 2480 clandestinum
1340 2438 1461 2491 cepit
1492 2438 1750 2479 intendere.
1797 2438 1850 2479 Et

85 2505 188 2549 licet
213 2506 254 2549 d.
280 2520 364 2549 rex
390 2507 702 2550 Romanorum
728 2508 803 2550 die
831 2509 946 2551 iovis
972 2508 1093 2551 XXI.
1120 2509 1295 2550 mensis
1325 2509 1478 2551 Marcii
1505 2509 1589 2551 hoc
1616 2508 1766 2551 sciens
1792 2508 1849 2550 ad

84 2575 125 2618 d.
152 2580 359 2619 nostrum
386 2578 700 2631 personaliter
729 2592 779 2620 se
808 2579 1088 2621 transferret
1115 2591 1316 2632 eumque
1345 2579 1686 2631 exhortaretur,
1715 2591 1772 2620 ne
1804 2580 1848 2620 in

84 2649 258 2690 occulto
293 2648 550 2703 recederet,
588 2649 806 2703 quoniam
844 2649 964 2691 liber
1001 2653 1101 2692 erat
1138 2653 1183 2692 et
1219 2650 1589 2703 quandocunque
1627 2649 1848 2691 recedere

85 2720 277 2772 poterat,
299 2731 513 2772 eumque,
538 2720 575 2762 si
600 2721 646 2761 in
670 2720 771 2762 luce
795 2720 1051 2773 recederet,
1076 2720 1252 2762 sociare
1276 2724 1466 2774 paratus
1489 2724 1606 2771 erat3
1633 2720 1848 2772 idemque

85 2788 294 2840 prefatus
316 2789 358 2832 d.
381 2802 466 2831 rex
488 2790 530 2833 d.
553 2790 610 2833 de
634 2790 832 2844 Ursinis,
855 2791 912 2833 de
937 2791 1152 2833 Challant
1174 2794 1218 2833 et
1242 2791 1511 2833 Florentino
1533 2790 1849 2832 cardinalibus

87 2858 131 2899 in
171 2871 276 2902 sero
316 2864 552 2903 assereret
591 2861 785 2914 addens,
825 2862 947 2914 quod
986 2865 1177 2914 paratus
1216 2865 1315 2903 erat
1357 2862 1534 2903 salvum
1577 2861 1847 2903 conductum

84 2928 234 2971 eidem
270 2929 312 2973 d.
348 2934 510 2974 nostro
542 2944 664 2986 pape
698 2935 744 2974 et
779 2932 821 2974 d.
858 2932 1175 2974 cardinalibus
1212 2932 1464 2975 secundum
1501 2932 1846 2973 ordinacionem

85 3009 243 3041 eorum
273 3000 580 3055 impinguare,
609 3001 935 3044 nichilominus
966 3006 1120 3044 tamen
1150 3002 1361 3055 prefatus
1391 3002 1432 3043 d.
1463 3005 1621 3043 noster
1650 3014 1771 3054 papa
1802 3002 1845 3042 in

86 3069 229 3113 noctis
254 3073 493 3124 sequentis
519 3072 726 3115 tenebris
752 3076 931 3126 portam
956 3073 1121 3115 exiens
1149 3073 1194 3114 in
1220 3073 1381 3114 habitu
1406 3072 1736 3114 transformato
1761 3072 1846 3113 sub
