2227 3434
549 172 592 206 A.
632 172 830 207 Fillastres
860 174 975 209 Gesta
1002 175 1151 209 concilii
1179 175 1492 211 Constantiensis.
1848 182 1905 224 53

138 290 228 333 Res
254 293 447 332 tractum
472 291 634 332 habuit
660 303 746 344 per
771 294 868 334 tres
895 305 1081 335 menses
1108 297 1154 335 et
1181 295 1394 347 amplius
1436 296 1489 338 Et
1516 296 1699 339 iverunt
1727 299 1902 352 Argen-

135 362 278 403 tinam
308 361 420 403 alibi
448 362 617 414 prelati
648 374 734 414 pro
762 375 875 415 pace
907 365 1227 416 componenda
1256 369 1301 406 et
1331 366 1471 407 nichil
1502 371 1765 420 potuerunt,
1796 370 1902 411 licet

135 432 386 484 capitulum
407 435 452 473 et
473 433 598 475 cives
618 433 760 474 nichil
783 437 1010 486 peterent,
1032 436 1122 476 nisi
1146 436 1270 488 quod
1292 436 1408 478 illud
1431 441 1644 490 castrum,
1668 440 1790 492 quod
1811 440 1900 482 iam

135 502 310 544 electus
335 506 555 555 posuerat
581 503 627 544 in
654 504 869 546 manibus
895 505 1076 557 alienis,
1105 506 1190 548 sub
1218 507 1380 549 umbra
1408 508 1690 552 auctoritatis
1717 510 1901 563 imperi-

135 573 222 614 alis
247 576 502 626 poneretur
528 573 574 614 in
602 574 817 617 manibus
843 576 1025 616 concilii
1053 577 1126 618 vel
1155 577 1201 617 in
1230 582 1519 630 sequestram
1548 580 1672 632 apud
1698 580 1900 633 aliquem

134 643 295 685 fidum.
344 643 516 686 Rumor
553 648 667 697 erat,
706 645 828 698 quod
866 645 959 687 dux
998 646 1195 689 Bauarie
1237 649 1540 692 locuntenens
1578 651 1701 704 regis
1741 651 1901 694 Roma-

133 726 298 756 norum
337 717 382 756 et
422 718 654 768 protector
693 716 874 757 concilii
915 717 1032 758 illud
1072 721 1271 759 castrum
1314 720 1499 761 volebat
1538 721 1728 763 habere.
1782 722 1900 774 Quid

134 787 282 826 actum
308 788 392 838 est,
418 789 581 838 postea
609 799 692 828 suo
719 787 818 829 loco
845 787 1035 829 dicetur.

250 855 602 909 Consequenter
629 858 676 898 in
702 870 862 899 mense
891 858 1102 900 <Ianuarii
1130 864 1360 902 venerunt
1387 862 1748 906 ambassiatores
1776 864 1900 917 regis

133 926 325 969 Polonie
347 930 392 968 et
415 927 545 969 ducis
566 928 740 969 Vitaldi
767 928 1021 981 Lythyanie
1046 930 1104 971 ad
1126 931 1370 972 concilium
1393 935 1438 973 et
1460 934 1703 985 proposuit
1724 934 1900 976 electus

130 997 466 1041 Postnonensis
523 1002 592 1040 set
649 1011 741 1040 non
799 998 1155 1042 declaraverunt
1213 1002 1539 1044 ambassiatam
1598 1007 1900 1057 expectantes

131 1080 290 1121 regem
315 1067 641 1122 Romanorum,
669 1070 746 1122 qui
774 1070 979 1112 nondum
1006 1075 1200 1114 venerat
1226 1072 1283 1114 de
1311 1073 1557 1126 Aragonia.

252 1139 377 1182 Inter
408 1141 493 1182 hec
523 1143 734 1194 tempora
767 1154 792 1183 a
825 1154 1015 1184 recessu
1048 1143 1171 1196 regis
1202 1143 1513 1186 Romanorum
1546 1158 1693 1199 usque
1726 1146 1784 1188 ad
1816 1147 1899 1188 hos

130 1210 231 1252 dies
258 1210 449 1253 fuerunt
476 1212 683 1264 deputati
716 1212 807 1254 IIII
838 1213 896 1255 de
923 1214 1133 1266 qualibet
1159 1215 1353 1256 nacione
1383 1228 1524 1268 super
1552 1216 1899 1259 reformacioni-

130 1281 216 1324 bus
244 1281 418 1324 fiendis
448 1282 506 1325 ad
535 1282 807 1325 avisandum
837 1284 986 1326 solum
1016 1285 1117 1326 sine
1147 1285 1742 1338 aliqua,determinacione.
1786 1288 1899 1330 Fue-

129 1355 328 1406 runtque
353 1353 433 1395 alii
458 1353 679 1406 deputati,
696 1354 773 1407 qui
788 1356 1036 1407 generales
1052 1356 1349 1408 vocabantur,
1365 1360 1410 1398 et
1426 1358 1568 1399 multa
1583 1358 1840 1400 tractabant
1856 1363 1900 1401 et

128 1423 466 1466 concludebant
495 1428 539 1466 et
554 1425 923 1478 exequebantur,
940 1426 1047 1468 licet
1061 1427 1191 1468 nulla
1206 1427 1275 1468 eis
1292 1427 1445 1469 fuerat
1461 1429 1681 1470 attributa
1695 1432 1901 1482 potestas

130 1505 216 1546 per
237 1495 498 1548 concilium,
523 1498 594 1537 set
617 1508 703 1549 per
725 1496 946 1539 naciones
971 1497 1120 1539 solum
1146 1497 1203 1539 ad
1230 1498 1503 1540 avisandum
1529 1499 1624 1551 illa,
1649 1499 1706 1541 de
1731 1500 1899 1553 quibus

131 1569 256 1608 esset
279 1565 637 1608 deliberandum
662 1568 709 1608 in
733 1567 1022 1620 nacionibus,
1047 1572 1092 1610 et
1116 1568 1237 1610 inter
1260 1569 1344 1611 hos
1370 1570 1572 1612 maxime
1596 1570 1899 1623 presidebant

103 1636 392 1689 —patriarcha
425 1638 743 1681 Antiochenus
776 1642 821 1680 et
853 1639 1100 1692 episcopus
1134 1639 1512 1683 Sarisberiensis.

253 1719 378 1761 Inter
397 1720 483 1762 hec
505 1720 650 1762 eciam
673 1724 821 1763 actum
844 1725 914 1764 est
935 1722 993 1763 de
1015 1735 1102 1763 usu
1125 1722 1266 1764 bulle.
1301 1723 1540 1776 Quoniam,
1564 1724 1749 1777 quando
1771 1725 1900 1767 bulla

131 1789 317 1833 decreta
342 1791 443 1844 fuit,
470 1791 699 1845 disposuit
725 1793 983 1844 concilium,
1012 1794 1135 1846 quod
1160 1788 1246 1835 Sub
1274 1794 1355 1836 illa
1381 1794 1720 1847 expedirentur
1746 1795 1899 1837 littere

133 1861 180 1902 in
207 1861 357 1904 forma
386 1862 606 1915 ,Romano
635 1863 855 1916 congruit‘
886 1877 971 1917 per
999 1865 1325 1907 cancellariam
1357 1878 1498 1918 super
1527 1866 1696 1919 graciis
1724 1869 1769 1908 et
1797 1878 1900 1908 con-

131 1932 422 1976 cessionibus
452 1933 587 1976 tactis
619 1947 704 1987 per
736 1934 972 1976 dominum
1005 1935 1073 1977 Jo.
1108 1935 1217 1977 olim
1248 1948 1418 1989 papam
1450 1936 1622 1989 XXIII,
1655 1936 1701 1978 in
1733 1936 1900 1978 ceteris

132 2006 284 2046 autem
319 2004 679 2057 disposicionem
716 2018 828 2048 usus
863 2006 990 2047 bulle
1027 2006 1270 2048 concilium
1306 2007 1396 2048 sibi
1431 2008 1702 2049 reservavit.
1750 2008 1900 2060 Super

132 2086 222 2128 quo
240 2075 384 2118 nichil
408 2076 557 2118 adhuc
579 2076 888 2129 disposuerat,
910 2080 956 2119 et
976 2081 1131 2119 tamen
1154 2078 1321 2119 cotidie
1344 2078 1717 2131 expediebantur
1738 2079 1900 2132 plures

133 2145 259 2188 bulle
283 2146 331 2188 in
354 2147 556 2189 maximo
578 2159 773 2189 numero
797 2151 841 2189 et
867 2149 913 2189 in
937 2149 1078 2190 rebus
1103 2149 1263 2191 arduis
1288 2149 1373 2191 sub
1397 2149 1584 2191 nomine
1608 2150 1789 2191 concilii
1815 2150 1899 2191 hec

132 2215 400 2270 ignorantis.
444 2219 498 2260 Et
528 2218 719 2260 fuerunt
749 2220 879 2260 multi
911 2232 1124 2262 rumores
1155 2220 1201 2260 in
1232 2220 1519 2262 nacionibus.

249 2288 516 2332 Patriarcha
547 2290 878 2342 Antiochenus,
909 2290 985 2343 qui
1017 2291 1257 2332 dicebatur
1289 2291 1395 2333 illas
1426 2292 1604 2333 litteras
1636 2291 1694 2333 ad
1724 2292 1898 2333 bullam

132 2358 243 2401 dare
271 2363 317 2402 et
343 2360 584 2413 expedire,
613 2361 806 2403 multum
835 2374 885 2403 se
913 2362 1153 2403 excusavit
1180 2365 1225 2403 et
1252 2362 1416 2403 institit
1444 2361 1640 2414 fortiter,
1668 2362 1790 2415 quod
1818 2362 1898 2404 illa

134 2429 552 2485 relinquerentura)
580 2435 624 2474 et
646 2432 787 2474 nichil
812 2436 1081 2474 mutaretur.
1118 2433 1293 2474 Verum
1316 2434 1537 2475 naciones
1559 2433 1899 2486 prohibuerunt

135 2499 456 2555 bullatoribus,
481 2515 540 2544 ne
566 2503 770 2555 aliquam
797 2504 998 2546 litteram
1023 2504 1273 2556 bullarent,
1299 2504 1389 2546 nisi
1415 2507 1541 2546 esset
1566 2504 1682 2546 lecta
1710 2505 1755 2545 in
1780 2503 1900 2546 naci-

133 2571 298 2614 onibus
320 2576 367 2615 et
388 2573 567 2626 signata
588 2586 674 2627 per
696 2577 893 2627 quatuor
916 2574 1213 2628 presidentes
1240 2575 1333 2616 IIII
1356 2575 1601 2616 nacionum
1626 2578 1670 2617 et
1691 2587 1777 2627 per
1799 2587 1898 2615 eos-

133 2641 238 2685 dem
263 2643 368 2686 data
394 2644 453 2687 ad
478 2645 766 2687 bullandum.

250 2714 335 2756 Die
359 2715 518 2758 martis
542 2716 756 2758 XXVIII.
783 2716 991 2758 Januarii
1018 2717 1195 2758 reversi
1221 2720 1326 2759 sunt
1351 2716 1693 2758 ambaxiatores
1717 2715 1896 2757 concilii

134 2784 262 2827 missi
293 2785 352 2827 ad
383 2785 664 2839 Aragoniam
698 2800 782 2840 pro
816 2787 986 2829 unione
1019 2788 1217 2829 ecclesie
1250 2787 1411 2829 relicto
1444 2799 1554 2840 rege
1588 2787 1897 2828 Romanorum

136 2854 182 2896 in
207 2854 439 2899 Sabaudia
465 2860 511 2899 et
538 2857 646 2899 inde
674 2857 794 2900 ituro
822 2858 880 2900 ad
910 2858 1149 2900 Franciam
1177 2871 1262 2911 pro
1289 2857 1609 2910 componenda
1637 2869 1750 2910 pace
1778 2857 1898 2898 inter

135 2936 269 2979 reges
296 2926 490 2970 Francie
515 2931 561 2970 et
585 2928 752 2982 Anglie
778 2931 824 2970 et
851 2929 971 2971 inter
996 2928 1232 2982 principes
1257 2929 1467 2970 Francie.

237 3067 268 3100 a)
290 3066 320 3100 0,
343 3066 390 3094 D.-
410 3066 663 3103 relinqueretur.
