2227 3434
553 213 589 248 Β.
628 214 703 250 Der
725 215 824 250 liber
844 218 1035 259 gestorum
1060 217 1128 250 des
1150 215 1391 250 Cerretanus⁴
1770 218 1854 260 273

91 334 244 376 fuerat
263 337 308 376 et
328 335 483 386 optato
502 332 600 374 fine
621 333 960 376 concordatum.
993 333 1144 387 Super
1165 333 1333 387 quibus
1356 368 1363 375 .
1400 368 1407 375 .
1444 368 1452 375 .
1472 335 1629 376 nuncii
1650 335 1856 376 breviter

91 405 150 446 ad
183 403 503 447 Constanciam
538 405 774 445 reversuri
812 404 1101 457 supradictas
1136 419 1175 447 v.
1213 417 1246 447 s.
1282 405 1468 457 plenius
1503 408 1547 446 et
1583 406 1855 458 expressius

90 474 406 517 informabunt
437 508 445 515 .
482 508 489 515 .
526 508 533 515 .
566 474 664 516 Dat.
697 475 910 517 Narbone
943 476 1028 516 sub
1061 478 1239 517 secreto
1269 478 1426 517 nostro
1458 475 1855 529 Lutzenburgensi

92 545 245 587 XIIII.
289 545 364 586 die
409 545 681 587 Decembris
725 557 973 598 regnorum
1017 549 1280 588 nostrorum
1326 558 1447 588 anno
1491 546 1728 599 Hungarie
1772 550 1855 588 etc.

91 616 314 669 vigesimo
352 628 488 667 nono,
529 616 840 657 Romanorum
881 629 993 658 vero
1033 620 1177 658 sexto.
1232 617 1303 658 Ad
1343 616 1609 659 mandatum
1650 616 1692 658 d.
1734 617 1857 670 regis

95 686 287 729 Michael
323 687 572 729 canonicus
608 687 1020 729 Wratislaviensis.

206 757 506 800 sacrosancte
529 758 741 810 generali
768 757 1118 800 Constanciensi
1145 758 1334 810 synodo,
1361 758 1517 800 revfflis
1542 759 1587 800 in
1615 758 1719 801 Chr.
1744 771 1787 811 p.
1813 761 1857 800 et

89 827 130 872 d.
162 827 334 870 nostris
362 827 762 881 prestantissimis.

205 898 398 954 Revmia)
425 912 468 952 p.
493 911 544 941 ac
568 899 609 941 d.
634 900 779 941 nostri
805 900 1181 953 prestantissimi,
1205 900 1447 942 humilima
1472 900 1857 942 recommendaci-

89 982 176 1012 one
216 970 447 1023 premissa
486 983 586 1012 cum
627 970 840 1023 obsequii
880 970 1258 1024 promptitudine.
1311 971 1578 1013 Altissimus
1618 1005 1626 1013 .
1662 1005 1670 1012 .
1706 1005 1714 1013 .
1754 974 1857 1024 post

89 1041 315 1083 max1mos
346 1040 533 1084 labores
564 1044 609 1083 et
639 1041 850 1083 turbines
882 1041 1036 1084 varias
1067 1045 1112 1083 et
1144 1041 1356 1095 ingencia
1386 1042 1511 1084 tedia
1543 1042 1757 1095 dignatus
1786 1045 1857 1083 est

134 1145 142 1153 .
179 1145 187 1153 .
211 1112 417 1154 cervices
442 1112 617 1165 antiqui
642 1112 787 1154 hostis
810 1112 1150 1165 confringendi.
1188 1112 1299 1154 Rem
1324 1112 1510 1155 unionis
1535 1113 1747 1165 ecclesie,
1771 1125 1857 1166 pro

89 1195 179 1235 qua
201 1217 210 1224 .
245 1217 254 1225 .
290 1216 298 1224 .
320 1183 540 1236 intrepidi
564 1182 883 1237 certavimus¹')
909 1186 954 1225 et
975 1183 1153 1236 felices,
1176 1187 1397 1236 quantum
1418 1197 1476 1225 ex
1498 1185 1591 1226 alto
1611 1184 1857 1237 elargitum

87 1256 171 1307 est,
201 1254 367 1306 grandi
399 1253 738 1306 compaciencia
771 1267 861 1307 qua
892 1254 1138 1307 potuimus,
1170 1255 1517 1307 complevimus.
1566 1254 1675 1296 Ideo
1706 1254 1858 1307 dispo-

88 1325 193 1378 suit,
221 1325 345 1378 quod
372 1326 474 1367 eius
502 1324 731 1378 dirigente
761 1325 926 1367 dextra
954 1325 1197 1379 existunts')
1230 1325 1362 1367 factis
1393 1326 1439 1366 in
1469 1338 1610 1367 unum
1637 1325 1758 1367 ovile
1789 1337 1858 1366 re-

89 1395 219 1438 dacti.
255 1395 491 1438 Canticum
515 1396 642 1449 pacis
665 1399 709 1438 et
733 1396 884 1438 leticie
909 1396 1091 1438 referre
1114 1400 1334 1449 poterunt
1357 1409 1486 1439 sacre
1511 1396 1856 1438 dominaciones

89 1469 242 1509 vestre
272 1501 280 1509 .
316 1500 325 1509 .
361 1501 369 1509 .
409 1466 639 1520 Scriptum
665 1467 896 1519 Narbone,
926 1467 1197 1510 Decembris
1226 1467 1300 1509 die
1329 1467 1484 1509 XIIII.

205 1537 478 1580 Vestrarum
515 1547 746 1579 revmarum
784 1538 1114 1592 paternitatum
1151 1539 1352 1581 humiles
1387 1542 1432 1580 et
1468 1538 1620 1580 devoti
1657 1538 1857 1580 Jacobus

90 1608 409 1652 Thuronensis
431 1612 478 1651 et
497 1610 639 1651 ceteri
662 1610 854 1663 college,
878 1610 1017 1662 legati
1041 1613 1086 1651 et
1107 1609 1263 1651 nuncii
1286 1609 1442 1651 vestri.

206 1679 291 1722 Die
321 1680 538 1722 mercurii
568 1680 810 1722 XXVIIII.
840 1681 1016 1723 mensis
1045 1680 1256 1722 Januarii
1287 1683 1498 1723 oratores
1527 1679 1646 1722 sacri
1676 1679 1857 1721 concilii

90 1750 147 1793 ad
176 1750 217 1792 d.
248 1751 435 1794 Petrum
465 1751 522 1793 de
551 1750 681 1793 Luna
710 1754 754 1793 et
783 1751 1135 1793 serenissimum
1165 1751 1206 1793 d.
1237 1763 1394 1804 regem
1423 1751 1690 1804 Aragonum
1720 1750 1858 1792 desti-

90 1822 184 1864 nati
208 1821 530 1865 Constanciam
554 1822 734 1885 reversi
759 1825 875 1866 sunt.
911 1822 1087 1873 Quibus
1110 1834 1212 1864 cum
1235 1834 1402 1875 magna
1423 1821 1577 1864 leticia
1601 1821 1731 1863 multi
1755 1833 1857 1874 pre-

90 1892 167 1934 lati
197 1895 243 1935 et
271 1892 449 1935 familie
481 1893 522 1934 d.
554 1893 861 1935 cardinalium
891 1892 1196 1935 obviaverunt
1227 1905 1401 1946 eosque
1431 1904 1579 1945 usque
1610 1892 1667 1934 ad
1697 1891 1857 1945 domos

89 1974 250 2006 eorum
273 1963 578 2006 sociaverunt.
616 1964 669 2006 Et
694 1964 768 2005 die
791 1965 980 2006 veneris
1003 1963 1164 2006 ultima
1186 1963 1399 2006 Januarii
1422 1963 1469 2004 in
1493 1963 1856 2016 congregacione

90 2033 275 2087 publica
297 2044 529 2076 revmorum
554 2035 596 2076 d.
621 2035 942 2087 cardinalium,
966 2035 1252 2088 prelatorum
1279 2038 1323 2076 et
1347 2034 1542 2076 aliorum
1568 2034 1615 2075 in
1638 2034 1738 2075 loco
1763 2045 1857 2074 ses-

90 2104 233 2148 sionis
269 2106 598 2148 execucionem
637 2118 719 2148 sue
759 2105 1011 2159 legacionis
1049 2107 1382 2158 exposuerunt.
1434 2104 1502 2146 De
1540 2116 1630 2157 qua
1667 2103 1858 2145 fuerunt

90 2176 213 2229 apud
247 2188 408 2219 omnes
445 2176 695 2230 plurimum
734 2176 1095 2218 recommendati
1135 2176 1443 2229 dominusque
1481 2175 1857 2228 archiepiscopus

89 2246 376 2290 Turonensis
404 2260 490 2301 pro
519 2251 651 2300 parte
683 2260 871 2289 suorum
903 2247 1185 2300 collegarum
1217 2248 1434 2300 loquutus
1464 2249 1547 2288 est.

206 2317 314 2361 Post
351 2321 450 2361 acta
486 2318 716 2371 premissa
753 2318 919 2361 Petrus
955 2318 1012 2359 de
1049 2317 1219 2373 Luna¹)
1261 2351 1269 2360 .
1305 2351 1313 2358 .
1349 2351 1357 2359 .

205 2388 449 2431 Universis
481 2389 652 2432 Christi
684 2388 908 2432 fidelibus
939 2389 1140 2431 Jacobus
1173 2389 1478 2430 miseracione
1511 2387 1668 2429 divina
1701 2390 1856 2429 sancte

90 2458 375 2503 Turonensis
400 2460 596 2501 ecclesie
624 2459 1003 2512 archiepiscopus
1030 2493 1037 2500 .
1074 2493 1081 2500 .
1118 2493 1126 2500 .
1166 2458 1339 2500 Prelati
1366 2458 1613 2500 cuiuslibet
1640 2457 1856 2500 doctoris-

90 2541 178 2582 que
208 2529 429 2575 incumbit
460 2529 620 2573 officio
652 2565 659 2572 .
696 2565 703 2570 .
740 2564 748 2572 .
792 2530 1007 2572 Narbone
1039 2542 1161 2572 anno
1193 2529 1234 2571 d.
1269 2528 1516 2571 millesimo
1547 2527 1856 2582 quadringen-

90 2600 254 2644 tesimo
285 2600 464 2644 decimo
496 2602 656 2654 quinto
688 2613 849 2643 mense
882 2600 1210 2654 Novembris.²)

207 2671 466 2725 Antequam
490 2671 831 2726 respondeatur
854 2709 860 2715 .
898 2705 906 2712 .
942 2705 950 2713 .
973 2674 1021 2713 ut
1042 2670 1159 2712 illud
1180 2670 1356 2723 absque
1379 2670 1612 2723 presentis
1635 2669 1856 2712 schedule

92 2741 352 2785 insercione
389 2755 482 2785 non
519 2741 789 2796 claudant.³)

194 2847 224 2873 a)
250 2846 320 2872 'lies-t
343 2847 380 2877 Β,
401 2848 424 2872 C
442 2846 598 2873 veram-lat.
660 2846 690 2873 ¹»
713 2847 749 2876 R,
773 2848 794 2869 Ι·
813 2845 939 2871 certati.
994 2853 1021 2871 c·
1044 2846 1081 2871 Β.
1104 2849 1126 2868 6¹
1145 2845 1276 2872 existat.

208 2893 240 2937 ¹)
265 2894 371 2937 Folqt
393 2895 462 2930 das
483 2904 600 2935 (lauze
623 2893 801 2928 Malerz'al
824 2893 919 2929 iiber
939 2893 1013 2928 den
1044 2892 1198 2935 Vertraq
1219 2902 1292 2927 von
1314 2892 1530 2927 Nar-bonne.
1568 2891 1692 2925 Man-si
1715 2888 1854 2924 XXIII.

91 2940 415 3029 224—2555.Bericm
443 2987 537 3021 {lber
560 2988 624 3021 die
659 2987 977 3029 Verhandlunyen
1001 2986 1069 3020 mit
1096 2986 1283 3020 Benedilrt
1311 2984 1414 3018 XIII.
1454 2984 1572 3018 Hardt
1600 2982 1649 3023 II,
1675 2981 1853 3021 523—41‚·

96 3032 218 3067 Mansi
241 3032 310 3067 XX
322 3033 420 3075 VIII,
442 3034 615 3069 240-51.

207 3078 240 3121 ³)
271 3078 444 3114 Antwort
488 3078 696 3114 Benedikls
740 3078 845 3113 XIII.
889 3078 955 3122 aur
995 3079 1060 3113 die
1103 3078 1214 3113 lelzle
1256 3076 1401 3112 Cedula
1444 3074 1702 3110 Ferdinands:
1759 3073 1854 3115 „Pro

91 3125 303 3167 parte...“.
340 3125 461 3161 Hardt
486 3125 537 3167 II,
563 3125 743 3168 514-22;
773 3125 898 3160 Mansa·
926 3124 995 3158 XX
1006 3124 1106 3166 VIII,
1132 3124 1328 3159 235—239.

159 3191 298 3227 Finke,
319 3194 400 3221 Aeta
421 3193 555 3221 concilil
577 3193 854 3221 Constanciensis.
876 3192 914 3219 11.
1591 3181 1642 3220 18
