2227 3434
535 181 579 216 A.
620 181 816 217 Fillastres
846 181 960 217 Gesta
988 183 1138 217 concilii
1165 183 1479 218 Constantiensis.
1834 185 1891 228 99

128 301 350 354 nulloque
392 299 526 342 modo
566 303 765 342 tractare
805 313 906 342 cum
948 300 1017 342 eis
1058 301 1114 342 de
1158 301 1292 343 modo
1332 301 1588 353 electionis,
1630 302 1719 343 nisi
1762 302 1891 355 prius

127 371 384 413 unirentur.

246 442 299 483 Et
323 441 576 494 sciendum,
598 441 721 494 quod
743 454 828 494 per
850 442 934 484 hos
957 442 1058 484 dies
1081 455 1139 483 ex
1164 445 1296 495 parte
1320 442 1501 484 concilii
1526 443 1664 496 legati
1689 443 1890 485 Castelle

128 512 315 554 fuerunt
338 511 564 564 requisiti,
588 512 710 564 quod
735 524 784 554 se
808 512 994 554 unirent
1017 513 1224 554 concilio.
1261 513 1619 565 Responderunt
1642 526 1691 555 se
1717 514 1891 555 habere

126 583 174 625 in
202 582 431 624 mandatis
460 594 702 635 expresse,
733 583 856 635 quod
886 584 1016 625 nullo
1048 584 1182 624 modo
1214 597 1264 625 se
1296 584 1483 625 unirent
1515 584 1603 626 nisi
1636 584 1792 626 habito
1823 597 1892 625 re-

128 665 298 706 sponso
329 653 386 694 de
416 652 658 705 premissis
688 656 733 695 et
764 653 985 706 precipue
1017 654 1074 694 de
1105 655 1333 695 electione
1365 667 1500 707 pape,
1531 655 1587 696 de
1619 667 1709 707 qua
1739 657 1891 696 tamen

128 723 268 766 nichil
305 724 691 777 respondebatur.
746 724 854 766 Ideo
892 725 1142 766 noluerunt
1180 726 1247 766 ire
1286 725 1343 766 ad
1382 725 1647 767 mandatum
1685 725 1808 778 regis
1847 726 1891 766 in

128 794 447 847 responsione,
473 795 582 847 quia
609 794 829 847 sciebant,
856 795 979 848 quod
1006 795 1173 836 iterum
1200 799 1452 849 peteretur,
1480 795 1602 848 quod
1630 808 1678 838 se
1706 795 1892 837 unirent

126 869 171 908 et
194 865 335 907 nichil
359 865 725 918 responderetur
749 865 806 907 de
830 866 1072 910 electione.
1112 866 1210 907 Due
1236 869 1387 908 autem
1413 870 1545 908 erant
1569 879 1721 919 cause,
1747 879 1891 919 quare

127 936 343 978 volebant
380 936 556 978 habere
595 948 873 989 responsum
912 936 968 978 de
1007 936 1254 978 electione:
1296 949 1387 979 una
1425 940 1617 990 propter
1655 937 1890 979 decretum

126 1006 382 1060 predictum
406 1010 450 1048 et
475 1007 564 1060 ipsi
587 1007 809 1049 nolebant
834 1007 1019 1049 excludi
1044 1007 1308 1049 cardinales
1332 1008 1389 1049 ab
1415 1008 1660 1059 electione;
1689 1008 1891 1049 secunda

126 1077 232 1131 quia
262 1077 481 1120 volebant
513 1078 694 1130 aliquos
727 1078 784 1119 de
817 1091 899 1120 sua
931 1078 1206 1120 obediencia
1237 1078 1282 1119 in
1314 1079 1540 1120 electione
1573 1079 1673 1121 loco
1704 1091 1890 1121 suorum

127 1148 450 1200 cardinalium;
475 1148 689 1190 dicebant
711 1149 835 1190 enim
859 1149 975 1191 alios
997 1149 1262 1191 cardinales
1285 1150 1372 1190 sibi
1397 1162 1503 1191 esse
1527 1149 1706 1191 dubios.
1743 1149 1892 1202 Super

125 1218 279 1272 petitis
302 1231 387 1273 per
411 1231 568 1272 regem
593 1219 857 1262 cardinales
882 1220 1263 1261 deliberaverunt
1287 1220 1475 1273 procedi
1501 1220 1547 1261 in
1572 1232 1710 1262 causa
1733 1223 1889 1262 contra

127 1289 312 1332 Petrum
338 1290 395 1332 de
422 1290 566 1343 Luna,
592 1293 728 1343 prout
752 1291 899 1332 eciam
925 1303 1086 1332 omnes
1111 1291 1343 1343 volebant,
1371 1294 1439 1333 set
1466 1303 1612 1343 usque
1640 1290 1698 1333 ad
1724 1290 1891 1332 defini-

125 1361 265 1403 tivam
297 1361 582 1403 sentenciam
616 1361 853 1403 exclusive
889 1361 989 1404 sine
1025 1362 1190 1414 legatis
1226 1361 1443 1414 Castelle,
1479 1361 1567 1404 nisi
1604 1374 1652 1403 se
1688 1362 1889 1403 unirent.

127 1431 298 1474 Iterum
326 1434 478 1474 autem
507 1431 647 1474 fieret
676 1431 876 1485 diligens
905 1432 1144 1485 instancia,
1173 1432 1296 1485 quod
1327 1445 1376 1474 se
1406 1433 1607 1474 unirent.
1648 1432 1822 1474 Verum
1853 1431 1890 1473 si

125 1502 302 1545 nollent
324 1515 374 1545 se
396 1502 545 1555 unire,
568 1515 672 1556 ymo
693 1504 854 1556 pocius
876 1503 1114 1555 recedere,
1137 1503 1227 1545 nisi
1252 1496 1529 1555 responsum
1552 1502 1682 1556 prius
1704 1505 1749 1544 et
1771 1502 1890 1544 ordi-

125 1573 363 1615 nacionem
387 1573 616 1616 haberent
641 1574 698 1615 de
723 1574 859 1616 modo
882 1574 1139 1627 electionis,
1165 1573 1418 1627 eligibilius
1442 1576 1542 1615 erat
1565 1576 1763 1615 tractare
1789 1586 1889 1614 cum

125 1643 194 1686 eis
223 1643 280 1687 de
308 1644 443 1686 modo
472 1644 713 1686 electionis
743 1657 878 1697 quam
910 1645 1157 1697 sustinere,
1188 1644 1310 1697 quod
1339 1643 1631 1696 recederent3
1664 1644 1738 1685 vel
1768 1643 1889 1696 quod

126 1714 259 1756 aliter
282 1727 331 1758 se
355 1715 535 1758 nollent
557 1715 692 1758 unire
717 1716 832 1768 ipsis
856 1715 1124 1758 nolentibus
1149 1715 1497 1768 procedendum
1522 1715 1579 1757 ad
1604 1715 1888 1757 sentenciam

124 1785 369 1829 eieccionis
394 1786 518 1828 Petri
544 1787 601 1828 de
618 1786 762 1839 Luna,
778 1786 867 1828 nisi
884 1786 971 1839 ipsi
989 1799 1047 1828 ex
1062 1789 1154 1828 toto
1170 1789 1443 1838 rumperent
1459 1798 1589 1839 spem
1604 1785 1790 1827 unionis
1806 1797 1890 1838 per

127 1868 258 1898 suum
281 1869 517 1899 recessum
541 1858 615 1898 vel
641 1857 770 1910 alias,
796 1857 1014 1910 quoniam
1038 1857 1159 1899 dicta
1182 1856 1353 1899 eieccio
1377 1869 1469 1898 non
1492 1856 1560 1909 fit,
1584 1857 1675 1898 nisi
1699 1859 1890 1909 propter

127 1925 382 1980 Hyspanos,
405 1940 600 1981 quorum
624 1927 692 1969 illi
716 1928 772 1969 de
798 1927 1002 1970 Castella
1026 1931 1132 1969 sunt
1153 1927 1395 1981 potissima
1418 1940 1528 1980 pars
1550 1930 1596 1969 et
1617 1926 1711 1969 illis
1735 1926 1891 1968 stanti-

126 1996 211 2040 bus
238 1998 286 2040 in
313 1998 588 2041 obediencia
617 1999 741 2040 Petri
770 1998 826 2040 de
856 1998 987 2040 Luna
1014 2011 1107 2040 non
1137 2001 1262 2041 esset
1290 1999 1400 2040 unio
1427 1999 1639 2040 ecclesie.

243 2068 328 2111 Die
367 2069 526 2111 martis
565 2070 805 2122 sequentis
844 2069 966 2111 XIX.
1006 2069 1185 2123 Aprilis
1222 2069 1486 2112 cardinales
1526 2069 1583 2110 de
1624 2068 1807 2111 Ursinis
1847 2071 1890 2109 et

116 2137 410 2182 'Saluciarum
436 2152 494 2182 ex
521 2143 653 2193 parte
680 2140 864 2194 collegii
890 2141 1104 2182 fecerunt
1130 2139 1485 2193 responsionem
1511 2139 1609 2193 regi
1638 2138 1889 2182 secundum

127 2209 377 2262 predictam
401 2211 811 2263 deliberacionem,
834 2212 911 2264 qui
935 2211 1064 2252 illam
1086 2212 1213 2253 visus
1236 2214 1306 2253 est
1328 2223 1421 2252 non
1442 2210 1618 2252 habere
1642 2213 1889 2262 acceptam.

129 2279 182 2322 Et
203 2280 358 2324 brevis
381 2281 538 2324 verbis
562 2281 820 2335 respondit:
848 2282 973 2323 Bene
999 2282 1154 2323 audivi
1179 2295 1274 2334 vos,
1299 2281 1406 2334 scio,
1430 2281 1542 2334 quid
1566 2293 1666 2323 sum
1691 2284 1888 2322 acturus.

129 2350 181 2392 Et
218 2351 304 2394 fuit
342 2355 503 2405 postea
543 2353 755 2405 relatum,
795 2352 918 2405 quod
958 2352 1058 2405 ipse
1100 2351 1265 2394 dictam
1307 2352 1662 2405 responsionem
1703 2351 1889 2393 sinistre

129 2420 532 2475 interpretabatur.
580 2423 633 2465 Et
664 2425 827 2476 postea
859 2422 990 2476 petiit
1023 2422 1113 2465 sibi
1147 2423 1247 2464 dari
1281 2423 1327 2464 in
1361 2423 1559 2475 scriptis,
1592 2425 1637 2464 et
1669 2422 1755 2463 fuit
1787 2434 1889 2463 con-

127 2491 302 2534 clusum
331 2505 416 2546 per
446 2493 705 2547 collegium,
737 2494 860 2546 quod
890 2492 1081 2535 daretur
1111 2493 1157 2534 in
1189 2492 1385 2546 scriptis.

243 2562 371 2605 Multi
409 2563 716 2617 suspicantur,
753 2564 875 2617 quod
911 2565 968 2605 he
1005 2563 1400 2617 interrogaciones
1436 2563 1553 2623 fiant
1587 2575 1673 2616 per
1708 2563 1889 2615 aliquas

128 2633 324 2676 astucias
348 2634 406 2676 ad
431 2634 556 2677 fines
579 2635 836 2688 occultosfl)

241 2703 336 2746 Hoc
367 2704 660 2747 continentur
693 2705 817 2747 infra
851 2705 930 2747 fol.
967 2739 974 2746 .
1012 2738 1019 2746 .
1056 2704 1107 2758 .¹')
1145 2705 1202 2746 ad
1234 2706 1414 2757 signum
1448 2738 1456 2746 .
1493 2738 1500 2745 .
1537 2702 1604 2757 ,¹›).

241 2773 458 2828 Sequitur
498 2776 741 2829 responsio
781 2776 1078 2829 Anglicorum
1119 2775 1177 2816 ad
1214 2775 1580 2828 protestaciones
1621 2774 1765 2816 factas
1804 2786 1887 2826 pro

128 2855 236 2897 rege
262 2844 470 2899 Francie,
495 2845 552 2888 de
578 2858 668 2899 qua
693 2859 835 2899 supra
860 2846 979 2900 folf)

227 2936 256 2968 a)
284 2936 312 2962 Β
332 2937 416 2964 &eisd
438 2937 565 2964 Lilch'en
588 2938 670 2972 (tus;
698 2940 721 2963 (¹
741 2938 768 2964 1)
789 2938 891 2964 haben
919 2938 1049 2970 einl'aclt
1078 2946 1138 2963 aas
1163 2938 1220 2963 det·
1248 2937 1382 2970 rustam»
1409 2937 1630 2963 libel-numnam
1653 2936 1736 2969 folin
1759 2936 1824 2962 XII
1845 2937 1887 2961 ml

124 2981 246 3015 nimium
262 2982 286 3010 Ο
311 2983 344 3016 V,
364 2991 431 3011 was
451 2985 483 3011 in
504 2984 613 3011 beiden
636 2986 766 3012 Codices
788 2985 875 3012 m'cltt
897 2985 1030 3018 :ula-im.
1069 2984 1100 3016 b)
1126 2986 1200 3011 sat:
1221 2984 1301 3017 fehlt
1325 2985 1359 3010 B.
1405 2985 1434 3016 c)
1458 2985 1484 3010 l:
1505 2992 1554 3009 am
1581 2984 1710 3009 lfmzaelr‘:
1738 2985 1769 3009 et
1791 2982 1887 3008 ‹tubo-t

124 3034 195 3055 esse
214 3035 314 3064 supra
333 3030 414 3059 folio
435 3031 586 3066 septimo,
606 3031 661 3058 ubi
682 3033 854 3066 notantur;
876 3031 1085 3066 (farsito-lilioli
1107 3031 1186 3057 aber
1206 3031 1264 3064 fol.
1293 3031 1347 3064 VJ)
1620 3067 1641 3107 7
1655 3067 1673 3088 *
