2227 3434
525 196 564 231 B.
605 196 684 231 Der
708 197 808 231 liber
831 198 1024 240 gestorum
1051 196 1120 230 des
1147 195 1388 230 Cerretanus.
1757 195 1840 237 347

76 316 284 359 subiistis
325 328 410 369 pro
448 314 792 367 consequenda,
835 317 1072 366 prestante
1117 313 1228 365 Deo,
1270 313 1626 354 christianorum
1671 312 1840 353 unione·

75 386 162 428 sub
183 386 318 428 unico
339 397 517 429 summo
535 384 756 438 pontifice
780 397 891 426 vero
912 387 957 425 et
978 383 1236 425 indubitato
1258 383 1429 425 Christi
1450 382 1635 424 vicario.
1670 381 1737 425 Ob
1756 383 1842 424 has

74 456 496 499 excellentissimas
520 456 685 497 horum
710 454 1184 496 eminentissimorum
1210 453 1471 507 principum
1497 456 1542 494 et
1568 465 1728 506 regum
1754 453 1842 493 vir-

73 530 195 570 tutes
218 530 323 570 sunt
347 527 435 580 ipsi
458 526 598 569 iidem
622 525 871 579 principes,
896 528 943 566 ut
965 528 1071 567 ante
1093 524 1406 577 premisimus,
1428 523 1651 565 nominati
1676 523 1722 564 in
1743 535 1843 575 cog-

74 597 339 640 nationibus
370 598 472 640 eius
502 597 576 649 ita,
606 599 654 638 ut
683 608 844 638 eorum
875 596 999 638 fama
1030 595 1229 637 exiverit
1258 608 1342 648 per
1372 595 1640 636 universam
1670 596 1841 635 terram

19 658 25 665 ”
77 668 256 722 (Matth.
283 668 384 722 IX).
423 668 488 710 De
513 668 627 721 ipsis
650 680 762 720 ergo
786 670 909 708 recte
934 667 1156 719 scriptum
1180 669 1263 718 est,
1288 665 1411 718 quod
1433 665 1522 718 ipsi
1547 667 1652 707 sunt
1674 664 1842 718 princi-

74 751 158 792 pes
182 738 405 781 nominati
432 739 478 780 in
504 737 854 792 cognationibus
881 737 991 779 suis.
1030 737 1124 779 Vos
1152 737 1321 789 itaque,
1348 735 1621 789 magnificos
1646 737 1691 776 et
1716 747 1843 788 spec-

72 808 240 852 tabiles
284 813 507 861 oratores,
551 808 940 860 contemplatione
987 808 1193 861 ipsorum
1239 819 1521 848 summorum
1566 806 1842 859 principum,

74 893 268 934 quorum
304 880 415 922 estis
450 879 620 931 nuncii,
655 883 790 932 atque
827 882 981 920 vestra
1017 891 1148 920 sacra
1183 878 1266 919 hec
1302 877 1506 929 synodus
1538 890 1639 918 cum
1674 876 1842 930 gaudio

73 951 274 993 maximo
303 950 507 1003 suscepit
534 953 580 992 et
609 962 658 992 se
688 949 831 992 offert
860 949 918 991 ad
947 948 1377 991 communicandum
1408 948 1643 989 vobiscum
1674 948 1841 999 omnia,

73 1033 348 1074 quecunque
372 1021 446 1063 hic
472 1024 680 1074 agentur,
707 1024 755 1062 ut
781 1020 895 1072 sitis,
921 1019 1044 1073 quod
1070 1020 1133 1061 ait
1158 1020 1410 1072 apostolus,
1437 1019 1545 1061 socii
1571 1019 1841 1071 passionum

73 1095 119 1135 et
140 1091 505 1135 consolationum
533 1091 614 1145 (II.
639 1091 710 1133 ad.
735 1090 940 1133 Corinth.
969 1090 1000 1142 I,
1023 1090 1080 1132 de
1103 1090 1270 1143 sepult.
1293 1102 1328 1131 c.
1358 1089 1396 1142 I)
1422 1089 1648 1142 vobisque
1666 1089 1716 1130 vin
1739 1101 1843 1142 per-

73 1163 201 1206 sonis
220 1175 386 1205 eorum
410 1174 571 1216 regum
596 1165 732 1215 atque
756 1162 926 1203 vestris
949 1174 1036 1214 ego
1059 1160 1208 1214 ipsius
1231 1160 1442 1202 eiusdem
1466 1160 1629 1212 synodi
1654 1160 1841 1202 nomine

71 1233 244 1288 gratias
275 1233 433 1275 refero
464 1232 746 1285 multiplices
777 1245 877 1274 cum
908 1231 1231 1274 exhortatione
1262 1230 1630 1284 perseverantie,
1660 1233 1709 1272 ut
1740 1233 1844 1284 post

73 1305 215 1348 duros
238 1307 284 1346 et
307 1304 469 1357 longos
495 1303 680 1346 labores
705 1303 894 1356 possitis
918 1302 1158 1344 nobiscum
1183 1302 1413 1344 consolari
1440 1302 1496 1343 de
1522 1304 1677 1355 optato
1701 1304 1745 1343 et
1768 1314 1843 1342 vo-

72 1375 164 1418 tivo
191 1374 290 1417 fine
318 1374 505 1417 unionis
535 1374 746 1427 ecclesie,
777 1386 913 1427 quam
943 1373 1077 1416 nobis
1103 1373 1323 1414 celeriter
1352 1372 1452 1425 ipse
1484 1373 1609 1414 Deus
1637 1372 1842 1425 omnipo-

71 1449 175 1488 tens
203 1448 414 1499 prestare
445 1444 673 1498 dignetur,
703 1445 779 1497 qui
809 1444 958 1486 trinus
988 1448 1032 1486 et
1060 1456 1180 1486 unus
1208 1443 1319 1485 vivit
1345 1446 1390 1485 et
1419 1446 1581 1495 regnat
1610 1444 1655 1484 in
1686 1442 1842 1485 secula

73 1516 345 1559 benedictus
366 1516 530 1558 Amen.

190 1587 275 1629 Die
296 1587 413 1629 iovis
431 1587 578 1628 XVII.
600 1586 889 1639 Septembris
911 1586 952 1628 d.
976 1586 1142 1628 Petrus
1162 1586 1219 1627 de
1241 1585 1417 1627 Trilhia
1438 1588 1483 1627 et
1502 1585 1544 1626 d.
1567 1584 1841 1627 Lambertus

73 1658 129 1699 de
162 1657 326 1712 Stipite
360 1657 722 1700 ambassiatores
756 1657 873 1700 sacri
909 1656 1090 1698 concilii
1125 1656 1183 1698 ad
1217 1656 1449 1709 Yspanias
1484 1655 1692 1697 festinati
1728 1654 1842 1697 Con-

30 1746 34 1747 ⁷
73 1727 293 1781 stanciam
321 1731 427 1771 sunt
452 1729 646 1770 reversi.

189 1799 274 1842 Die
308 1799 488 1842 sabbati
522 1798 718 1840 XVIIII.
752 1798 1039 1851 Septembris
1074 1797 1326 1851 supradicti
1361 1797 1402 1839 d.
1437 1797 1601 1839 Petrus
1635 1800 1680 1838 et
1713 1797 1842 1839 Lam-

74 1870 234 1913 bertus
255 1871 301 1912 in
323 1869 679 1923 congregatione
704 1869 889 1922 publica
913 1869 958 1910 in
982 1870 1081 1911 loco
1104 1869 1240 1911 solito
1262 1868 1501 1921 sessionis,
1525 1871 1572 1910 ut
1593 1868 1735 1910 moris
1757 1871 1841 1919 est,

74 1940 240 1984 factam
270 1953 399 1984 suam
430 1941 708 1993 legationem
740 1941 1002 1982 retulerunt
1030 1953 1114 1993 per
1145 1952 1369 1992 organum
1399 1939 1505 1981 dicti
1535 1939 1576 1981 d.
1608 1938 1841 1981 Lamberti

74 2015 210 2065 atque
234 2012 454 2054 dixerunt
477 2014 687 2053 oratores
711 2012 945 2053 solemnes
968 2023 1053 2064 per
1078 2010 1430 2053 serenissimum
1456 2022 1614 2063 regem
1638 2009 1841 2051 Castelle

72 2094 236 2124 novem
271 2094 480 2134 numero,
516 2083 591 2135 qui
627 2082 684 2124 ad
720 2094 900 2124 sacrum
935 2082 1178 2124 concilium
1215 2081 1577 2123 Constanciense
1612 2080 1843 2122 accessuri

71 2156 219 2206 erant,
249 2154 421 2195 electos
452 2153 600 2195 fuisse
631 2153 930 2206 tuleruntque
963 2153 1271 2194 instrumenta
1300 2152 1485 2205 publica
1517 2151 1843 2193 subtractionis

73 2224 339 2267 obedientie
360 2224 480 2267 facte
502 2224 543 2267 d.
566 2224 816 2266 Benedicto
837 2224 901 2265 sic
923 2224 969 2264 in
991 2236 1074 2265 sua
1095 2223 1362 2265 obedientia
1383 2226 1647 2275 nuncupato
1667 2235 1752 2275 per
1775 2234 1843 2264 se-

74 2295 345 2337 renissimos
374 2307 509 2348 reges
537 2295 803 2347 Aragonum
831 2299 876 2338 et
902 2295 1106 2336 Navarre
1136 2307 1186 2336 ac
1213 2294 1442 2335 illustrem
1471 2293 1682 2335 comitem
1711 2293 1840 2334 Fuxi.

191 2365 275 2414 Die
304 2366 421 2409 iovis
449 2365 646 2407 XXIIII.
677 2365 851 2408 mensis
880 2365 1168 2418 Septembris
1198 2378 1292 2406 rev.
1321 2377 1364 2417 p.
1395 2364 1436 2406 d.
1468 2355 1841 2406 Lichefeldensis

73 2440 116 2478 et
142 2435 450 2479 Nor'wicensis
476 2436 697 2489 episcopi,
724 2439 934 2479 oratores
960 2434 1247 2478 serenissimi
1278 2435 1401 2488 regis
1427 2434 1593 2488 Anglie
1621 2434 1842 2476 Constan-

73 2506 187 2549 ciam
220 2509 325 2549 sunt
358 2507 572 2560 ingressi,
604 2507 772 2560 quibus
802 2507 970 2560 prelati
1004 2510 1049 2548 et
1080 2506 1159 2548 alii
1192 2506 1248 2548 de
1281 2506 1548 2548 nationibus
1581 2505 1839 2547 obviarunt.

77 2577 157 2619 Die
188 2577 403 2620 mercurii
434 2577 537 2619 VII.
568 2578 742 2620 mensis
772 2576 980 2620 Octobris
1010 2589 1105 2618 rev.
1137 2577 1183 2618 in
1215 2576 1320 2619 Chr.
1353 2589 1394 2630 p.
1426 2576 1467 2618 d.
1501 2575 1840 2618 Londoniensis

74 2647 379 2690 ambassiator
409 2647 533 2701 regis
562 2648 729 2702 Anglie
760 2648 1082 2690 Constanciam
1114 2650 1184 2689 est
1215 2648 1468 2700 ingressus,
1498 2647 1569 2688 cui
1598 2647 1765 2699 prelati
1797 2648 1840 2687 et

74 2717 152 2759 alii
183 2718 240 2760 de
270 2718 538 2761 nationibus
568 2718 827 2761 obviarunt.

190 2788 276 2831 Die
305 2788 533 2831 dominica
562 2788 640 2831 XI.
670 2789 844 2832 mensis
872 2788 1082 2831 Octobris
1112 2801 1206 2830 rev.
1237 2789 1281 2829 in
1314 2788 1419 2830 Chr.
1449 2801 1492 2840 p.
1522 2788 1562 2829 d.
1593 2787 1839 2840 episcopus

75 2858 382 2902 Pattaviensis
421 2863 468 2902 et
510 2860 706 2902 illustris
746 2860 967 2913 princeps
1009 2860 1293 2912 Burgravius
1336 2857 1738 2911 Nurenbergensis
1782 2857 1838 2898 de

74 2928 290 2972 mandato
315 2930 640 2983 gloriosissimi
669 2930 893 2983 principis
922 2930 963 2972 d.
992 2929 1274 2983 Sigismundi
1305 2929 1614 2970 Romanorum
1644 2930 1688 2969 et
1718 2928 1840 2968 Hun-

74 2999 202 3051 garie
224 2999 348 3054 regis
370 3011 555 3054 semper
576 3000 755 3053 augusti
780 3000 836 3042 ad
859 3000 1196 3053 protegendum
1219 3002 1263 3040 et
1285 2998 1633 3040 defendendum
1658 3010 1836 3040 sacrum

76 3067 437 3113 Constanciense
461 3070 703 3113 concilium
731 3083 821 3113 una
844 3083 944 3113 cum
970 3070 1140 3112 illustri
1164 3069 1373 3123 principe
1399 3069 1441 3110 d.
1469 3068 1699 3111 Ludovico
1724 3068 1836 3109 duce
