2102 3444
250 151 335 194 274
787 152 811 185 l.
840 152 1048 186 Absclinitt.
1090 152 1487 196 Konzilslagebiicher.

370 270 512 322 Copia
552 270 878 313 subtractionis
916 283 1000 323 per
1040 283 1195 324 regem
1237 271 1602 313 Ferdinandum:
1658 273 1746 313 Per
1782 275 2021 314 terrenum

253 352 445 393 regnum
473 375 480 382 .
518 376 525 382 .
562 376 569 382 .
613 342 774 383 Datum
802 341 1071 394 Perpiniani
1099 345 1143 383 et
1169 345 1360 395 propter
1385 343 1794 395 indisposicionem
1820 355 2020 396 persone

253 415 408 453 nostre
443 412 671 464 signatum
707 425 842 454 manu
878 413 1020 454 nostri
1056 412 1348 466 primogeniti
1383 414 1458 455 die
1492 417 1623 456 sexto
1657 414 1867 456 ,Ianuarii
1901 426 2023 456 anno

253 496 276 523 a
321 482 556 524 nativitate
603 482 852 524 millesimo
896 483 1356 536 quadringentesimo
1401 489 1532 526 sexto
1576 484 1754 527 decimo
1798 484 2022 538 regnique

254 553 398 596 nostri
432 553 646 607 quinto.¹)

370 624 681 666 Serenissimo
720 625 920 678 principi
961 625 1255 678 Sigismundo
1296 661 1303 668 .
1340 661 1347 668 .
1384 661 1391 668 .
1434 626 1760 669 Ferdinandus
1801 660 1809 668 .
1845 661 1853 668 .
1889 661 1897 669 .
1939 640 2022 669 rex

255 696 517 747 Aragonum
559 729 566 736 .
602 729 610 737 .
647 729 654 737 .
705 695 910 738 Sollicita
949 709 1059 739 cura
1098 731 1105 738 .
1142 731 1150 738 .
1187 735 1192 741 .
1248 698 1346 739 Dat.
1388 698 1656 750 Perpiniani
1699 732 1706 739 .
1743 732 1750 739 .
1787 731 1795 739 .
1829 697 1908 740 VI.
1949 697 2023 739 die

253 766 464 809 -Januarii
502 800 510 807 .
546 799 554 807 .
591 767 640 820 .²)

370 837 652 879 Venerande
679 838 1105 891 circumspectionis
1131 843 1175 881 et
1202 840 1400 881 sciencie
1429 840 1528 881 viro
1556 840 1775 893 magistro
1802 840 1940 882 Petro
1966 840 2024 882 de

253 907 430 949 'l'rilhia
459 908 679 950 canonico
707 912 751 950 et
781 910 1037 951 succentori
1067 910 1356 952 Narbonensi
1388 911 1574 952 domino
1602 914 1646 952 et
1675 910 1894 964 magi-stro
1923 923 2025 952 meo

254 978 649 1021 metuendissimo.

372 1050 755 1092 Metuendissime
796 1051 997 1103 domine,
1038 1052 1239 1094 humana
1281 1053 1742 1094 recommendacione
1780 1053 2023 1106 premissa.

252 1121 494 1173 Noveritis,
520 1122 643 1174 quod
667 1121 741 1163 die
765 1124 981 1164 mercurii
1007 1123 1218 1175 proxime
1242 1127 1344 1176 post
1368 1128 1572 1166 vestrum
1598 1136 1833 1166 recessum
1858 1123 2024 1166 abhinc

255 1192 426 1234 recessi
458 1204 623 1235 versus
657 1192 1004 1246 Perpinianum,
1038 1197 1084 1235 ut
1116 1194 1381 1247 ordinastis,
1416 1195 1492 1236 ubi
1526 1194 1740 1247 expediri
1773 1207 1866 1237 non
1898 1194 2023 1248 potui

254 1275 399 1315 usque
426 1262 706 1305 dominicam
732 1267 1010 1316 sequentem
1038 1269 1144 1318 post
1174 1266 1285 1308 solis
1315 1279 1524 1307 occasum
1555 1278 1641 1307 nec
1670 1266 1820 1308 adhuc
1848 1265 2025 1308 habere

254 1335 377 1375 valui
413 1346 498 1379 nec
532 1333 692 1376 videre
726 1348 811 1387 pro
845 1338 938 1377 toto
972 1348 1110 1388 posse
1146 1349 1248 1378 meo
1285 1336 1484 1378 litteram
1521 1336 1812 1396 dirigendam
1848 1336 1890 1378 d.
1926 1336 2023 1389 regi

247 1405 402 1447 Scocie
423 1416 576 1457 neque
598 1405 746 1457 ipsius
766 1405 988 1448 minutam
1009 1408 1082 1448 vel
1104 1408 1297 1459 copiam,
1318 1407 1527 1458 quamvis
1547 1407 1816 1460 magistrum
1839 1407 2025 1449 Petrum

254 1476 514 1528 importune
549 1475 910 1519 sollicitaverim.
954 1477 1104 1519 Habui
1138 1479 1283 1520 solam
1314 1479 1494 1531 copiam
1525 1478 1667 1520 tercie
1700 1478 2025 1531 requisicionis

255 1546 372 1589 facte
403 1547 540 1589 Petro
568 1551 613 1590 et
640 1547 996 1600 responsionem
1025 1561 1110 1601 per
1138 1561 1244 1590 eum
1273 1553 1317 1590 et
1346 1549 1609 1591 cardinales
1639 1550 1697 1591 ad
1725 1561 1828 1591 eam
1857 1549 2024 1591 factam

254 1621 297 1659 et
328 1630 465 1660 unum
495 1618 551 1659 de
582 1619 917 1671 instrumentis,
946 1632 1036 1672 que
1062 1622 1272 1672 grossata
1300 1620 1493 1672 portavi.
1536 1620 1590 1662 Et
1617 1621 1725 1673 quia
1753 1620 1841 1662 dici
1870 1619 2025 1662 audivi

253 1692 297 1730 et
328 1701 488 1731 verum
520 1689 621 1742 fuit,
654 1690 777 1742 quod
809 1690 956 1732 frater
988 1691 1267 1733 Vincencius
1299 1691 1500 1733 debebat
1530 1691 1774 1744 predicare
1808 1691 1883 1734 die
1914 1691 2024 1733 lune

254 1761 467 1812 sequenti
504 1761 551 1801 in
586 1764 736 1803 castro
770 1773 924 1803 cor-am
959 1762 1000 1803 d.
1035 1774 1146 1814 rege
1181 1765 1226 1804 et
1260 1762 1316 1803 de
1352 1761 1498 1814 ipsius
1534 1762 1751 1804 mandato
1785 1773 2024 1815 exponere

253 1831 426 1883 populo
461 1831 661 1883 capitula
696 1835 741 1873 et
775 1832 1082 1885 concordiam,
1118 1832 1239 1874 facta
1274 1833 1395 1874 inter
1431 1832 1782 1875 serenissimum
1815 1835 2023 1874 nostrum

255 1902 583 1954 imperatorem
605 1905 650 1944 et
671 1902 840 1955 ipsum:
877 1916 962 1956 ego
984 1904 1085 1956 ipsa
1106 1904 1180 1945 die
1203 1905 1327 1956 lune,
1350 1916 1438 1956 que
1460 1904 1548 1946 fuit
1568 1904 1739 1945 festum
1762 1903 2024 1957 Epiphanie

254 1971 441 2025 domini,
474 1974 679 2015 remansi
711 1986 859 2026 usque
893 1974 951 2016 ad
982 1974 1246 2027 prandium.
1292 1975 1346 2016 Et
1379 1975 1446 2016 fui
1480 1975 1527 2016 in
1560 1974 1885 2028 predicacione
1919 1973 2024 2016 dicti

254 2042 412 2086 fratris
444 2043 697 2097 Vincencii,
731 2045 808 2096 qui
843 2045 1035 2087 multum
1068 2045 1336 2086 notabiliter
1367 2046 1508 2087 missa
1541 2045 1723 2087 solenni
1756 2045 1815 2088 ad
1845 2047 2025 2098 portam

254 2114 434 2166 capelle
471 2115 608 2156 castri
644 2116 862 2168 superius
900 2124 985 2168 per
1021 2129 1127 2157 eum
1165 2117 1401 2158 celebrata
1438 2119 1618 2158 astante
1655 2116 1827 2158 ibidem
1863 2115 2025 2169 populi

254 2185 548 2227 multitudine
582 2186 901 2238 copiosissima
936 2199 1098 2239 usque,
1132 2190 1179 2228 ut
1213 2187 1366 2238 credo,
1402 2187 1460 2229 ad
1493 2187 1653 2228 decem
1688 2187 1834 2229 millia
1867 2198 2026 2240 perso-

254 2268 432 2308 narum,
469 2256 726 2309 predicavit
763 2260 966 2299 assumto
1002 2257 1204 2299 themate
1242 2271 1324 2300 suo
1361 2258 1595 2299 videlicet:
1648 2257 1946 2310 „obtulerunt
1981 2257 2023 2298 ei

255 2338 449 2368 munera
473 2339 650 2378 aurum,
673 2327 779 2368 thus
802 2330 845 2368 et
869 2328 1144 2381 myrrham²³)
1171 2331 1216 2370 et
1239 2328 1439 2381 capitula
1463 2329 1578 2381 ipsa,
1602 2328 1766 2370 eadem
1791 2327 2024 2370 laudando

254 2400 297 2438 et
328 2397 646 2450 approbando,
678 2409 913 2440 recessum
947 2398 1051 2439 dicti
1085 2399 1322 2440 Benedicti
1353 2403 1398 2441 et
1428 2399 1518 2441 alia
1549 2411 1635 2452 per
1662 2411 1773 2440 eum
1803 2398 1924 2441 facta
1955 2411 2025 2440 re-

255 2467 497 2520 probando
533 2469 762 2520 exposuit.
813 2469 866 2510 Et
905 2468 1024 2510 facto
1062 2481 1292 2521 sermone,
1330 2473 1436 2511 ante
1474 2473 1629 2511 tamen
1666 2468 2024 2521 conclusionem,

255 2538 360 2580 data
385 2538 473 2581 sibi
496 2539 584 2581 fuit
609 2539 744 2581 litera
769 2539 1108 2591 subtractionis,
1134 2539 1333 2592 sigillata
1359 2540 1513 2593 sigillo
1537 2540 1578 2582 d.
1604 2540 1727 2593 regis
1751 2543 1796 2582 et
1819 2551 1958 2582 manu
1982 2539 2023 2581 d.

255 2609 590 2663 primogeniti⁴)
626 2608 819 2662 signata.
866 2609 1008 2660 Quam
1043 2610 1254 2651 exhibuit
1286 2614 1331 2652 et
1365 2610 1629 2663 publicavit.
1677 2611 1731 2652 Et
1764 2611 1872 2663 quia
1904 2613 2024 2653 totus

254 2679 455 2732 populus
485 2692 577 2722 non
611 2680 922 2722 intellexisset
955 2680 1162 2732 latinum,
1197 2681 1316 2722 dicta
1350 2682 1503 2723 littera
1536 2680 1690 2723 fuerat
1721 2682 2024 2734 transscripta

254 2762 415 2792 eorum
447 2750 627 2803 vulgari
660 2751 706 2792 in
739 2764 829 2793 uno
861 2750 975 2793 folio
1007 2751 1158 2803 papiri
1191 2755 1235 2793 et
1267 2752 1331 2792 sic
1364 2752 1479 2794 lecta
1511 2751 1683 2794 ibidem
1713 2754 1760 2793 et
1790 2751 2023 2805 publicata

373 2880 404 2922 1)
435 2879 554 2914 Hardt
583 2879 621 2913 Il
651 2880 830 2922 554—63;
864 2880 988 2914 Mansz'
1018 2878 1176 2922 ΧΧΙἸΙ,
1205 2879 1376 2913 824-99.

373 2940 403 2978 2)
434 2938 581 2972 Berichl
609 2939 702 2971 iiber
726 2939 789 2972 die
814 2938 1070 2972 subtr-alfnon.
1108 2938 1226 2971 Hardl
1252 2938 1301 2979 II,
1325 2938 1503 2978 .2·›62—65,·
1531 2939 1656 2973 Mansi
1682 2937 1839 2975 XXVII,
1863 2937 1941 2972 829.

374 2998 405 3035 ²¹)
435 2995 564 3031 Mami.
590 2997 621 3030 3.
650 2998 701 3030 11.

379 3057 404 3094 ¹)
437 3054 491 3087 Ι)ιι
520 3055 588 3087 der
616 3054 823 3088 erkranlcte
850 3053 974 3097 Ko'niy
1001 3055 1057 3088 sie
1086 3054 1186 3088 nicht
1214 3055 1331 3088 selbst
1361 3054 1654 3089 [intercede-lmen
1684 3054 1835 3088 lcon‘nte.
