2102 3444
196 116 280 158 538
550 114 593 147 ΙΙ.
626 113 835 148 Abschnitt.
878 112 1083 145 Sermones
1114 110 1263 145 concilii
1293 110 1613 146 Constanciensis.

198 245 312 285 cap:
368 233 462 273 Non
505 244 662 273 sumus
703 230 995 273 sufficientes
1036 228 1236 282 cogitare
1277 228 1453 282 aliquid
1493 242 1517 272 a
1557 230 1693 273 nobis
1732 231 1864 284 quasi
1904 243 1963 273 ex

197 303 329 345 nobis
358 336 366 344 .
402 336 410 344 .
446 335 454 343 .

314 372 536 414 Videmus
559 373 603 413 in
625 370 849 412 fratribus
870 370 1056 422 nostris,
1078 370 1305 412 erubesco
1327 370 1496 424 dicere,
1519 371 1565 412 in
1588 371 1798 424 patribus
1819 371 1965 414 eciam

196 444 240 485 in
270 444 435 485 faciem
465 442 624 495 populi
656 443 699 482 in
730 441 929 494 publicis
957 444 1002 483 et
1030 440 1222 483 notoriis
1252 441 1644 484 fornicacionibus
1764 442 1965 484 focarias

197 518 239 556 et
266 513 545 555 concubinas
573 513 618 553 in
646 511 858 554 domibus
885 511 1189 554 habitacionis
1217 524 1378 553 eorum
1403 512 1590 565 publice
1618 515 1779 554 tenere
1808 546 1818 555 .
1852 546 1862 555 .
1897 546 1906 555 .

315 584 456 626 Multe
496 586 600 624 sunt
637 582 834 624 ecclesie
873 595 957 635 per
995 583 1155 624 orbem
1196 582 1386 635 diffuse,
1426 585 1497 625 set
1533 583 1620 624 hee
1660 595 1822 626 omnes
1860 587 1966 626 sunt

196 667 286 696 una
312 654 508 695 ecclesia
536 687 543 695 .
579 686 588 694 .
624 686 631 694 .
671 653 773 695 Una
798 656 868 695 est
895 652 1064 695 Christi
1094 665 1265 706 sponsa
1294 687 1301 694 .
1338 687 1346 695 .
1382 687 1390 695 .
1429 653 1577 696 Huius
1604 653 1817 697 Christus
1839 655 1965 707 prin-

195 738 303 778 ceps
334 728 403 767 est
433 728 478 766 et
508 727 642 777 caput
673 727 731 777 et,
764 723 841 777 qui
873 724 974 766 eius
1005 724 1130 767 vices
1159 723 1278 777 gerit
1309 724 1355 766 in
1386 723 1539 776 terris,
1570 737 1813 767 successor
1841 724 1966 767 beati

196 795 332 848 Petri,
362 795 596 838 Romanus
623 794 836 848 pontifex
865 798 910 837 et
937 807 993 837 eo
1020 807 1113 837 non
1142 795 1518 847 superexistente
1547 799 1674 838 cetus
1703 798 1966 838 sanctorum

195 866 499 909 cardinalium
540 866 693 918 quoad
732 865 946 918 quedam.
1004 865 1113 908 Ideo
1154 865 1264 918 dixi,
1307 865 1414 918 quia
1455 878 1547 907 non
1589 865 1965 920 superexistente

194 950 328 990 papa,
360 937 532 979 vicario
564 936 734 978 Christi
763 949 856 978 non
888 937 935 978 in
966 940 1107 979 totum
1139 936 1317 978 residet
1345 949 1492 989 penes
1521 939 1672 979 cetum
1702 939 1966 979 sanctorum

194 1007 513 1060 cardinalium,
543 1007 657 1049 sicut
685 1007 823 1049 hodie
854 1008 954 1049 iure
984 1006 1237 1049 novissimo
1265 1007 1624 1050 determinatum
1653 1010 1722 1050 est
1751 1045 1758 1052 .
1795 1041 1803 1050 .
1839 1041 1848 1050 .

196 1148 535 1191 Bertrancli
578 1148 818 1201 Vaquer
855 1148 902 1191 0.
931 1149 1114 1191 Carm.
1312 1148 1394 1203 [II.
1421 1148 1540 1191 dom.
1566 1161 1609 1202 p.
1635 1148 1840 1204 Pentec.]

315 1220 439 1253 Tere!
459 1228 470 1253 .·
512 1218 563 1252 Be
590 1218 658 1253 632
682 1218 709 1262 f.
735 1219 813 1254 255.

311 1278 417 1329 Qui
444 1281 646 1320 manet
672 1277 730 1319 in
758 1278 1057 1330 caritate,
1085 1278 1143 1320 in
1171 1278 1293 1321 Deo
1317 1281 1520 1320 man-et
1549 1278 1606 1332 (I.
1634 1278 1736 1320 Joh.
1765 1278 1840 1320 IV.
1868 1289 1966 1331 cap.

195 1353 238 1391 et
268 1350 313 1391 in
341 1349 540 1403 epistola
568 1347 796 1391 dominice
824 1349 1094 1403 currentis).

195 1504 233 1545 A
250 1517 278 1546 η
295 1517 318 1546 ο
336 1517 363 1546 η
379 1516 406 1558 y
421 1516 466 1546 m
480 1516 511 1546 u
526 1515 560 1546 8.

314 1574 339 1607 T
355 1575 439 1607 eoet
460 1583 470 1608 .·
509 1573 571 1608 Ste.
595 1574 641 1609 33
663 1573 689 1617 f.
713 1574 793 1608 5204.

314 1633 476 1675 Patres
519 1632 909 1675 venerandissimi
950 1632 1221 1686 egregiique
1265 1632 1479 1675 doctores
1520 1635 1567 1675 et
1609 1632 1797 1675 domini.
1854 1631 1967 1675 Cum

197 1703 333 1746 beato
355 1704 627 1746 Jeronimo.
663 1737 672 1745 .
708 1738 716 1745 .
751 1703 900 1756 Quis
935 1707 1030 1746 est
1063 1703 1213 1757 iste,
1250 1703 1351 1757 qui
1387 1702 1560 1746 venit
1595 1702 1664 1746 de
1699 1702 1880 1746 Edom

196 1774 336 1817 Ysaie
363 1775 564 1828 capitulo
590 1775 744 1817 LXIII
771 1809 779 1817 .
815 1812 822 1819 .
859 1809 868 1818 .

197 1915 413 1958 Pileus
456 1915 523 1958 cle
567 1915 795 1958 Marini
838 1915 1111 1968 archiep.
1156 1915 1517 1958 Januensz'S.

316 1986 472 2020 Teati:
510 1986 577 2020 Lei
606 1986 670 2021 179
693 1986 718 2030 f.
746 1987 830 2028 118;
857 1986 920 2021 Me
942 1986 987 2021 39
1009 1985 1035 2030 Ῐ.
1060 1986 1139 2021 201.

312 2044 518 2079 Druck:
559 2045 680 2080 Har-dt
708 2044 738 2086 I⁷
766 2045 853 2088 81&
884 2044 1009 2079 Mansi
1038 2043 1217 2086 XXVIII,
1246 2044 1325 2080 527.

314 2104 557 2146 I'nhalt:
604 2104 896 2158 Aneiferuny
931 2104 1222 2158 Siyz‘smunds
1258 2117 1337 2146 zur
1373 2103 1575 2157 Reform.

314 2174 437 2217 Sicut
466 2187 577 2216 vera
604 2179 765 2218 narrat
792 2175 999 2228 historia,
1031 2174 1332 2217 serenissime
1361 2174 1638 2228 principum,
1667 2171 1967 2216 invictissime

199 2245 398 2298 domine,
439 2246 768 2289 Constantinus
807 2246 1033 2289 adversus
1076 2245 1392 2288 Maxentinum
1431 2279 1439 2287 .
1475 2279 1483 2287 .
1519 2279 1528 2288 .
1579 2244 1882 2288 Constantine
1921 2244 1968 2286 in

198 2315 282 2358 hoc
312 2316 444 2359 vince
476 2349 485 2358 .
521 2349 529 2358 .
565 2350 574 2358 .

197 2457 564 2511 Anonymus.

316 2527 473 2561 'l‘eoets
516 2526 577 2562 S'te
602 2529 647 2563 33
672 2527 698 2571 Ῐ.
728 2529 804 2563 163.

316 2585 643 2638 Signemus
725 2599 944 2628 servos
1027 2587 1133 2628 Dei
1215 2586 1273 2628 in
1354 2585 1682 2629 frontibus
1762 2595 1968 2627 eorum

203 2657 364 2710 (Apoc.
387 2657 490 2709 VII,
511 2657 575 2710 3).
600 2657 711 2699 Cum
734 2657 940 2699 veritatis
962 2658 1226 2710 predicator
1245 2658 1552 2711 genciumque
1574 2657 1729 2700 doctor
1752 2655 1968 2710 egregius

200 2731 244 2769 et
269 2727 487 2781 magister
513 2727 809 2770 beatissimus
835 2728 1007 2771 Paulus
1034 2763 1041 2771 .
1078 2762 1086 2769 .
1122 2762 1131 2770 .

200 2867 419 2911 Moritz
464 2882 573 2912 von
614 2869 782 2922 Pray.

318 2938 475 2973 'sea-t:
519 2939 556 2971 W
582 2939 675 2974 4958
697 2938 724 2982 t.
749 2940 827 2974 431.

318 2996 474 3041 Sitis
510 2999 748 3051 repleti
786 2998 995 3040 fructu
1033 2999 1294 3041 iusticie
1337 2998 1417 3052 (ad
1442 2998 1560 3041 Phil.
1591 2998 1622 3051 I,
1650 2998 1725 3053 11)
1754 3031 1763 3040 .
1798 3030 1807 3038 .
1842 3029 1851 3039 .
