<?xml version="1.0" encoding="UTF-8"?>
<!DOCTYPE html PUBLIC "-//W3C//DTD XHTML 1.0 Transitional//EN"
    "http://www.w3.org/TR/xhtml1/DTD/xhtml1-transitional.dtd">
<html xmlns="http://www.w3.org/1999/xhtml" xml:lang="en" lang="en">
 <head>
  <title>
</title>
<meta http-equiv="Content-Type" content="text/html;charset=utf-8" />
  <meta name='ocr-system' content='tesseract 3.04.00' />
  <meta name='ocr-capabilities' content='ocr_page ocr_carea ocr_par ocr_line ocrx_word'/>
</head>
<body>
  <div class='ocr_page' id='page_1' title='image "./actaconciliicons02counuoft/actaconciliicons02counuoft_0354.png"; bbox 0 0 2102 3444; ppageno 0'>
   <div class='ocr_carea' id='block_1_1' title="bbox 235 153 1472 198">
    <p class='ocr_par' dir='ltr' id='par_1_1' title="bbox 235 153 1472 198">
     <span class='ocr_line' id='line_1_1' title="bbox 235 153 1472 198; baseline 0.001 -11"><span class='ocrx_word' id='word_1_1' title='bbox 235 154 320 196; x_wconf 85' lang='lat'>340</span> <span class='ocrx_word' id='word_1_2' title='bbox 772 154 796 187; x_wconf 90' lang='lat'>1.</span> <span class='ocrx_word' id='word_1_3' title='bbox 825 153 1033 188; x_wconf 81' lang='lat' dir='ltr'>Absclmitt.</span> <span class='ocrx_word' id='word_1_4' title='bbox 1072 153 1472 198; x_wconf 82' lang='lat' dir='ltr'>Konzilstagebiicher.</span> 
     </span>
    </p>
   </div>
   <div class='ocr_carea' id='block_1_2' title="bbox 236 272 2020 2951">
    <p class='ocr_par' dir='ltr' id='par_1_2' title="bbox 236 272 2010 893">
     <span class='ocr_line' id='line_1_2' title="bbox 238 272 2008 325; baseline 0.001 -12"><span class='ocrx_word' id='word_1_5' title='bbox 238 273 329 314; x_wconf 90' lang='lat' dir='ltr'>lem</span> <span class='ocrx_word' id='word_1_6' title='bbox 358 276 403 314; x_wconf 84' lang='lat' dir='ltr'>et</span> <span class='ocrx_word' id='word_1_7' title='bbox 432 272 589 315; x_wconf 84' lang='lat' dir='ltr'>Sicilie</span> <span class='ocrx_word' id='word_1_8' title='bbox 621 272 780 325; x_wconf 81' lang='lat' dir='ltr'>regine</span> <span class='ocrx_word' id='word_1_9' title='bbox 812 272 854 313; x_wconf 91' lang='lat' dir='ltr'>in</span> <span class='ocrx_word' id='word_1_10' title='bbox 887 275 1113 325; x_wconf 91' lang='lat' dir='ltr'>apparatu</span> <span class='ocrx_word' id='word_1_11' title='bbox 1142 272 1424 325; x_wconf 92' lang='lat' dir='ltr'>pulcerrimo</span> <span class='ocrx_word' id='word_1_12' title='bbox 1455 273 1778 316; x_wconf 90' lang='lat' dir='ltr'>Constanciam</span> <span class='ocrx_word' id='word_1_13' title='bbox 1808 276 1914 316; x_wconf 91' lang='lat' dir='ltr'>sunt</span> <span class='ocrx_word' id='word_1_14' title='bbox 1943 272 2008 315; x_wconf 90' lang='lat' dir='ltr'>in-</span> 
     </span>
     <span class='ocr_line' id='line_1_3' title="bbox 236 342 2009 396; baseline 0.001 -12"><span class='ocrx_word' id='word_1_15' title='bbox 236 343 399 394; x_wconf 89' lang='lat' dir='ltr'>gressi.</span> <span class='ocrx_word' id='word_1_16' title='bbox 442 342 617 394; x_wconf 83' lang='lat' dir='ltr'>Quibus</span> <span class='ocrx_word' id='word_1_17' title='bbox 647 355 705 384; x_wconf 88' lang='lat' dir='ltr'>ex</span> <span class='ocrx_word' id='word_1_18' title='bbox 733 346 865 396; x_wconf 88' lang='lat' dir='ltr'>parte</span> <span class='ocrx_word' id='word_1_19' title='bbox 894 343 1139 385; x_wconf 80' lang='lat' dir='ltr'>nacionum</span> <span class='ocrx_word' id='word_1_20' title='bbox 1174 343 1328 386; x_wconf 87' lang='lat' dir='ltr'>Italice</span> <span class='ocrx_word' id='word_1_21' title='bbox 1358 347 1404 387; x_wconf 86' lang='lat' dir='ltr'>et</span> <span class='ocrx_word' id='word_1_22' title='bbox 1432 344 1672 386; x_wconf 81' lang='lat' dir='ltr'>Gallicane</span> <span class='ocrx_word' id='word_1_23' title='bbox 1703 344 2009 386; x_wconf 86' lang='lat' dir='ltr'>obviaverunt</span> 
     </span>
     <span class='ocr_line' id='line_1_4' title="bbox 238 414 2009 468; baseline 0.001 -13"><span class='ocrx_word' id='word_1_24' title='bbox 238 414 535 466; x_wconf 76' lang='lat' dir='ltr'>presidentes</span> <span class='ocrx_word' id='word_1_25' title='bbox 556 414 812 456; x_wconf 88' lang='lat' dir='ltr'>earundem</span> <span class='ocrx_word' id='word_1_26' title='bbox 835 414 1080 455; x_wconf 77' lang='lat' dir='ltr'>nacionum</span> <span class='ocrx_word' id='word_1_27' title='bbox 1103 427 1203 456; x_wconf 88' lang='lat' dir='ltr'>cum</span> <span class='ocrx_word' id='word_1_28' title='bbox 1226 415 1440 468; x_wconf 89' lang='lat' dir='ltr'>pluribus</span> <span class='ocrx_word' id='word_1_29' title='bbox 1461 416 1656 468; x_wconf 87' lang='lat' dir='ltr'>prelatis</span> <span class='ocrx_word' id='word_1_30' title='bbox 1678 418 1723 456; x_wconf 91' lang='lat' dir='ltr'>et</span> <span class='ocrx_word' id='word_1_31' title='bbox 1745 415 1850 458; x_wconf 85' lang='lat' dir='ltr'>aliis</span> <span class='ocrx_word' id='word_1_32' title='bbox 1871 417 2009 468; x_wconf 88' lang='lat' dir='ltr'>atque</span> 
     </span>
     <span class='ocr_line' id='line_1_5' title="bbox 238 477 2010 539; baseline 0.001 -13"><span class='ocrx_word' id='word_1_33' title='bbox 238 477 415 527; x_wconf 84' lang='lat' dir='ltr'>familie</span> <span class='ocrx_word' id='word_1_34' title='bbox 452 485 492 527; x_wconf 94' lang='lat' dir='ltr'>d.</span> <span class='ocrx_word' id='word_1_35' title='bbox 528 484 848 538; x_wconf 84' lang='lat' dir='ltr'>cardinalium,</span> <span class='ocrx_word' id='word_1_36' title='bbox 883 485 1091 538; x_wconf 87' lang='lat' dir='ltr'>exceptis</span> <span class='ocrx_word' id='word_1_37' title='bbox 1126 486 1362 538; x_wconf 86' lang='lat' dir='ltr'>aliquibus</span> <span class='ocrx_word' id='word_1_38' title='bbox 1397 486 1666 538; x_wconf 89' lang='lat' dir='ltr'>Gallicanis,</span> <span class='ocrx_word' id='word_1_39' title='bbox 1701 498 1897 539; x_wconf 88' lang='lat' dir='ltr'>quorum</span> <span class='ocrx_word' id='word_1_40' title='bbox 1931 498 2010 528; x_wconf 93' lang='lat' dir='ltr'>no—</span> 
     </span>
     <span class='ocr_line' id='line_1_6' title="bbox 239 555 2010 610; baseline 0.002 -14"><span class='ocrx_word' id='word_1_41' title='bbox 239 556 363 599; x_wconf 89' lang='lat' dir='ltr'>mina</span> <span class='ocrx_word' id='word_1_42' title='bbox 391 559 496 598; x_wconf 88' lang='lat' dir='ltr'>sunt</span> <span class='ocrx_word' id='word_1_43' title='bbox 521 556 623 597; x_wconf 91' lang='lat' dir='ltr'>hec:</span> <span class='ocrx_word' id='word_1_44' title='bbox 668 556 717 597; x_wconf 91' lang='lat' dir='ltr'>D.</span> <span class='ocrx_word' id='word_1_45' title='bbox 746 555 893 597; x_wconf 88' lang='lat' dir='ltr'>frater</span> <span class='ocrx_word' id='word_1_46' title='bbox 921 556 1208 599; x_wconf 86' lang='lat' dir='ltr'>Laurencius</span> <span class='ocrx_word' id='word_1_47' title='bbox 1236 557 1292 598; x_wconf 91' lang='lat' dir='ltr'>de</span> <span class='ocrx_word' id='word_1_48' title='bbox 1320 558 1512 610; x_wconf 89' lang='lat' dir='ltr'>Neapoli</span> <span class='ocrx_word' id='word_1_49' title='bbox 1543 557 1721 599; x_wconf 91' lang='lat' dir='ltr'>ordinis</span> <span class='ocrx_word' id='word_1_50' title='bbox 1748 556 1893 599; x_wconf 92' lang='lat' dir='ltr'>sancti</span> <span class='ocrx_word' id='word_1_51' title='bbox 1920 557 2010 599; x_wconf 94' lang='lat' dir='ltr'>Au-</span> 
     </span>
     <span class='ocr_line' id='line_1_7' title="bbox 238 626 2010 681; baseline 0.001 -13"><span class='ocrx_word' id='word_1_52' title='bbox 238 627 424 680; x_wconf 87' lang='lat' dir='ltr'>gustini,</span> <span class='ocrx_word' id='word_1_53' title='bbox 459 639 588 668; x_wconf 84' lang='lat' dir='ltr'>sacre</span> <span class='ocrx_word' id='word_1_54' title='bbox 624 626 855 680; x_wconf 73' lang='lat' dir='ltr'>theologie</span> <span class='ocrx_word' id='word_1_55' title='bbox 891 627 1124 681; x_wconf 87' lang='lat' dir='ltr'>magister,</span> <span class='ocrx_word' id='word_1_56' title='bbox 1161 628 1336 670; x_wconf 89' lang='lat' dir='ltr'>electus</span> <span class='ocrx_word' id='word_1_57' title='bbox 1372 629 1657 681; x_wconf 82' lang='lat' dir='ltr'>Aversanus,</span> <span class='ocrx_word' id='word_1_58' title='bbox 1693 628 1734 670; x_wconf 94' lang='lat' dir='ltr'>d.</span> <span class='ocrx_word' id='word_1_59' title='bbox 1771 628 2010 671; x_wconf 83' lang='lat' dir='ltr'>Johannes</span> 
     </span>
     <span class='ocr_line' id='line_1_8' title="bbox 240 697 2010 752; baseline 0.002 -14"><span class='ocrx_word' id='word_1_60' title='bbox 240 697 295 738; x_wconf 90' lang='lat' dir='ltr'>de</span> <span class='ocrx_word' id='word_1_61' title='bbox 332 700 489 739; x_wconf 87' lang='lat' dir='ltr'>sancto</span> <span class='ocrx_word' id='word_1_62' title='bbox 524 697 735 739; x_wconf 87' lang='lat' dir='ltr'>Preiecto</span> <span class='ocrx_word' id='word_1_63' title='bbox 768 699 1073 740; x_wconf 85' lang='lat' dir='ltr'>marescallus</span> <span class='ocrx_word' id='word_1_64' title='bbox 1107 699 1256 752; x_wconf 91' lang='lat' dir='ltr'>miles,</span> <span class='ocrx_word' id='word_1_65' title='bbox 1291 699 1332 741; x_wconf 89' lang='lat' dir='ltr'>d.</span> <span class='ocrx_word' id='word_1_66' title='bbox 1369 698 1630 742; x_wconf 89' lang='lat' dir='ltr'>Cristianus</span> <span class='ocrx_word' id='word_1_67' title='bbox 1665 699 1919 742; x_wconf 89' lang='lat' dir='ltr'>Carazulus</span> <span class='ocrx_word' id='word_1_68' title='bbox 1953 699 2010 741; x_wconf 89' lang='lat' dir='ltr'>de</span> 
     </span>
     <span class='ocr_line' id='line_1_9' title="bbox 241 768 2010 822; baseline 0.002 -13"><span class='ocrx_word' id='word_1_69' title='bbox 241 768 432 821; x_wconf 87' lang='lat' dir='ltr'>Neapoli</span> <span class='ocrx_word' id='word_1_70' title='bbox 459 769 606 810; x_wconf 87' lang='lat' dir='ltr'>sancti</span> <span class='ocrx_word' id='word_1_71' title='bbox 632 768 800 810; x_wconf 84' lang='lat' dir='ltr'>Clerici</span> <span class='ocrx_word' id='word_1_72' title='bbox 826 769 1054 822; x_wconf 89' lang='lat' dir='ltr'>dominus,</span> <span class='ocrx_word' id='word_1_73' title='bbox 1082 770 1123 811; x_wconf 93' lang='lat' dir='ltr'>d.</span> <span class='ocrx_word' id='word_1_74' title='bbox 1152 769 1440 812; x_wconf 87' lang='lat' dir='ltr'>Bertrandus</span> <span class='ocrx_word' id='word_1_75' title='bbox 1468 770 1523 811; x_wconf 92' lang='lat' dir='ltr'>de</span> <span class='ocrx_word' id='word_1_76' title='bbox 1552 773 1711 812; x_wconf 87' lang='lat' dir='ltr'>sancto</span> <span class='ocrx_word' id='word_1_77' title='bbox 1735 770 1873 812; x_wconf 86' lang='lat' dir='ltr'>Aiuto</span> <span class='ocrx_word' id='word_1_78' title='bbox 1897 773 1944 812; x_wconf 89' lang='lat' dir='ltr'>et</span> <span class='ocrx_word' id='word_1_79' title='bbox 1969 770 2010 812; x_wconf 93' lang='lat' dir='ltr'>d.</span> 
     </span>
     <span class='ocr_line' id='line_1_10' title="bbox 240 839 1550 893; baseline 0.002 -13"><span class='ocrx_word' id='word_1_80' title='bbox 240 839 454 881; x_wconf 79' lang='lat' dir='ltr'>Andreas</span> <span class='ocrx_word' id='word_1_81' title='bbox 482 839 650 881; x_wconf 90' lang='lat' dir='ltr'>Mathie</span> <span class='ocrx_word' id='word_1_82' title='bbox 675 840 733 881; x_wconf 92' lang='lat' dir='ltr'>de</span> <span class='ocrx_word' id='word_1_83' title='bbox 757 839 989 893; x_wconf 87' lang='lat' dir='ltr'>Calabria,</span> <span class='ocrx_word' id='word_1_84' title='bbox 1014 841 1129 883; x_wconf 89' lang='lat' dir='ltr'>iuris</span> <span class='ocrx_word' id='word_1_85' title='bbox 1153 841 1301 883; x_wconf 90' lang='lat' dir='ltr'>civilis</span> <span class='ocrx_word' id='word_1_86' title='bbox 1326 841 1550 883; x_wconf 86' lang='lat' dir='ltr'>doctores.</span> 
     </span>
    </p>

    <p class='ocr_par' dir='ltr' id='par_1_3' title="bbox 239 911 2012 1249">
     <span class='ocr_line' id='line_1_11' title="bbox 358 911 2012 966; baseline 0.001 -14"><span class='ocrx_word' id='word_1_87' title='bbox 358 911 443 952; x_wconf 92' lang='lat' dir='ltr'>Die</span> <span class='ocrx_word' id='word_1_88' title='bbox 467 911 583 953; x_wconf 87' lang='lat' dir='ltr'>iovis</span> <span class='ocrx_word' id='word_1_89' title='bbox 606 911 785 953; x_wconf 91' lang='lat' dir='ltr'>decima</span> <span class='ocrx_word' id='word_1_90' title='bbox 806 912 982 954; x_wconf 87' lang='lat' dir='ltr'>mensis</span> <span class='ocrx_word' id='word_1_91' title='bbox 1004 911 1292 964; x_wconf 86' lang='lat' dir='ltr'>Septembris</span> <span class='ocrx_word' id='word_1_92' title='bbox 1316 912 1567 965; x_wconf 76' lang='lat' dir='ltr'>supradicti</span> <span class='ocrx_word' id='word_1_93' title='bbox 1590 915 1800 954; x_wconf 88' lang='lat' dir='ltr'>oratores</span> <span class='ocrx_word' id='word_1_94' title='bbox 1823 912 1864 954; x_wconf 92' lang='lat' dir='ltr'>d.</span> <span class='ocrx_word' id='word_1_95' title='bbox 1887 913 2012 966; x_wconf 88' lang='lat' dir='ltr'>regis</span> 
     </span>
     <span class='ocr_line' id='line_1_12' title="bbox 239 981 2011 1035; baseline 0.001 -12"><span class='ocrx_word' id='word_1_96' title='bbox 239 982 505 1034; x_wconf 87' lang='lat' dir='ltr'>Aragonum</span> <span class='ocrx_word' id='word_1_97' title='bbox 540 981 585 1023; x_wconf 92' lang='lat' dir='ltr'>in</span> <span class='ocrx_word' id='word_1_98' title='bbox 621 982 978 1035; x_wconf 84' lang='lat' dir='ltr'>congregatione</span> <span class='ocrx_word' id='word_1_99' title='bbox 1013 983 1198 1035; x_wconf 91' lang='lat' dir='ltr'>publica</span> <span class='ocrx_word' id='word_1_100' title='bbox 1234 983 1279 1024; x_wconf 93' lang='lat' dir='ltr'>in</span> <span class='ocrx_word' id='word_1_101' title='bbox 1317 984 1414 1025; x_wconf 91' lang='lat' dir='ltr'>loco</span> <span class='ocrx_word' id='word_1_102' title='bbox 1450 983 1586 1025; x_wconf 91' lang='lat' dir='ltr'>solito</span> <span class='ocrx_word' id='word_1_103' title='bbox 1620 983 1846 1026; x_wconf 87' lang='lat' dir='ltr'>sessionis</span> <span class='ocrx_word' id='word_1_104' title='bbox 1881 995 2011 1026; x_wconf 89' lang='lat' dir='ltr'>suam</span> 
     </span>
     <span class='ocr_line' id='line_1_13' title="bbox 242 1053 2012 1107; baseline 0.001 -13"><span class='ocrx_word' id='word_1_105' title='bbox 242 1053 527 1106; x_wconf 87' lang='lat' dir='ltr'>legacionem</span> <span class='ocrx_word' id='word_1_106' title='bbox 564 1057 884 1105; x_wconf 88' lang='lat' dir='ltr'>exposuerunt</span> <span class='ocrx_word' id='word_1_107' title='bbox 917 1057 963 1095; x_wconf 89' lang='lat' dir='ltr'>et</span> <span class='ocrx_word' id='word_1_108' title='bbox 999 1055 1176 1096; x_wconf 90' lang='lat' dir='ltr'>locutus</span> <span class='ocrx_word' id='word_1_109' title='bbox 1211 1058 1281 1096; x_wconf 90' lang='lat' dir='ltr'>est</span> <span class='ocrx_word' id='word_1_110' title='bbox 1316 1055 1356 1098; x_wconf 77' lang='lat' dir='ltr'>d.</span> <span class='ocrx_word' id='word_1_111' title='bbox 1394 1054 1599 1107; x_wconf 84' lang='lat' dir='ltr'>Sperans</span> <span class='ocrx_word' id='word_1_112' title='bbox 1636 1054 1682 1095; x_wconf 93' lang='lat' dir='ltr'>in</span> <span class='ocrx_word' id='word_1_113' title='bbox 1719 1054 1816 1096; x_wconf 88' lang='lat' dir='ltr'>Deo</span> <span class='ocrx_word' id='word_1_114' title='bbox 1850 1057 2012 1096; x_wconf 89' lang='lat' dir='ltr'>ornata</span> 
     </span>
     <span class='ocr_line' id='line_1_14' title="bbox 241 1123 2011 1178; baseline 0.001 -13"><span class='ocrx_word' id='word_1_115' title='bbox 241 1123 463 1178; x_wconf 90' lang='lat' dir='ltr'>oratione,</span> <span class='ocrx_word' id='word_1_116' title='bbox 497 1136 585 1176; x_wconf 91' lang='lat' dir='ltr'>que</span> <span class='ocrx_word' id='word_1_117' title='bbox 620 1124 843 1177; x_wconf 90' lang='lat' dir='ltr'>sequitur,</span> <span class='ocrx_word' id='word_1_118' title='bbox 876 1128 921 1166; x_wconf 90' lang='lat' dir='ltr'>et</span> <span class='ocrx_word' id='word_1_119' title='bbox 954 1125 1194 1178; x_wconf 81' lang='lat' dir='ltr'>respondit</span> <span class='ocrx_word' id='word_1_120' title='bbox 1227 1125 1296 1167; x_wconf 92' lang='lat' dir='ltr'>eis</span> <span class='ocrx_word' id='word_1_121' title='bbox 1328 1125 1514 1166; x_wconf 91' lang='lat' dir='ltr'>nomine</span> <span class='ocrx_word' id='word_1_122' title='bbox 1549 1126 1666 1167; x_wconf 92' lang='lat' dir='ltr'>sacri</span> <span class='ocrx_word' id='word_1_123' title='bbox 1700 1125 1883 1167; x_wconf 90' lang='lat' dir='ltr'>concilii</span> <span class='ocrx_word' id='word_1_124' title='bbox 1916 1137 2011 1167; x_wconf 91' lang='lat' dir='ltr'>rev.</span> 
     </span>
     <span class='ocr_line' id='line_1_15' title="bbox 240 1195 1513 1249; baseline 0.002 -14"><span class='ocrx_word' id='word_1_125' title='bbox 240 1195 282 1236; x_wconf 87' lang='lat' dir='ltr'>d.</span> <span class='ocrx_word' id='word_1_126' title='bbox 313 1195 351 1237; x_wconf 85' lang='lat' dir='ltr'>J.</span> <span class='ocrx_word' id='word_1_127' title='bbox 381 1195 629 1248; x_wconf 84' lang='lat' dir='ltr'>episcopus</span> <span class='ocrx_word' id='word_1_128' title='bbox 657 1195 898 1249; x_wconf 87' lang='lat' dir='ltr'>Ostiensis,</span> <span class='ocrx_word' id='word_1_129' title='bbox 928 1195 1179 1238; x_wconf 90' lang='lat' dir='ltr'>cardinalis</span> <span class='ocrx_word' id='word_1_130' title='bbox 1209 1196 1513 1238; x_wconf 88' lang='lat' dir='ltr'>Vivariensis.</span> 
     </span>
    </p>

    <p class='ocr_par' dir='ltr' id='par_1_4' title="bbox 242 1266 2014 1462">
     <span class='ocr_line' id='line_1_16' title="bbox 362 1266 2013 1320; baseline 0.001 -12"><span class='ocrx_word' id='word_1_131' title='bbox 362 1266 629 1319; x_wconf 88' lang='lat' dir='ltr'>Proposicio</span> <span class='ocrx_word' id='word_1_132' title='bbox 675 1267 721 1308; x_wconf 90' lang='lat' dir='ltr'>in</span> <span class='ocrx_word' id='word_1_133' title='bbox 766 1267 960 1308; x_wconf 89' lang='lat' dir='ltr'>concilio</span> <span class='ocrx_word' id='word_1_134' title='bbox 1003 1267 1214 1319; x_wconf 87' lang='lat' dir='ltr'>generali</span> <span class='ocrx_word' id='word_1_135' title='bbox 1260 1267 1603 1309; x_wconf 88' lang='lat' dir='ltr'>Constantiensi</span> <span class='ocrx_word' id='word_1_136' title='bbox 1646 1268 1885 1320; x_wconf 90' lang='lat' dir='ltr'>proposita</span> <span class='ocrx_word' id='word_1_137' title='bbox 1930 1279 2013 1309; x_wconf 86' lang='lat' dir='ltr'>Seu</span> 
     </span>
     <span class='ocr_line' id='line_1_17' title="bbox 242 1337 2014 1391; baseline 0.001 -13"><span class='ocrx_word' id='word_1_138' title='bbox 242 1337 361 1379; x_wconf 88' lang='lat' dir='ltr'>facta</span> <span class='ocrx_word' id='word_1_139' title='bbox 394 1349 480 1391; x_wconf 90' lang='lat' dir='ltr'>per</span> <span class='ocrx_word' id='word_1_140' title='bbox 513 1337 838 1379; x_wconf 91' lang='lat' dir='ltr'>honorabilem</span> <span class='ocrx_word' id='word_1_141' title='bbox 872 1341 917 1379; x_wconf 90' lang='lat' dir='ltr'>et</span> <span class='ocrx_word' id='word_1_142' title='bbox 950 1337 1229 1391; x_wconf 87' lang='lat' dir='ltr'>prudentem</span> <span class='ocrx_word' id='word_1_143' title='bbox 1263 1338 1412 1379; x_wconf 84' lang='lat' dir='ltr'>virum</span> <span class='ocrx_word' id='word_1_144' title='bbox 1448 1338 1489 1380; x_wconf 92' lang='lat' dir='ltr'>d.</span> <span class='ocrx_word' id='word_1_145' title='bbox 1525 1338 1800 1391; x_wconf 89' lang='lat' dir='ltr'>Sperantem</span> <span class='ocrx_word' id='word_1_146' title='bbox 1834 1337 1881 1379; x_wconf 92' lang='lat' dir='ltr'>in</span> <span class='ocrx_word' id='word_1_147' title='bbox 1916 1337 2014 1379; x_wconf 88' lang='lat' dir='ltr'>Deo</span> 
     </span>
     <span class='ocr_line' id='line_1_18' title="bbox 243 1407 2012 1462; baseline 0 -12"><span class='ocrx_word' id='word_1_148' title='bbox 243 1407 456 1450; x_wconf 88' lang='lat' dir='ltr'>Cardona</span> <span class='ocrx_word' id='word_1_149' title='bbox 487 1410 721 1461; x_wconf 78' lang='lat' dir='ltr'>tamquam</span> <span class='ocrx_word' id='word_1_150' title='bbox 755 1407 1138 1450; x_wconf 86' lang='lat' dir='ltr'>ambassiatorem</span> <span class='ocrx_word' id='word_1_151' title='bbox 1172 1408 1461 1451; x_wconf 88' lang='lat' dir='ltr'>serenissimi</span> <span class='ocrx_word' id='word_1_152' title='bbox 1494 1409 1536 1450; x_wconf 91' lang='lat' dir='ltr'>d.</span> <span class='ocrx_word' id='word_1_153' title='bbox 1569 1409 1695 1462; x_wconf 89' lang='lat' dir='ltr'>regis</span> <span class='ocrx_word' id='word_1_154' title='bbox 1726 1408 2012 1462; x_wconf 91' lang='lat' dir='ltr'>Aragonum:</span> 
     </span>
    </p>

    <p class='ocr_par' dir='ltr' id='par_1_5' title="bbox 242 1478 2020 2951">
     <span class='ocr_line' id='line_1_19' title="bbox 359 1478 2013 1533; baseline 0 -13"><span class='ocrx_word' id='word_1_155' title='bbox 359 1478 511 1520; x_wconf 78' lang='lat' dir='ltr'>Revmi</span> <span class='ocrx_word' id='word_1_156' title='bbox 537 1482 582 1521; x_wconf 91' lang='lat' dir='ltr'>et</span> <span class='ocrx_word' id='word_1_157' title='bbox 608 1479 995 1533; x_wconf 85' lang='lat' dir='ltr'>metuendissimi,</span> <span class='ocrx_word' id='word_1_158' title='bbox 1023 1491 1117 1521; x_wconf 89' lang='lat' dir='ltr'>rev.</span> <span class='ocrx_word' id='word_1_159' title='bbox 1145 1480 1191 1521; x_wconf 92' lang='lat' dir='ltr'>in</span> <span class='ocrx_word' id='word_1_160' title='bbox 1219 1479 1324 1522; x_wconf 90' lang='lat' dir='ltr'>Chr.</span> <span class='ocrx_word' id='word_1_161' title='bbox 1350 1493 1393 1533; x_wconf 91' lang='lat' dir='ltr'>p.</span> <span class='ocrx_word' id='word_1_162' title='bbox 1420 1483 1466 1521; x_wconf 89' lang='lat' dir='ltr'>et</span> <span class='ocrx_word' id='word_1_163' title='bbox 1490 1480 1532 1521; x_wconf 92' lang='lat' dir='ltr'>d.</span> <span class='ocrx_word' id='word_1_164' title='bbox 1560 1478 1810 1533; x_wconf 83' lang='lat' dir='ltr'>magnifici,</span> <span class='ocrx_word' id='word_1_165' title='bbox 1835 1479 2013 1533; x_wconf 87' lang='lat' dir='ltr'>egregii</span> 
     </span>
     <span class='ocr_line' id='line_1_20' title="bbox 243 1550 2015 1604; baseline 0.001 -13"><span class='ocrx_word' id='word_1_166' title='bbox 243 1554 288 1592; x_wconf 93' lang='lat' dir='ltr'>et</span> <span class='ocrx_word' id='word_1_167' title='bbox 312 1550 593 1603; x_wconf 87' lang='lat' dir='ltr'>spectabiles</span> <span class='ocrx_word' id='word_1_168' title='bbox 620 1550 722 1604; x_wconf 90' lang='lat' dir='ltr'>viri,</span> <span class='ocrx_word' id='word_1_169' title='bbox 749 1550 1172 1592; x_wconf 90' lang='lat' dir='ltr'>illustrissimorum</span> <span class='ocrx_word' id='word_1_170' title='bbox 1200 1564 1251 1593; x_wconf 91' lang='lat' dir='ltr'>ac</span> <span class='ocrx_word' id='word_1_171' title='bbox 1279 1550 1687 1593; x_wconf 90' lang='lat' dir='ltr'>serenissimorum</span> <span class='ocrx_word' id='word_1_172' title='bbox 1714 1551 1755 1592; x_wconf 92' lang='lat' dir='ltr'>d.</span> <span class='ocrx_word' id='word_1_173' title='bbox 1783 1562 1944 1604; x_wconf 89' lang='lat' dir='ltr'>regum</span> <span class='ocrx_word' id='word_1_174' title='bbox 1970 1553 2015 1592; x_wconf 88' lang='lat' dir='ltr'>et</span> 
     </span>
     <span class='ocr_line' id='line_1_21' title="bbox 243 1620 2014 1675; baseline 0 -13"><span class='ocrx_word' id='word_1_175' title='bbox 243 1620 503 1674; x_wconf 89' lang='lat' dir='ltr'>principum</span> <span class='ocrx_word' id='word_1_176' title='bbox 539 1634 589 1663; x_wconf 91' lang='lat' dir='ltr'>ac</span> <span class='ocrx_word' id='word_1_177' title='bbox 623 1622 999 1664; x_wconf 89' lang='lat' dir='ltr'>communitatum</span> <span class='ocrx_word' id='word_1_178' title='bbox 1037 1621 1287 1675; x_wconf 91' lang='lat' dir='ltr'>insignium</span> <span class='ocrx_word' id='word_1_179' title='bbox 1324 1625 1533 1664; x_wconf 92' lang='lat' dir='ltr'>oratores</span> <span class='ocrx_word' id='word_1_180' title='bbox 1568 1621 1804 1675; x_wconf 89' lang='lat' dir='ltr'>ceterique</span> <span class='ocrx_word' id='word_1_181' title='bbox 1838 1621 2014 1675; x_wconf 86' lang='lat' dir='ltr'>egregii</span> 
     </span>
     <span class='ocr_line' id='line_1_22' title="bbox 244 1692 2016 1746; baseline 0 -12"><span class='ocrx_word' id='word_1_182' title='bbox 244 1692 525 1744; x_wconf 85' lang='lat' dir='ltr'>spectabiles</span> <span class='ocrx_word' id='word_1_183' title='bbox 557 1705 607 1735; x_wconf 92' lang='lat' dir='ltr'>ac</span> <span class='ocrx_word' id='word_1_184' title='bbox 638 1692 890 1735; x_wconf 84' lang='lat' dir='ltr'>doctissimi</span> <span class='ocrx_word' id='word_1_185' title='bbox 921 1693 1009 1734; x_wconf 89' lang='lat' dir='ltr'>viri</span> <span class='ocrx_word' id='word_1_186' title='bbox 1040 1696 1087 1735; x_wconf 91' lang='lat' dir='ltr'>et</span> <span class='ocrx_word' id='word_1_187' title='bbox 1117 1693 1158 1735; x_wconf 89' lang='lat' dir='ltr'>d.</span> <span class='ocrx_word' id='word_1_188' title='bbox 1190 1693 1451 1734; x_wconf 90' lang='lat' dir='ltr'>honorandi</span> <span class='ocrx_word' id='word_1_189' title='bbox 1483 1693 1556 1734; x_wconf 92' lang='lat' dir='ltr'>hic</span> <span class='ocrx_word' id='word_1_190' title='bbox 1586 1694 1846 1746; x_wconf 89' lang='lat' dir='ltr'>presentes.</span> <span class='ocrx_word' id='word_1_191' title='bbox 1901 1692 2016 1744; x_wconf 89' lang='lat' dir='ltr'>Quo-</span> 
     </span>
     <span class='ocr_line' id='line_1_23' title="bbox 242 1762 2013 1817; baseline 0.001 -13"><span class='ocrx_word' id='word_1_192' title='bbox 242 1763 366 1805; x_wconf 89' lang='lat' dir='ltr'>niam</span> <span class='ocrx_word' id='word_1_193' title='bbox 399 1764 526 1806; x_wconf 82' lang='lat' dir='ltr'>iuxta</span> <span class='ocrx_word' id='word_1_194' title='bbox 559 1763 801 1806; x_wconf 87' lang='lat' dir='ltr'>Senecam:</span> <span class='ocrx_word' id='word_1_195' title='bbox 849 1764 934 1816; x_wconf 84' lang='lat' dir='ltr'>Qui</span> <span class='ocrx_word' id='word_1_196' title='bbox 968 1764 1099 1806; x_wconf 88' lang='lat' dir='ltr'>tarde</span> <span class='ocrx_word' id='word_1_197' title='bbox 1134 1767 1321 1816; x_wconf 86' lang='lat' dir='ltr'>exeunt,</span> <span class='ocrx_word' id='word_1_198' title='bbox 1355 1776 1532 1806; x_wconf 92' lang='lat' dir='ltr'>moram</span> <span class='ocrx_word' id='word_1_199' title='bbox 1565 1763 1737 1817; x_wconf 93' lang='lat' dir='ltr'>pedum</span> <span class='ocrx_word' id='word_1_200' title='bbox 1770 1762 2013 1806; x_wconf 91' lang='lat' dir='ltr'>velocitate</span> 
     </span>
     <span class='ocr_line' id='line_1_24' title="bbox 245 1833 2016 1892; baseline 0.001 -17"><span class='ocrx_word' id='word_1_201' title='bbox 245 1839 547 1887; x_wconf 78' lang='lat' dir='ltr'>compensant</span> <span class='ocrx_word' id='word_1_202' title='bbox 569 1869 576 1876; x_wconf 92' lang='lat'>.</span> <span class='ocrx_word' id='word_1_203' title='bbox 595 1869 603 1876; x_wconf 90' lang='lat'><strong>.</strong></span> <span class='ocrx_word' id='word_1_204' title='bbox 622 1869 629 1876; x_wconf 92' lang='lat'><strong>.</strong></span> <span class='ocrx_word' id='word_1_205' title='bbox 651 1835 823 1877; x_wconf 87' lang='lat' dir='ltr'>idcirco</span> <span class='ocrx_word' id='word_1_206' title='bbox 845 1848 930 1877; x_wconf 91' lang='lat' dir='ltr'>nos</span> <span class='ocrx_word' id='word_1_207' title='bbox 954 1835 1243 1878; x_wconf 84' lang='lat' dir='ltr'>serenissimi</span> <span class='ocrx_word' id='word_1_208' title='bbox 1265 1838 1311 1876; x_wconf 90' lang='lat' dir='ltr'>et</span> <span class='ocrx_word' id='word_1_209' title='bbox 1330 1835 1637 1892; x_wconf 70' lang='lat' dir='ltr'>illustrissimi</span> <span class='ocrx_word' id='word_1_210' title='bbox 1656 1834 1886 1888; x_wconf 47' lang='lat' dir='ltr'>*principis</span> <span class='ocrx_word' id='word_1_211' title='bbox 1906 1837 1954 1876; x_wconf 81' lang='lat' dir='ltr'>et</span> <span class='ocrx_word' id='word_1_212' title='bbox 1974 1833 2016 1876; x_wconf 88' lang='lat' dir='ltr'>d.</span> 
     </span>
     <span class='ocr_line' id='line_1_25' title="bbox 244 1905 2016 1959; baseline 0.001 -13"><span class='ocrx_word' id='word_1_213' title='bbox 244 1905 391 1948; x_wconf 90' lang='lat' dir='ltr'>nostri</span> <span class='ocrx_word' id='word_1_214' title='bbox 418 1905 542 1959; x_wconf 90' lang='lat' dir='ltr'>regis</span> <span class='ocrx_word' id='word_1_215' title='bbox 571 1906 838 1958; x_wconf 87' lang='lat' dir='ltr'>Aragonum</span> <span class='ocrx_word' id='word_1_216' title='bbox 868 1910 913 1949; x_wconf 89' lang='lat' dir='ltr'>et</span> <span class='ocrx_word' id='word_1_217' title='bbox 942 1905 1098 1948; x_wconf 91' lang='lat' dir='ltr'>Sicilie</span> <span class='ocrx_word' id='word_1_218' title='bbox 1129 1908 1212 1948; x_wconf 88' lang='lat' dir='ltr'>etc.</span> <span class='ocrx_word' id='word_1_219' title='bbox 1242 1909 1452 1948; x_wconf 85' lang='lat' dir='ltr'>oratores</span> <span class='ocrx_word' id='word_1_220' title='bbox 1482 1909 1527 1948; x_wconf 87' lang='lat' dir='ltr'>et</span> <span class='ocrx_word' id='word_1_221' title='bbox 1552 1906 1695 1948; x_wconf 87' lang='lat' dir='ltr'>etiam</span> <span class='ocrx_word' id='word_1_222' title='bbox 1724 1906 1826 1948; x_wconf 88' lang='lat' dir='ltr'>eius</span> <span class='ocrx_word' id='word_1_223' title='bbox 1854 1917 2016 1959; x_wconf 91' lang='lat' dir='ltr'>procu-</span> 
     </span>
     <span class='ocr_line' id='line_1_26' title="bbox 245 1976 2017 2031; baseline 0 -13"><span class='ocrx_word' id='word_1_224' title='bbox 245 1978 424 2018; x_wconf 85' lang='lat' dir='ltr'>ratores</span> <span class='ocrx_word' id='word_1_225' title='bbox 449 1977 658 2031; x_wconf 87' lang='lat' dir='ltr'>legitimi,</span> <span class='ocrx_word' id='word_1_226' title='bbox 682 1977 768 2019; x_wconf 90' lang='lat' dir='ltr'>etsi</span> <span class='ocrx_word' id='word_1_227' title='bbox 792 1977 953 2020; x_wconf 79' lang='lat' dir='ltr'>forsan</span> <span class='ocrx_word' id='word_1_228' title='bbox 977 1990 1062 2030; x_wconf 92' lang='lat' dir='ltr'>per</span> <span class='ocrx_word' id='word_1_229' title='bbox 1087 1977 1352 2030; x_wconf 89' lang='lat' dir='ltr'>quempiam</span> <span class='ocrx_word' id='word_1_230' title='bbox 1381 1976 1642 2019; x_wconf 90' lang='lat' dir='ltr'>ultimorum</span> <span class='ocrx_word' id='word_1_231' title='bbox 1667 1988 1863 2018; x_wconf 89' lang='lat' dir='ltr'>numero</span> <span class='ocrx_word' id='word_1_232' title='bbox 1888 1988 2017 2030; x_wconf 89' lang='lat' dir='ltr'>agre·</span> 
     </span>
     <span class='ocr_line' id='line_1_27' title="bbox 245 2046 2017 2101; baseline 0.001 -13"><span class='ocrx_word' id='word_1_233' title='bbox 245 2059 421 2101; x_wconf 88' lang='lat' dir='ltr'>gemur,</span> <span class='ocrx_word' id='word_1_234' title='bbox 451 2046 629 2090; x_wconf 89' lang='lat' dir='ltr'>meritis</span> <span class='ocrx_word' id='word_1_235' title='bbox 660 2050 814 2090; x_wconf 86' lang='lat' dir='ltr'>tamen</span> <span class='ocrx_word' id='word_1_236' title='bbox 844 2051 889 2090; x_wconf 92' lang='lat' dir='ltr'>et</span> <span class='ocrx_word' id='word_1_237' title='bbox 919 2048 1093 2090; x_wconf 88' lang='lat' dir='ltr'>affectu</span> <span class='ocrx_word' id='word_1_238' title='bbox 1127 2047 1440 2101; x_wconf 90' lang='lat' dir='ltr'>impendimus</span> <span class='ocrx_word' id='word_1_239' title='bbox 1470 2051 1515 2089; x_wconf 89' lang='lat' dir='ltr'>et</span> <span class='ocrx_word' id='word_1_240' title='bbox 1545 2047 1755 2101; x_wconf 90' lang='lat' dir='ltr'>cupimus</span> <span class='ocrx_word' id='word_1_241' title='bbox 1786 2047 1884 2090; x_wconf 93' lang='lat' dir='ltr'>Deo</span> <span class='ocrx_word' id='word_1_242' title='bbox 1913 2059 2017 2101; x_wconf 92' lang='lat' dir='ltr'>pro-</span> 
     </span>
     <span class='ocr_line' id='line_1_28' title="bbox 245 2117 2016 2172; baseline 0.001 -14"><span class='ocrx_word' id='word_1_243' title='bbox 245 2117 357 2170; x_wconf 91' lang='lat' dir='ltr'>pitio</span> <span class='ocrx_word' id='word_1_244' title='bbox 387 2118 573 2171; x_wconf 89' lang='lat' dir='ltr'>priores</span> <span class='ocrx_word' id='word_1_245' title='bbox 605 2118 734 2161; x_wconf 85' lang='lat' dir='ltr'>effici</span> <span class='ocrx_word' id='word_1_246' title='bbox 767 2122 811 2160; x_wconf 93' lang='lat' dir='ltr'>et</span> <span class='ocrx_word' id='word_1_247' title='bbox 843 2119 982 2161; x_wconf 89' lang='lat' dir='ltr'>etiam</span> <span class='ocrx_word' id='word_1_248' title='bbox 1013 2119 1219 2172; x_wconf 90' lang='lat' dir='ltr'>potiores</span> <span class='ocrx_word' id='word_1_249' title='bbox 1253 2153 1261 2161; x_wconf 85' lang='lat'><strong>.</strong></span> <span class='ocrx_word' id='word_1_250' title='bbox 1298 2152 1306 2160; x_wconf 92' lang='lat'><strong>.</strong></span> <span class='ocrx_word' id='word_1_251' title='bbox 1343 2119 1390 2172; x_wconf 75' lang='lat'>.¹)</span> <span class='ocrx_word' id='word_1_252' title='bbox 1439 2119 1601 2161; x_wconf 87' lang='lat' dir='ltr'>Tercia</span> <span class='ocrx_word' id='word_1_253' title='bbox 1633 2117 1820 2172; x_wconf 88' lang='lat' dir='ltr'>quidem</span> <span class='ocrx_word' id='word_1_254' title='bbox 1853 2129 2016 2160; x_wconf 89' lang='lat' dir='ltr'>manus</span> 
     </span>
     <span class='ocr_line' id='line_1_29' title="bbox 248 2188 2016 2243; baseline 0 -13"><span class='ocrx_word' id='word_1_255' title='bbox 248 2188 420 2231; x_wconf 91' lang='lat' dir='ltr'>domini</span> <span class='ocrx_word' id='word_1_256' title='bbox 458 2189 680 2232; x_wconf 88' lang='lat' dir='ltr'>directiva</span> <span class='ocrx_word' id='word_1_257' title='bbox 716 2189 804 2231; x_wconf 90' lang='lat' dir='ltr'>fuit</span> <span class='ocrx_word' id='word_1_258' title='bbox 841 2189 887 2231; x_wconf 92' lang='lat' dir='ltr'>in</span> <span class='ocrx_word' id='word_1_259' title='bbox 924 2190 1073 2232; x_wconf 82' lang='lat' dir='ltr'>Judea</span> <span class='ocrx_word' id='word_1_260' title='bbox 1112 2203 1253 2243; x_wconf 91' lang='lat' dir='ltr'>super</span> <span class='ocrx_word' id='word_1_261' title='bbox 1291 2190 1332 2232; x_wconf 91' lang='lat' dir='ltr'>d.</span> <span class='ocrx_word' id='word_1_262' title='bbox 1369 2193 1578 2232; x_wconf 89' lang='lat' dir='ltr'>nostrum</span> <span class='ocrx_word' id='word_1_263' title='bbox 1615 2202 1773 2243; x_wconf 89' lang='lat' dir='ltr'>regem</span> <span class='ocrx_word' id='word_1_264' title='bbox 1808 2201 1895 2243; x_wconf 88' lang='lat' dir='ltr'>per</span> <span class='ocrx_word' id='word_1_265' title='bbox 1931 2188 2016 2230; x_wconf 89' lang='lat' dir='ltr'>Dei</span> 
     </span>
     <span class='ocr_line' id='line_1_30' title="bbox 247 2251 2017 2314; baseline 0 -13"><span class='ocrx_word' id='word_1_266' title='bbox 247 2260 443 2313; x_wconf 86' lang='lat' dir='ltr'>gratiam</span> <span class='ocrx_word' id='word_1_267' title='bbox 462 2259 664 2302; x_wconf 83' lang='lat' dir='ltr'>feliciter</span> <span class='ocrx_word' id='word_1_268' title='bbox 684 2273 805 2302; x_wconf 92' lang='lat' dir='ltr'>nunc</span> <span class='ocrx_word' id='word_1_269' title='bbox 827 2264 1114 2314; x_wconf 87' lang='lat' dir='ltr'>regnantem,</span> <span class='ocrx_word' id='word_1_270' title='bbox 1136 2270 1228 2313; x_wconf 56' lang='lat' dir='ltr'>que*</span> <span class='ocrx_word' id='word_1_271' title='bbox 1245 2261 1440 2314; x_wconf 89' lang='lat' dir='ltr'>profluit</span> <span class='ocrx_word' id='word_1_272' title='bbox 1460 2264 1505 2303; x_wconf 91' lang='lat' dir='ltr'>et</span> <span class='ocrx_word' id='word_1_273' title='bbox 1525 2260 1733 2303; x_wconf 88' lang='lat' dir='ltr'>derivata</span> <span class='ocrx_word' id='word_1_274' title='bbox 1752 2263 1825 2302; x_wconf 88' lang='lat' dir='ltr'>est</span> <span class='ocrx_word' id='word_1_275' title='bbox 1844 2259 1890 2301; x_wconf 92' lang='lat' dir='ltr'>in</span> <span class='ocrx_word' id='word_1_276' title='bbox 1910 2251 2017 2301; x_wconf 86' lang='lat' dir='ltr'>eum</span> 
     </span>
     <span class='ocr_line' id='line_1_31' title="bbox 247 2330 2018 2385; baseline 0 -13"><span class='ocrx_word' id='word_1_277' title='bbox 247 2342 305 2372; x_wconf 88' lang='lat' dir='ltr'>ex</span> <span class='ocrx_word' id='word_1_278' title='bbox 332 2330 562 2374; x_wconf 90' lang='lat' dir='ltr'>bracchiis</span> <span class='ocrx_word' id='word_1_279' title='bbox 592 2343 675 2373; x_wconf 88' lang='lat' dir='ltr'>seu</span> <span class='ocrx_word' id='word_1_280' title='bbox 702 2331 848 2373; x_wconf 91' lang='lat' dir='ltr'>latere</span> <span class='ocrx_word' id='word_1_281' title='bbox 878 2332 1001 2385; x_wconf 90' lang='lat' dir='ltr'>regis</span> <span class='ocrx_word' id='word_1_282' title='bbox 1029 2332 1254 2385; x_wconf 88' lang='lat' dir='ltr'>genitoris</span> <span class='ocrx_word' id='word_1_283' title='bbox 1283 2331 1367 2374; x_wconf 91' lang='lat' dir='ltr'>sui.</span> <span class='ocrx_word' id='word_1_284' title='bbox 1409 2331 1519 2374; x_wconf 89' lang='lat' dir='ltr'>Nam</span> <span class='ocrx_word' id='word_1_285' title='bbox 1549 2344 1650 2373; x_wconf 90' lang='lat' dir='ltr'>cum</span> <span class='ocrx_word' id='word_1_286' title='bbox 1680 2330 1802 2373; x_wconf 88' lang='lat' dir='ltr'>idem</span> <span class='ocrx_word' id='word_1_287' title='bbox 1832 2333 2018 2374; x_wconf 86' lang='lat' dir='ltr'>sanctus</span> 
     </span>
     <span class='ocr_line' id='line_1_32' title="bbox 248 2401 2017 2456; baseline 0.001 -14"><span class='ocrx_word' id='word_1_288' title='bbox 248 2413 332 2443; x_wconf 89' lang='lat' dir='ltr'>rex</span> <span class='ocrx_word' id='word_1_289' title='bbox 354 2402 516 2444; x_wconf 89' lang='lat' dir='ltr'>valvas</span> <span class='ocrx_word' id='word_1_290' title='bbox 538 2401 698 2444; x_wconf 92' lang='lat' dir='ltr'>mortis</span> <span class='ocrx_word' id='word_1_291' title='bbox 722 2403 812 2444; x_wconf 90' lang='lat' dir='ltr'>iam</span> <span class='ocrx_word' id='word_1_292' title='bbox 836 2405 1047 2455; x_wconf 90' lang='lat' dir='ltr'>tangeret</span> <span class='ocrx_word' id='word_1_293' title='bbox 1071 2405 1115 2444; x_wconf 90' lang='lat' dir='ltr'>et</span> <span class='ocrx_word' id='word_1_294' title='bbox 1140 2403 1186 2443; x_wconf 89' lang='lat' dir='ltr'>in</span> <span class='ocrx_word' id='word_1_295' title='bbox 1210 2403 1370 2445; x_wconf 90' lang='lat' dir='ltr'>ultima</span> <span class='ocrx_word' id='word_1_296' title='bbox 1394 2403 1516 2444; x_wconf 89' lang='lat' dir='ltr'>valle</span> <span class='ocrx_word' id='word_1_297' title='bbox 1541 2405 1680 2455; x_wconf 88' lang='lat' dir='ltr'>esset,</span> <span class='ocrx_word' id='word_1_298' title='bbox 1702 2401 1846 2456; x_wconf 85' lang='lat' dir='ltr'>proch</span> <span class='ocrx_word' id='word_1_299' title='bbox 1871 2401 2017 2454; x_wconf 92' lang='lat' dir='ltr'>dolor,</span> 
     </span>
     <span class='ocr_line' id='line_1_33' title="bbox 247 2472 2019 2526; baseline 0 -12"><span class='ocrx_word' id='word_1_300' title='bbox 247 2472 520 2515; x_wconf 90' lang='lat' dir='ltr'>constitutus</span> <span class='ocrx_word' id='word_1_301' title='bbox 542 2484 636 2515; x_wconf 89' lang='lat' dir='ltr'>non</span> <span class='ocrx_word' id='word_1_302' title='bbox 658 2473 886 2525; x_wconf 91' lang='lat' dir='ltr'>obstante,</span> <span class='ocrx_word' id='word_1_303' title='bbox 911 2473 1032 2525; x_wconf 92' lang='lat' dir='ltr'>quod</span> <span class='ocrx_word' id='word_1_304' title='bbox 1056 2473 1215 2515; x_wconf 90' lang='lat' dir='ltr'>mortis</span> <span class='ocrx_word' id='word_1_305' title='bbox 1238 2473 1510 2526; x_wconf 87' lang='lat' dir='ltr'>cogitatione</span> <span class='ocrx_word' id='word_1_306' title='bbox 1535 2472 1776 2515; x_wconf 88' lang='lat' dir='ltr'>debuisset</span> <span class='ocrx_word' id='word_1_307' title='bbox 1797 2484 1904 2515; x_wconf 90' lang='lat' dir='ltr'>esse</span> <span class='ocrx_word' id='word_1_308' title='bbox 1927 2474 2019 2514; x_wconf 90' lang='lat' dir='ltr'>tur—</span> 
     </span>
     <span class='ocr_line' id='line_1_34' title="bbox 250 2543 2019 2603; baseline 0.001 -19"><span class='ocrx_word' id='word_1_309' title='bbox 250 2543 384 2586; x_wconf 88' lang='lat' dir='ltr'>batus</span> <span class='ocrx_word' id='word_1_310' title='bbox 413 2547 459 2585; x_wconf 88' lang='lat' dir='ltr'>et</span> <span class='ocrx_word' id='word_1_311' title='bbox 490 2544 726 2585; x_wconf 87' lang='lat' dir='ltr'>recordari</span> <span class='ocrx_word' id='word_1_312' title='bbox 759 2556 852 2585; x_wconf 92' lang='lat' dir='ltr'>non</span> <span class='ocrx_word' id='word_1_313' title='bbox 885 2544 1139 2597; x_wconf 79' lang='lat' dir='ltr'>debuisset,</span> <span class='ocrx_word' id='word_1_314' title='bbox 1170 2547 1325 2585; x_wconf 88' lang='lat' dir='ltr'>tamen</span> <span class='ocrx_word' id='word_1_315' title='bbox 1358 2557 1458 2585; x_wconf 91' lang='lat' dir='ltr'>cum</span> <span class='ocrx_word' id='word_1_316' title='bbox 1491 2544 1647 2586; x_wconf 79' lang='lat' dir='ltr'>multis</span> <span class='ocrx_word' id='word_1_317' title='bbox 1679 2543 1897 2596; x_wconf 85' lang='lat' dir='ltr'>lacrimis,</span> <span class='ocrx_word' id='word_1_318' title='bbox 1927 2545 2019 2603; x_wconf 85' lang='lat' dir='ltr'>tam</span> 
     </span>
     <span class='ocr_line' id='line_1_35' title="bbox 250 2614 2020 2668; baseline 0 -12"><span class='ocrx_word' id='word_1_319' title='bbox 250 2614 451 2657; x_wconf 85' lang='lat' dir='ltr'>maxima</span> <span class='ocrx_word' id='word_1_320' title='bbox 486 2614 732 2657; x_wconf 89' lang='lat' dir='ltr'>devotione</span> <span class='ocrx_word' id='word_1_321' title='bbox 767 2618 812 2656; x_wconf 95' lang='lat' dir='ltr'>et</span> <span class='ocrx_word' id='word_1_322' title='bbox 847 2614 1066 2657; x_wconf 88' lang='lat' dir='ltr'>instantia</span> <span class='ocrx_word' id='word_1_323' title='bbox 1101 2614 1310 2667; x_wconf 89' lang='lat' dir='ltr'>predicto</span> <span class='ocrx_word' id='word_1_324' title='bbox 1344 2614 1446 2656; x_wconf 95' lang='lat' dir='ltr'>filio</span> <span class='ocrx_word' id='word_1_325' title='bbox 1483 2628 1566 2657; x_wconf 93' lang='lat' dir='ltr'>suo</span> <span class='ocrx_word' id='word_1_326' title='bbox 1601 2615 1699 2668; x_wconf 89' lang='lat' dir='ltr'>regi</span> <span class='ocrx_word' id='word_1_327' title='bbox 1734 2617 1894 2657; x_wconf 90' lang='lat' dir='ltr'>nostro</span> <span class='ocrx_word' id='word_1_328' title='bbox 1928 2626 2020 2656; x_wconf 91' lang='lat' dir='ltr'>mo-</span> 
     </span>
     <span class='ocr_line' id='line_1_36' title="bbox 248 2684 2019 2739; baseline 0 -13"><span class='ocrx_word' id='word_1_329' title='bbox 248 2685 396 2728; x_wconf 90' lang='lat' dir='ltr'>derno</span> <span class='ocrx_word' id='word_1_330' title='bbox 431 2684 666 2739; x_wconf 90' lang='lat' dir='ltr'>negotium</span> <span class='ocrx_word' id='word_1_331' title='bbox 703 2697 833 2728; x_wconf 89' lang='lat' dir='ltr'>sacre</span> <span class='ocrx_word' id='word_1_332' title='bbox 870 2684 1054 2727; x_wconf 92' lang='lat' dir='ltr'>unionis</span> <span class='ocrx_word' id='word_1_333' title='bbox 1090 2685 1286 2727; x_wconf 89' lang='lat' dir='ltr'>ecclesie</span> <span class='ocrx_word' id='word_1_334' title='bbox 1324 2685 1623 2739; x_wconf 90' lang='lat' dir='ltr'>singulariter</span> <span class='ocrx_word' id='word_1_335' title='bbox 1660 2684 1942 2728; x_wconf 86' lang='lat' dir='ltr'>recommisit</span> <span class='ocrx_word' id='word_1_336' title='bbox 1975 2686 2019 2726; x_wconf 88' lang='lat' dir='ltr'>et</span> 
     </span>
     <span class='ocr_line' id='line_1_37' title="bbox 250 2754 2018 2809; baseline -0.001 -11"><span class='ocrx_word' id='word_1_337' title='bbox 250 2755 335 2798; x_wconf 92' lang='lat' dir='ltr'>sub</span> <span class='ocrx_word' id='word_1_338' title='bbox 367 2755 558 2798; x_wconf 91' lang='lat' dir='ltr'>obtentu</span> <span class='ocrx_word' id='word_1_339' title='bbox 591 2755 929 2798; x_wconf 89' lang='lat' dir='ltr'>benedictionis</span> <span class='ocrx_word' id='word_1_340' title='bbox 962 2759 1156 2809; x_wconf 89' lang='lat' dir='ltr'>paterne</span> <span class='ocrx_word' id='word_1_341' title='bbox 1191 2769 1241 2798; x_wconf 90' lang='lat' dir='ltr'>ac</span> <span class='ocrx_word' id='word_1_342' title='bbox 1275 2756 1651 2798; x_wconf 91' lang='lat' dir='ltr'>interminatione</span> <span class='ocrx_word' id='word_1_343' title='bbox 1683 2755 1828 2798; x_wconf 91' lang='lat' dir='ltr'>divini</span> <span class='ocrx_word' id='word_1_344' title='bbox 1861 2754 2018 2797; x_wconf 91' lang='lat' dir='ltr'>iudicii</span> 
     </span>
     <span class='ocr_line' id='line_1_38' title="bbox 250 2825 2018 2880; baseline -0.001 -12"><span class='ocrx_word' id='word_1_345' title='bbox 250 2826 458 2880; x_wconf 89' lang='lat' dir='ltr'>precepit</span> <span class='ocrx_word' id='word_1_346' title='bbox 488 2827 656 2879; x_wconf 91' lang='lat' dir='ltr'>eidem,</span> <span class='ocrx_word' id='word_1_347' title='bbox 685 2830 734 2868; x_wconf 92' lang='lat' dir='ltr'>ut</span> <span class='ocrx_word' id='word_1_348' title='bbox 765 2827 881 2868; x_wconf 93' lang='lat' dir='ltr'>illud</span> <span class='ocrx_word' id='word_1_349' title='bbox 911 2830 1176 2869; x_wconf 88' lang='lat' dir='ltr'>constanter</span> <span class='ocrx_word' id='word_1_350' title='bbox 1208 2830 1574 2879; x_wconf 88' lang='lat' dir='ltr'>persequeretur</span> <span class='ocrx_word' id='word_1_351' title='bbox 1604 2839 1752 2880; x_wconf 91' lang='lat' dir='ltr'>usque</span> <span class='ocrx_word' id='word_1_352' title='bbox 1785 2826 1843 2868; x_wconf 90' lang='lat' dir='ltr'>ad</span> <span class='ocrx_word' id='word_1_353' title='bbox 1873 2825 2018 2868; x_wconf 89' lang='lat' dir='ltr'>finem</span> 
     </span>
     <span class='ocr_line' id='line_1_39' title="bbox 251 2897 2020 2951; baseline 0 -13"><span class='ocrx_word' id='word_1_354' title='bbox 251 2910 335 2941; x_wconf 93' lang='lat' dir='ltr'>nec</span> <span class='ocrx_word' id='word_1_355' title='bbox 361 2897 608 2940; x_wconf 91' lang='lat' dir='ltr'>desisteret</span> <span class='ocrx_word' id='word_1_356' title='bbox 633 2898 690 2940; x_wconf 92' lang='lat' dir='ltr'>ab</span> <span class='ocrx_word' id='word_1_357' title='bbox 715 2897 910 2950; x_wconf 90' lang='lat' dir='ltr'>inceptis</span> <span class='ocrx_word' id='word_1_358' title='bbox 934 2910 1019 2950; x_wconf 92' lang='lat' dir='ltr'>per</span> <span class='ocrx_word' id='word_1_359' title='bbox 1044 2898 1194 2950; x_wconf 92' lang='lat' dir='ltr'>ipsum</span> <span class='ocrx_word' id='word_1_360' title='bbox 1220 2901 1399 2950; x_wconf 92' lang='lat' dir='ltr'>patrem</span> <span class='ocrx_word' id='word_1_361' title='bbox 1423 2910 1508 2939; x_wconf 89' lang='lat' dir='ltr'>nec</span> <span class='ocrx_word' id='word_1_362' title='bbox 1533 2910 1649 2951; x_wconf 92' lang='lat' dir='ltr'>opus</span> <span class='ocrx_word' id='word_1_363' title='bbox 1673 2909 1892 2939; x_wconf 90' lang='lat' dir='ltr'>manuum</span> <span class='ocrx_word' id='word_1_364' title='bbox 1916 2907 2020 2950; x_wconf 88' lang='lat' dir='ltr'>pre-</span> 
     </span>
    </p>
   </div>
   <div class='ocr_carea' id='block_1_3' title="bbox 252 3013 2021 3106">
    <p class='ocr_par' dir='ltr' id='par_1_6' title="bbox 252 3013 2021 3106">
     <span class='ocr_line' id='line_1_40' title="bbox 372 3013 2021 3057; baseline -0.002 -9"><span class='ocrx_word' id='word_1_365' title='bbox 372 3016 403 3057; x_wconf 83' lang='lat'>1)</span> <span class='ocrx_word' id='word_1_366' title='bbox 433 3015 541 3049; x_wconf 65' lang='lat' dir='ltr'>Tea-t:</span> <span class='ocrx_word' id='word_1_367' title='bbox 580 3014 690 3049; x_wconf 84' lang='lat' dir='ltr'>Facta</span> <span class='ocrx_word' id='word_1_368' title='bbox 715 3018 770 3049; x_wconf 86' lang='lat' dir='ltr'>est</span> <span class='ocrx_word' id='word_1_369' title='bbox 796 3024 931 3049; x_wconf 88' lang='lat' dir='ltr'>manus</span> <span class='ocrx_word' id='word_1_370' title='bbox 954 3014 1099 3049; x_wconf 87' lang='lat' dir='ltr'>‹lomini</span> <span class='ocrx_word' id='word_1_371' title='bbox 1124 3015 1161 3048; x_wconf 91' lang='lat' dir='ltr'>in</span> <span class='ocrx_word' id='word_1_372' title='bbox 1184 3015 1308 3049; x_wconf 78' lang='lat' dir='ltr'>Judea</span> <span class='ocrx_word' id='word_1_373' title='bbox 1334 3042 1339 3048; x_wconf 89' lang='lat'>.</span> <span class='ocrx_word' id='word_1_374' title='bbox 1369 3041 1374 3047; x_wconf 95' lang='lat'>.</span> <span class='ocrx_word' id='word_1_375' title='bbox 1405 3042 1410 3047; x_wconf 97' lang='lat'>.</span> <span class='ocrx_word' id='word_1_376' title='bbox 1447 3014 1492 3049; x_wconf 79' lang='lat' dir='ltr'>In</span> <span class='ocrx_word' id='word_1_377' title='bbox 1514 3014 1609 3049; x_wconf 69' lang='lat' dir='ltr'>:ecel</span> <span class='ocrx_word' id='word_1_378' title='bbox 1631 3013 1809 3048; x_wconf 77' lang='lat' dir='ltr'>Punlcten</span> <span class='ocrx_word' id='word_1_379' title='bbox 1831 3013 1910 3048; x_wconf 90' lang='lat' dir='ltr'>Lob</span> <span class='ocrx_word' id='word_1_380' title='bbox 1933 3013 2021 3046; x_wconf 86' lang='lat' dir='ltr'>Fer-</span> 
     </span>
     <span class='ocr_line' id='line_1_41' title="bbox 252 3072 426 3106; baseline 0 -1"><span class='ocrx_word' id='word_1_381' title='bbox 252 3072 426 3106; x_wconf 50' lang='lat' dir='ltr'>dinami&amp;</span> 
     </span>
    </p>
   </div>
  </div>
 </body>
</html>
