2227 3434
548 170 591 205 A.
631 169 830 205 Fillastres
858 169 974 205 Gesta
1000 170 1152 204 concilii
1177 169 1492 204 Constantiensis.
1821 170 1904 213 133

138 290 296 330 contra
324 287 441 330 alios
469 287 746 339 cardinales,
776 288 922 329 eciam
952 287 1060 340 quia
1089 286 1176 328 fuit
1205 287 1274 329 eis
1305 287 1489 339 dictum,
1518 287 1641 340 quod
1669 286 1902 340 pendente

138 358 332 400 materia
362 357 480 399 dicte
509 357 688 410 cedule,
719 369 855 410 quam
885 357 953 399 illi
985 357 1075 399 duo
1105 357 1451 410 impugnabant,
1481 370 1574 399 non
1603 356 1817 398 venirent
1847 355 1904 399 ad

138 427 398 481 collegium,
429 428 537 480 quia
569 427 736 480 omnia,
768 440 857 480 que
889 427 1162 469 dicebantur
1194 427 1240 468 in
1270 428 1480 480 collegio,
1513 427 1604 480 ipsi
1633 427 1904 469 referebant

138 497 251 551 regi,
279 501 328 540 ut
355 498 412 540 de
432 498 536 539 jllis
564 501 666 540 erat
693 498 739 539 in
767 497 962 551 collegio
990 498 1244 540 vehemens
1273 497 1488 550 suspicio.
1529 497 1607 540 Set
1634 498 1774 550 paulo
1802 500 1905 550 post

139 568 226 611 fuit
249 568 318 611 eis
343 568 526 620 dictum,
552 568 675 621 quod
700 568 929 620 venirent,
956 567 1141 621 quando
1166 569 1373 621 placeret
1398 568 1480 610 eis.

254 639 356 681 Hiis
387 638 554 681 diebus
583 642 629 680 et
658 639 799 691 paulo
830 642 934 692 post
964 638 1246 680 eieccionem
1277 638 1402 680 Petri
1434 638 1491 680 de
1524 638 1654 680 Luna
1685 639 1906 680 naciones

138 709 479 762 deputaverunt
535 709 592 750 de
649 709 857 762 qualibet
912 709 1116 762 quinque
1173 721 1258 762 pro
1314 708 1653 751 reformacione
1708 708 1905 750 ecclesie

139 779 339 822 maxime
362 780 409 821 in
430 779 578 832 capite
601 782 646 821 et
669 780 810 831 curia,
833 779 1050 821 videlicet
1073 779 1189 822 duos
1211 779 1268 821 de
1293 779 1495 832 antiquis
1518 778 1905 821 reformatoribus

138 852 184 892 et
209 852 306 892 tres
333 862 491 902 novos,
521 853 566 892 et
593 849 680 891 fuit
708 849 878 891 dictum
905 862 991 902 per
1020 849 1202 902 aliquas
1228 849 1463 903 naciones,
1491 849 1615 902 quod
1643 849 1906 891 cardinales

74 920 84 929 '
139 921 285 963 eciam
325 920 618 973 deputarent,
661 920 783 973 quod
825 919 1030 962 nondum
1072 920 1299 972 fecerunt,
1333 920 1449 973 quia
1490 920 1644 973 alique
1686 920 1907 962 naciones

139 991 389 1033 noluerunt
412 994 457 1032 et
479 990 743 1033 cardinales
766 1003 859 1032 non
883 994 1162 1032 curaverunt
1186 990 1426 1043 deputare.

126 1055 130 1060 ’
255 1061 356 1104 Hiis
390 1061 556 1103 diebus
590 1064 693 1114 post
726 1061 1001 1103 eiectionem
1037 1061 1162 1103 Petri
1198 1061 1256 1102 de
1290 1061 1420 1103 Luna
1453 1061 1577 1103 infra
1611 1061 1771 1103 decem
1806 1061 1907 1103 dies

139 1131 402 1174 cardinales
435 1131 728 1174 attendentes
761 1131 1158 1174 constitucionem:
1205 1131 1295 1174 Ubi
1329 1131 1476 1174 maius
1510 1132 1566 1173 de
1599 1132 1827 1174 electione
1860 1131 1906 1173 li.

139 1202 232 1256 VI„
257 1205 302 1245 et
329 1202 421 1244 alia
448 1202 549 1244 iura
575 1205 620 1244 et
646 1202 791 1244 eciam
820 1202 1007 1245 decreta
1032 1202 1215 1244 concilii
1244 1215 1386 1255 super
1413 1202 1647 1244 eleccione
1674 1215 1796 1256 pape
1822 1203 1908 1244 hac

139 1273 252 1326 vice,
279 1285 366 1326 per
393 1285 483 1326 que
511 1272 756 1315 concilium
785 1273 990 1315 decrevit
1019 1273 1302 1314 eleccionem
1329 1272 1537 1315 fiendam
1565 1273 1714 1326 modo,
1743 1273 1908 1325 forma,

140 1343 253 1397 loco,
279 1346 488 1397 tempore
515 1347 560 1386 et
586 1344 780 1386 materia
806 1356 891 1397 per
917 1343 1161 1385 concilium
1188 1343 1502 1399 ordinandisa)
1531 1347 1578 1386 et
1603 1356 1750 1397 penas
1776 1344 1908 1386 terri-

140 1413 259 1457 biles
284 1415 516 1467 componit
542 1414 822 1456 contrarium
850 1414 1130 1456 facientibus
1159 1414 1494 1467 suspenditque
1522 1414 1676 1456 omnia
1704 1415 1805 1457 iura
1830 1427 1909 1467 po-

141 1485 276 1528 sivita
304 1485 352 1527 in
381 1484 463 1527 illa
492 1485 700 1537 materia,
731 1485 838 1527 licet
868 1484 974 1526 dicti
1004 1484 1268 1527 cardinales
1297 1497 1390 1526 non
1420 1487 1693 1537 reputarent
1722 1484 1803 1527 illa
1832 1484 1908 1526 de-

141 1558 264 1598 creta
295 1555 455 1598 valere
486 1559 679 1609 propter
711 1556 957 1608 opiniones
991 1555 1227 1597 doctorum
1262 1556 1322 1598 ita
1355 1555 1626 1608 dicencium,
1658 1556 1909 1597 noluerunt

141 1629 294 1668 tamen
320 1626 401 1669 illa
427 1626 612 1680 publice
639 1626 913 1679 impugnare
939 1638 1092 1679 neque
1121 1626 1273 1668 statim
1300 1626 1365 1668 uti
1392 1626 1493 1667 iure
1519 1626 1691 1679 scripto
1718 1626 1764 1667 in
1792 1627 1909 1668 elec-

142 1697 272 1739 cione
311 1709 446 1750 pape.
498 1696 590 1739 Sed
627 1696 968 1749 desiderantes,
1008 1697 1130 1749 quod
1170 1697 1216 1738 in
1254 1696 1498 1738 concordia
1538 1696 1675 1739 totius
1713 1696 1908 1748 concilii,

143 1768 250 1821 quia
269 1771 425 1810 tamen
448 1780 604 1809 rerum
627 1770 823 1809 eventus
847 1768 1050 1810 incertus
1074 1771 1143 1809 est
1164 1770 1210 1808 et
1233 1768 1363 1808 multi
1387 1767 1710 1809 machinantur
1733 1768 1907 1809 occulte

142 1837 189 1879 in
222 1837 343 1880 facto
376 1838 639 1890 eleccionis,
674 1839 925 1880 noluerunt
960 1838 1095 1879 tacite
1131 1838 1205 1879 vel
1242 1850 1469 1890 expresse
1506 1837 1783 1880 renunciare
1820 1837 1909 1879 iuri

142 1907 324 1962 scripto.
367 1909 564 1962 Propter
593 1909 716 1961 quod
746 1908 958 1950 fecerunt
988 1908 1355 1968 protestaciones
1386 1909 1433 1949 in
1463 1908 1676 1950 omnibus
1708 1908 1909 1950 nacioni-

142 1978 228 2022 bus
255 1979 485 2031 miciores,
515 1992 652 2032 quam
685 1982 948 2031 potuerunt,
979 1991 1064 2032 per
1095 1991 1210 2032 quas
1241 1982 1399 2032 posset
1432 1979 1503 2021 ius
1534 1991 1696 2021 eorum
1724 1991 1909 2021 conser-

143 2049 241 2092 vari
277 2052 323 2092 et
360 2050 518 2091 nullus
557 2050 614 2091 de
653 2050 848 2091 concilio
887 2050 1081 2091 deberet
1118 2049 1393 2103 exasperari
1432 2053 1509 2092 aut
1545 2050 1825 2092 commoveri
1864 2052 1909 2091 et

143 2118 352 2162 fecerunt
379 2119 426 2162 in
454 2120 604 2162 forma
633 2121 861 2173 sequenti.

259 2189 422 2233 Sancte
449 2190 654 2233 Romane
682 2190 879 2233 ecclesie
907 2191 1185 2243 cardinales,
1213 2203 1305 2232 non
1333 2191 1543 2233 volentes
1571 2225 1580 2232 .
1615 2224 1623 2231 .
1659 2224 1668 2232 .
1697 2191 1908 2244 reperire

144 2261 523 2315 congregatum.¹)

259 2331 434 2374 Dictam
465 2332 854 2385 protestacionem
886 2332 1099 2373 fecerunt
1132 2333 1178 2373 in
1211 2331 1418 2384 qualibet
1449 2331 1643 2373 nacione
1675 2344 1760 2385 per
1793 2331 1908 2373 duos

142 2401 403 2444 cardinales
434 2405 480 2444 et
509 2405 857 2455 procuratorem
890 2415 991 2444 cum
1024 2402 1204 2445 duobus
1236 2403 1430 2444 notariis
1463 2401 1728 2444 Laubencio
1759 2414 1908 2444 secre-

143 2471 259 2514 tario
284 2472 326 2515 d.
352 2472 605 2515 cardinalis
632 2472 861 2515 Ostiensis
888 2476 933 2514 et
959 2472 1329 2514 vicecancellarii
1356 2476 1400 2514 et
1429 2472 1556 2525 Cyno
1583 2472 1762 2514 notario
1788 2471 1908 2514 naci-

145 2541 246 2585 onis
270 2541 466 2594 Ytalice;
495 2543 541 2584 in
567 2542 818 2591 Gallicana
834 2546 989 2591 tamen
1016 2543 1102 2585 fuit
1127 2543 1366 2585 Johannes
1394 2542 1604 2585 Guiardi.

260 2612 360 2656 Hiis
387 2613 552 2656 diebus
581 2626 663 2655 rex
692 2614 1002 2656 Romanorum
1032 2617 1076 2656 et
1103 2626 1291 2667 semper
1319 2616 1541 2667 augustus
1568 2627 1680 2655 usus
1708 2616 1777 2655 est
1806 2625 1908 2654 con-

146 2680 262 2724 siliis
285 2682 470 2725 illorum
496 2697 699 2736 suorum,
725 2684 898 2726 scilicet
923 2684 1186 2737 patriarche
1212 2684 1501 2736 Antiocheni‚
1532 2683 1907 2735 Mediolanensis,

146 2750 506 2796 Sarisberiensis
529 2758 574 2796 et
596 2754 792 2796 aliorum
817 2755 1097 2808 sequacium,
1120 2758 1165 2796 et
1189 2754 1276 2796 fuit
1300 2755 1345 2796 in
1369 2755 1562 2796 nacione
1587 2754 1837 2796 Germanie
1861 2756 1906 2794 ut

147 2821 408 2876 plurimum,
440 2825 626 2877 quando
659 2825 746 2867 fuit
778 2827 1068 2877 congregata.
1117 2825 1170 2867 Et
1203 2825 1312 2878 quia
1347 2825 1474 2866 illam
1508 2827 1646 2866 totam
1681 2824 1739 2866 ad
1772 2836 1906 2865 omne

147 2902 276 2934 suum
303 2894 424 2936 velle
451 2894 621 2936 ducere
648 2907 739 2937 non
765 2896 926 2948 potuit,
953 2908 1231 2948 quamquam
1258 2896 1450 2937 multum
1477 2894 1620 2947 duxit,
1647 2895 1822 2936 vocavit
1849 2893 1905 2936 ad

239 2976 286 3022 jai
303 2995 329 3021 B
348 2978 573 3023 ordinandum.

264 3055 296 3097 ι)
322 3054 442 3090 Hardt
466 3056 496 3098 l,
520 3057 608 3099 916,·
636 3056 762 3091 Mami
786 3056 946 3099 XXVII,
972 3058 1072 3092 1150.
