2227 3434
110 95 127 133 Χ
569 135 608 170 Β.
650 135 899 170 Avisamente
927 136 997 170 der
1026 136 1342 170 Reformatorien.
1753 135 1835 177 631

12 296 20 299 ,
78 250 310 295 eximitate
370 255 420 295 ut
479 253 525 295 in
587 254 788 306 capitulo
849 253 906 295 de
967 254 1180 307 multis¹).
1254 253 1326 295 Ad
1386 253 1473 295 tria
1535 256 1687 295 autem
1747 264 1839 293 non

78 321 315 375 dispenset
352 323 442 365 nisi
482 336 540 365 ex
565 324 801 382 ‚eminenti
841 324 1037 366 sciencia
1079 328 1124 366 et
1163 336 1327 378 magna
1367 324 1609 366 nobilitate
1649 327 1694 366 et
1733 323 1840 376 quia

79 392 289 445 illustris;
341 393 431 435 nisi
483 393 603 435 forte
657 394 703 435 in
738 389 980 447 partibus,
1032 395 1111 436 ubi
1164 398 1322 436 essent
1371 394 1541 447 exigua
1592 393 1840 445 beneficia,

78 460 134 505 ut’
162 463 208 505 in
240 463 410 517 Apulia
445 468 490 507 et
525 464 571 505 in
606 464 743 506 certis
777 464 990 517 partibus
1025 465 1282 517 Hyspanie;
1320 468 1365 506 et
1399 465 1463 506 ibi
1497 477 1590 506 non
1627 464 1686 506 ad
1720 465 1841 505 ultra

78 536 285 586 quatuor.
334 534 386 576 In
418 534 587 588 Anglia
620 547 732 576 vero
764 532 954 577 omnino
987 538 1159 587 caveat,
1194 539 1241 577 ut
1274 548 1365 577 non
1398 535 1487 577 nisi
1522 535 1614 576 duo
1646 534 1704 576 ad
1735 535 1842 587 plus

79 602 331 657 dispenset.
374 605 427 646 Et
454 605 537 647 hoc
566 605 712 647 eciam
741 618 800 647 ex
829 617 995 658 magna
1023 618 1174 647 causa.
1219 606 1333 647 Item
1362 605 1484 658 quod
1512 606 1670 646 nullus
1697 605 1845 658 possit

4 714 11 720 ,
78 673 252 717 habere
304 675 425 718 ultra
478 675 594 718 duas
644 675 912 728 prebendas
964 676 1267 718 ecclesiarum
1321 675 1655 718 cathedralium
1708 676 1840 729 nona)

78 745 288 788 obstante
313 758 587 799 quacunque
612 747 960 788 consuetudine.
996 747 1086 788 Nec
1111 747 1256 800 possit
1281 746 1545 800 dispensari
1568 759 1654 800 per
1676 759 1844 799 papam

77 815 167 858 nisi
195 828 255 858 ex
282 829 420 859 causa
450 817 716 870 specialiter
745 829 972 870 expressa
1000 818 1046 859 in
1076 817 1239 870 literis,
1269 830 1358 870 que
1388 817 1446 859 sit
1474 817 1773 859 racionabilis
1802 819 1845 859 et

78 899 202 929 vera.
247 887 303 930 Et
332 888 455 940 quod
485 888 644 931 nullus
675 886 863 942 possit'·)
898 888 1069 930 lucrari
1103 889 1267 930 eadem
1301 888 1375 930 die
1408 888 1663 930 cotidianas
1696 887 1846 930 distri-

79 956 300 1002 buciones
324 958 415 1002 nisi
442 959 489 1000 in
516 971 609 1001 uno
632 958 879 1001 beneficio.

497 1133 537 1177 4.
565 1135 635 1178 De
661 1134 900 1188 preteritis
927 1134 1421 1188 ‹lispensacionibus.²)

196 1229 487 1272 Revocentur
517 1229 611 1282 ille,
643 1242 732 1283 que
762 1242 856 1272 non
887 1233 993 1272 sunt
1025 1230 1183 1272 sortite
1216 1229 1437 1272 effectum
1468 1229 1514 1270 in
1545 1232 1702 1271 totum.
1744 1227 1848 1270 Alie

79 1301 232 1341 autem
261 1303 539 1342 revocentur
567 1300 626 1342 ad
654 1300 746 1342 duo
772 1303 963 1343 tantum.
1007 1301 1074 1343 Ita
1103 1300 1239 1354 quod,
1269 1300 1385 1355 qui‘)
1418 1301 1554 1353 plura
1584 1298 1849 1352 incompati-

80 1369 191 1413 bilia
231 1369 474 1426 [habeant]
487 1369 542 1425 (Ι),
575 1371 752 1424 eligere
787 1372 1073 1425 teneantur‘·)
1113 1371 1235 1414 infra
1269 1383 1441 1413 annum
1475 1383 1564 1424 que
1598 1370 1689 1413 duo
1722 1369 1850 1412 malit

79 1452 165 1483 nec
189 1442 336 1495 possit
362 1454 463 1484 cum
490 1442 648 1496 aliquo
670 1440 990 1496 permutares)

79 1618 119 1661 5.
140 1618 209 1662 De
230 1618 469 1672 preteritis
492 1619 930 1671 ‹lispensacionibus
952 1620 1103 1672 quoad
1127 1617 1493 1671 incompatibilia
1514 1618 1845 1672 revocandis.³⁵)

198 1712 490 1755 R-evocentur
526 1713 605 1754 ille
643 1725 702 1754 ex
738 1716 843 1766 toto,
881 1725 970 1766 que
1007 1725 1100 1754 non
1137 1716 1243 1755 sunt
1279 1713 1437 1755 sortite
1476 1712 1710 1756 effectum.
1759 1711 1850 1755 Sed

81 1782 239 1825 sortite
270 1782 492 1825 effectum
521 1783 803 1826 reducantur
831 1783 889 1826 ad
918 1784 1010 1826 duo
1036 1787 1228 1836 tantum,
1258 1784 1319 1826 ita
1347 1783 1469 1837 quod
1499 1783 1634 1825 liceat
1662 1782 1852 1825 habenti

81 1854 218 1907 plura
240 1854 605 1907 incompatibilizi
628 1854 804 1907 eligere
829 1854 952 1897 infra
977 1867 1148 1897 annum
1173 1855 1277 1906 duo,
1301 1867 1392 1907 que
1415 1855 1557 1896 malit.
1593 1854 1683 1896 Nec
1706 1853 1852 1908 possit

83 1923 174 1967 alia
206 1936 309 1966 cum
343 1925 502 1978 aliquo
533 1928 816 1978 permutare.

409 2101 448 2145 6.
485 2102 554 2145 De
591 2102 950 2156 dispensacione
987 2102 1044 2145 (le
1085 2115 1172 2144 non
1211 2102 1519 2155 resiiien110.·¹)

199 2195 402 2247 Quilibet
435 2209 641 2238 summus
672 2196 886 2250 pontifex
922 2197 967 2238 in
1000 2196 1230 2249 principio
1265 2209 1346 2239 sue
1380 2196 1718 2250 assumpcionis
1750 2209 1853 2249 pro-

83 2270 224 2320 ponat
251 2266 465 2320 edictum,
496 2267 619 2320 quod
648 2279 810 2310 omnes
840 2267 1191 2320 archiepiscopi,
1220 2267 1426 2320 episcopi
1459 2280 1510 2309 ac
1539 2267 1684 2309 eciam
1715 2267 1854 2309 abba-

84 2338 196 2391 tesg)
229 2340 275 2380 et
306 2337 386 2380 alii
417 2338 621 2391 exempti
651 2340 898 2380 teneantur
931 2338 977 2379 in
1007 2338 1211 2391 propriis
1243 2338 1455 2380 ecclesiis
1485 2341 1530 2380 et
1561 2337 1854 2380 monasteriis

86 2420 137 2450 ac
172 2407 487 2462 dignitatibus,
521 2408 645 2452 curis
681 2413 725 2452 et
761 2408 1247 2451 administracionibus
1282 2408 1507 2451 residere.
1556 2409 1610 2451 Et
1646 2408 1684 2452 si
1719 2412 1855 2451 stete-

190 2587 221 2613 a)
242 2591 304 2611 non
325 2604 332 2610 .
353 2605 358 2610 .
379 2605 385 2610 .
406 2591 482 2610 vera
508 2584 587 2617 fehlt
618 2585 652 2617 E,
684 2585 710 2610 Γ.
732 2584 846 2617 Dassa·
869 2585 894 2610 Ι·,“
914 2593 963 2609 nm
990 2584 1121 2609 1.·nnde.·
1155 2583 1201 2610 De
1231 2582 1292 2610 hac
1314 2582 1451 2609 materia
1473 2582 1575 2609 habes
1599 2582 1630 2608 V.
1652 2581 1857 2612 Novi-nibli&

86 2630 173 2664 quud
200 2630 274 2665 quis
295 2639 357 2658 non
380 2631 487 2666 possit
507 2631 628 2658 habi-ro
649 2631 737 2658 ultra
767 2632 849 2658 «luas
879 2630 1065 2665 pri-hundans
1095 2629 1312 2657 ecch-siarum
1341 2629 1580 2656 cathedralium
1609 2637 1671 2656 non
1699 2629 1855 2655 obstanti:

86 2683 281 2712 quacunque
307 2679 555 2707 consuetudine.
588 2678 652 2706 Nec
679 2678 787 2713 possit
815 2678 1000 2712 dispensari
1028 2685 1086 2712 pei·
1112 2684 1229 2711 papam
1258 2676 1319 2703 nisi
1342 2684 1443 2703 cansa
1473 2676 1665 2710 specialiter
1697 2683 1857 2710 expressa.

87 2724 119 2752 in
139 2724 247 2753 literis
266 2727 299 2752 et
321 2733 383 2760 quc
408 2725 452 2753 sit
470 2733 549 2753 vera
569 2727 602 2752 ct
623 2725 847 2753 racionabilis.
897 2725 928 2756 b)
952 2726 976 2751 13
996 2732 1060 2751 non
1082 2724 1220 2758 possint.
1277 2729 1305 2753 c>
1331 2725 1355 2750 Ε
1375 2723 1454 2750 lit-ct
1475 2723 1602 2750 habeat.
1659 2723 1690 2756 «1)
1718 2722 1800 2749 Fati!
1828 2723 1856 2747 ι’.

87 2774 117 2806 e)
138 2774 166 2800 Ε
182 2774 298 2808 possit.
367 2774 393 2807 f)
416 2775 442 2800 E
461 2782 511 2800 am
536 2774 649 2800 Ranae
670 2772 828 2799 Similiter
854 2772 893 2799 «ie
915 2772 979 2799 isto
1000 2771 1103 2798 habos
1124 2771 1155 2798 V.
1178 2770 1384 2802 Novembris,
1405 2770 1492 2804 qnod
1525 2769 1796 2804 dispensaciones
1817 2769 1855 2794 «1ο-

86 2820 394 2856 incompatibilibus
424 2820 702 2852 secuiari¹›115‚‘si
726 2827 788 2847 non
810 2822 887 2847 sunt
908 2819 1026 2847 sortite
1047 2818 1212 2851 effectum,
1247 2819 1445 2845 revoc-entur
1474 2824 1513 2843 cx
1545 2818 1624 2849 ποῖος
1654 2816 1710 2843 scd
1739 2816 1857 2842 sortito

88 2868 240 2896 effectum
266 2869 380 2896 reduci
405 2868 446 2896 ad
467 2869 541 2895 «luc».
579 2868 615 2894 Et
637 2869 813 2894 tencantur
834 2867 920 2893 intra
941 2873 1059 2893 annum
1081 2866 1214 2897 elie-rere,
1241 2872 1303 2899 quc
1331 2864 1395 2891 duo
1418 2864 1517 2891 velint
1548 2870 1606 2890 nce
1634 2863 1763 2898 possint
1785 2869 1856 2896 {wr—

89 2917 226 2943 mutare.
298 2917 331 2950 g)
360 2916 385 2942 V
400 2925 452 2942 (ιηι
475 2916 605 2942 Raude:
632 2914 786 2942 similiter
807 2917 839 2941 et
860 2914 999 2941 abbates
1020 2913 1129 2940 iurent
1150 2912 1180 2940 in
1203 2911 1474 2947 proinocionibus
1496 2910 1574 2937 suis.

209 2976 240 3019 ¹)
270 2976 458 3010 Decretal.
488 2976 517 3018 1,
546 2976 599 3011 m.
639 2975 673 3016 1²,
703 2984 782 3017 cap.
809 2975 864 3009 ⁴28.

207 3035 240 3078 ²)
269 3034 358 3071 Cod.
384 3035 424 3076 E,
460 3034 494 3068 V.
640 3034 671 3076 3)
699 3032 788 3068 Cod.
815 3033 860 3074 I),
888 3032 921 3066 S.
1067 3032 1098 3073 ⁴)
1128 3031 1217 3065 cod.
1254 3030 1286 3064 V.
