2227 3434
681 135 771 170 1416
795 136 886 171 Juni
913 137 932 169 7
960 157 1000 160 —
1028 135 1118 169 Juni
1146 135 1200 169 18.
1739 137 1822 179 447

57 256 205 297 solum
232 258 303 297 est
328 253 768 308 comprehensibilis
794 255 940 296 oculis
967 254 1262 296 mentalibus.
1303 254 1397 295 Hec
1423 255 1642 307 septem‘1)
1673 254 1826 296 totalis

57 325 251 368 materia
280 329 386 368 sunt
414 325 676 367 huiusmodi
709 325 865 367 brevis
895 324 1176 366 collacionis.
1218 325 1313 366 Hec
1344 324 1630 377 septiformis
1662 337 1826 378 propo-

57 396 170 438 sicio
195 396 348 449 quoad
373 396 580 449 singulas
606 395 677 438 su·i
702 399 860 448 partes
886 394 1142 437 deducitur.
1182 396 1234 437 Et
1259 396 1410 449 primo
1436 396 1588 448 quoad
1613 396 1826 448 primurn,

58 467 136 508 ubi
174 467 401 509 dicebam:
454 466 652 508 Carnem
691 465 861 507 Christi
900 466 945 507 in
983 478 1114 508 sacra
1151 466 1299 508 hostia
1336 467 1540 508 existere
1579 469 1826 519 conspectu

57 537 340 580 invisibilem
385 537 601 579 humanis
646 536 984 589 prospectibus,
1030 537 1152 589 quod
1197 538 1259 578 sic
1307 537 1563 590 deducitur,
1610 538 1828 590 quoniam

59 619 432 661 unamquamque
474 608 764 661 corporalem
807 607 1032 648 visionem
1074 608 1255 649 causari
1297 608 1535 649 subtilium
1578 607 1828 661 perspecti-

59 691 219 720 vorum
244 682 289 721 et
314 678 623 720 veridicorum
650 677 1033 731 philosophorum
1061 679 1299 720 sentencia
1325 679 1564 731 asseritur,
1592 678 1828 720 dumtaxat

58 762 144 802 per
172 749 467 803 propriarum
498 750 760 802 specierum
791 749 1075 790 obiectorum
1106 749 1360 790 visibilium
1391 749 1828 802 multiplicacionem

59 821 105 862 in
134 820 287 863 medio
316 820 562 873 dyaphano
591 819 903 861 mediantibus
933 820 1106 861 lumine
1137 820 1445 872 proporcione
1475 820 1630 862 debita
1660 820 1829 862 distan-

58 892 222 943 ciaque
253 890 622 943 competentibus
655 891 713 932 ad
746 890 891 932 instar
924 891 1226 943 triangularis
1261 890 1427 943 figure,
1461 891 1590 933 cuius
1623 891 1748 932 basis
1783 891 1829 932 in

59 962 239 1004 obiecto
257 961 427 1004 visibili
449 965 494 1003 et
514 965 650 1003 tonus
672 962 718 1002 in
739 973 912 1014 organo
932 959 1142 1015 visuali¹¹)
1165 959 1290 1014 seu'')
1314 961 1535 1014 pupillari
1558 962 1827 1014 persistunt.

59 1032 296 1083 Quomodo
325 1044 437 1085 ergo
469 1031 638 1085 Christi
671 1044 777 1073 caro
809 1032 854 1072 in
887 1032 1048 1074 altaris
1080 1032 1230 1074 hostia
1262 1044 1370 1074 suas
1401 1032 1616 1084 proprias
1650 1031 1830 1084 species

61 1103 119 1145 ad
157 1103 339 1145 oculum
378 1103 669 1156 corporalem
709 1102 994 1144 deferendas
1034 1103 1132 1144 sive
1173 1115 1258 1155 per
1295 1106 1427 1144 extra
1468 1103 1691 1144 mittendo
1732 1104 1829 1145 sive

60 1174 179 1216 intra
209 1174 479 1226 recipiendo
507 1177 584 1226 aut
612 1174 855 1226 utrovique
885 1172 1157 1215 diffundere
1187 1174 1370 1226 poterit,
1399 1186 1500 1214 cum
1528 1173 1629 1226 ipsa
1657 1173 1830 1214 ibidem

58 1248 212 1286 careat
241 1244 513 1297 simpliciter
542 1244 757 1286 omnibus
786 1244 1086 1297 qualitatibus
1116 1247 1159 1285 et
1187 1244 1502 1286 accidentibus
1532 1244 1699 1286 visuali
1730 1257 1831 1286 sen-

61 1316 130 1357 sui
164 1315 445 1358 necessariis
476 1318 521 1357 et
553 1315 823 1368 oportunis?
875 1315 929 1356 Et
963 1316 1068 1357 licet
1102 1316 1203 1368 ipsa
1235 1315 1406 1357 Christi
1440 1327 1546 1357 caro
1580 1315 1637 1358 sit
1669 1315 1732 1356 ibi
1767 1316 1831 1357 sic

60 1385 247 1428 omnino
275 1386 526 1428 invisibilis
554 1386 641 1427 sub
669 1384 874 1439 propriis
903 1386 1150 1438 speciebus
1178 1389 1223 1428 et
1249 1386 1520 1428 nullatenus
1547 1385 1832 1439 percipiatur

61 1468 205 1499 sensu
227 1457 369 1509 visuS,
393 1457 478 1500 sub
502 1456 748 1509 speciebus
771 1460 925 1498 tamen
950 1457 1085 1509 panis
1109 1460 1152 1498 et
1176 1457 1271 1497 vini
1294 1456 1497 1498 veridica
1522 1457 1623 1498 luce
1648 1456 1832 1498 videtur

61 1531 105 1570 et
127 1527 407 1581 conspicitur
429 1527 628 1570 radiose.
663 1527 797 1569 Unde
819 1540 940 1580 papa
963 1527 1181 1570 Urbanus
1203 1530 1394 1580 quartus
1418 1528 1464 1568 in
1487 1527 1673 1569 decreto
1694 1527 1832 1569 huius

63 1598 170 1641 sest-i
205 1599 270 1641 sic
305 1599 470 1651 inquit:
521 1598 781 1640 accidencia
816 1599 989 1640 etenim
1025 1598 1169 1639 eciam
1206 1598 1305 1640 sine
1343 1598 1549 1640 subiecto
1586 1599 1631 1639 in
1667 1597 1831 1640 eodem

61 1668 237 1711 scilicet
265 1672 554 1711 sacramento
584 1669 855 1721 subsistunt,
886 1672 932 1710 ut
963 1669 1085 1711 fides
1113 1669 1263 1710 locum
1293 1669 1476 1721 habeat,
1507 1669 1614 1710 dum
1645 1669 1831 1711 visibile

63 1739 359 1782 invisibiliter
393 1740 589 1781 sumitur
622 1739 776 1782 aliena
809 1740 964 1792 specie
999 1740 1287 1781 occultatum.
1335 1740 1392 1781 Ut
1425 1740 1536 1792 quid
1570 1740 1708 1792 igitur
1741 1742 1833 1781 tam

61 1810 392 1852 execrabiliter
421 1810 624 1852 delirant
651 1823 675 1852 a
705 1810 802 1852 fide
832 1810 1055 1852 catholica
1084 1810 1207 1852 devii
1236 1811 1357 1852 ultra
1386 1823 1521 1852 omne
1551 1813 1747 1852 metrum
1776 1810 1832 1851 de

62 1893 112 1923 se
142 1884 484 1934 presumentes,
516 1881 623 1922 dum
653 1881 912 1934 gloriantur
942 1884 1154 1923 naturam
1186 1882 1381 1934 eiusque
1416 1882 1516 1923 iura
1547 1884 1591 1923 et
1624 1880 1833 1922 immuni-

61 1955 201 1994 tatem
231 1963 525 2004 conservare,
557 1964 615 1993 ne
648 1952 996 1994 anichilacionis
1028 1952 1330 2005 opprobrium
1363 1952 1585 2005 paciatur,
1618 1954 1834 1994 asserunt

63 2026 108 2064 et
131 2025 342 2065 astruunt
364 2035 533 2076 panem
557 2023 818 2065 naturalem
844 2023 889 2064 in
913 2035 1044 2065 sacra
1066 2023 1216 2066 hostia
1239 2027 1343 2076 post
1364 2023 1680 2076 prolacionem
1704 2022 1833 2075 quin-

63 2105 151 2145 que
198 2093 445 2152 verborum
493 2094 898 2135 sacramentalium
946 2094 1137 2135 realiter
1183 2105 1444 2145 remanere,
1491 2105 1678 2135 carnem
1722 2105 1833 2134 vero

62 2164 237 2206 domini
266 2165 412 2206 nostri
443 2165 556 2207 Jesu
587 2164 757 2207 Christi
787 2164 1103 2206 tantummodo
1132 2164 1177 2205 in
1208 2164 1352 2218 signo,
1382 2177 1473 2206 non
1504 2167 1657 2206 autem
1687 2167 1833 2206 trans-

65 2234 367 2287 substantive,
396 2247 488 2277 non
517 2238 669 2277 autem
699 2235 889 2277 realiter
918 2238 961 2277 et
989 2235 1242 2288 ydemptite
1271 2234 1510 2277 contineri.
1552 2235 1605 2276 Et
1632 2238 1680 2276 ut
1707 2234 1834 2276 virus

65 2305 332 2347 bufonicum
375 2305 663 2348 immisceant
704 2318 887 2347 veneno
929 2306 1141 2358 aspidum
1186 2305 1451 2357 insanabili,
1495 2306 1628 2358 quasi
1672 2305 1834 2346 mussi-

65 2379 214 2419 tantes
247 2375 417 2428 dicunt,
453 2388 502 2419 se
537 2376 731 2417 credere
767 2376 881 2418 sicut
915 2376 1061 2418 credit
1094 2377 1292 2418 ecclesia
1327 2379 1483 2418 sancta
1518 2379 1564 2417 et
1597 2375 1833 2427 catholica,

65 2458 201 2499 quam
226 2447 394 2488 nullibi
420 2447 613 2488 credunt
640 2459 745 2489 esse
772 2447 860 2488 nisi
890 2447 934 2487 in
961 2447 1066 2498 hiis,
1093 2447 1169 2499 qui
1197 2450 1301 2488 sunt
1328 2446 1384 2488 de
1411 2459 1570 2488 eorum
1599 2447 1832 2499 opInione.

67 2517 119 2559 Et
144 2517 266 2560 unde
290 2517 503 2571 provenit
527 2517 633 2560 talis
657 2530 803 2570 error,
828 2530 853 2559 a
878 2529 967 2570 quo
992 2517 1120 2559 fonte
1145 2520 1329 2559 emanat
1353 2517 1437 2558 hec
1460 2518 1677 2570 pertinax
1701 2517 1833 2558 here-

66 2587 144 2640 sis,
168 2587 256 2630 nisi
284 2588 341 2630 ab
361 2587 446 2630 illa
473 2588 715 2630 maledicta
741 2587 959 2640 cupidine
985 2587 1109 2629 fame
1136 2591 1180 2629 et
1205 2588 1541 2640 singularitatis
1567 2586 1831 2629 detestabili

66 2658 288 2710 appetitu,
313 2671 393 2700 cur
416 2659 480 2699 hii
508 2657 686 2701 similes
710 2671 801 2700 non
828 2658 1100 2700 submittunt
1127 2657 1340 2699 similiter
1366 2659 1534 2699 collum
1563 2658 1666 2710 iugo
1691 2658 1834 2698 eccle-

67 2729 136 2770 sie
154 2728 393 2781 catholice,
415 2732 708 2770 sacrosancte
731 2728 901 2782 fider),
924 2729 1046 2781 quod
1069 2729 1138 2771 eis
1159 2729 1404 2781 prodesset
1427 2729 1587 2780 procul
1612 2728 1753 2769 dubio
1777 2727 1832 2768 ad

0 2829 1 2835 ,
67 2799 278 2851 salutem,
319 2799 425 2851 quia
466 2811 556 2840 non
600 2799 884 2852 argumentis
926 2799 1260 2852 philosophicis
1302 2802 1347 2840 et
1388 2798 1715 2851 metaphysicis
1757 2800 1832 2838 aut

0 2861 3 2939 i

0 2948 3 2971 l

1 2977 3 2999 1

1 3007 5 3051 ³.

0 3055 7 3113 i

66 2869 330 2922 sophisticis
363 2869 683 2922 investiganda
715 2873 785 2912 est
816 2870 902 2911 ista
932 2870 1065 2911 unica
1098 2882 1208 2910 vera
1240 2872 1285 2910 et
1316 2868 1523 2921 perfecta
1557 2868 1718 2920 hostia,
1750 2867 1832 2908 sed

67 2938 164 2981 fide
184 2939 497 2982 existimanda
519 2942 602 2991 est,
625 2952 709 2981 nec
733 2940 886 2992 specie
911 2943 988 2981 aut
1010 2939 1232 2981 exteriori
1256 2939 1489 2980 censenda
1514 2938 1628 2989 visu,
1652 2937 1708 2979 de
1732 2950 1833 2979 con-

171 3050 201 3069 a)
224 3044 290 3075 Hei,
311 3045 359 3069 sle
380 3051 447 3069 spx.
504 3044 535 3071 1»
555 3043 634 3076 fehlt
659 3043 720 3074 Jlii,
743 3045 802 3067 Nlo‘.
858 3051 885 3069 cu
907 3042 985 3075 fehlt
1008 3043 1070 3069 Hei.
