2102 3444
301 222 384 263 682
734 216 799 250 111.
832 213 1041 249 Abschnitt.
1084 211 1237 245 Reform
1270 210 1345 244 und
1380 208 1628 254 Verfassung.

305 337 457 378 sic-ium
486 348 574 377 non
602 333 821 386 leveturss)
851 330 1066 372 vac-ancia
1092 329 1183 371 nisi
1210 340 1302 370 una
1328 330 1373 370 et
1399 327 1535 369 modo
1559 330 1605 369 et
1630 326 1781 370 forma
1805 327 2063 381 premissis.

310 408 414 448 Item
467 407 502 447 si
554 404 688 446 modo
737 402 965 455 premisso
1015 399 1327 441 concedantur
1365 398 1595 451 vacancie,
1634 398 1899 440 obtineatur
1935 398 2065 441 bulla

304 477 496 529 papalis,
528 475 648 526 quod
681 486 764 526 per
796 473 878 513 hoc
911 471 1089 512 nullum
1123 470 1193 511 ius
1225 469 1491 521 acquIratur
1524 468 1612 511 sibi
1645 472 1721 511 aut
1751 469 1948 511 ecclesie
1980 469 2066 511 Ro-

303 560 449 593 mane,
475 545 687 597 quodque
714 556 797 596 per
822 543 905 584 hoc
932 542 1231 594 imposterum
1257 539 1566 593 preiu-dicium
1587 539 1780 593 »aliquod
1802 552 1896 582 non
1920 539 2066 594 possit

300 616 508 657 ecclesiis
535 613 764 667 generari.

422 686 530 726 item
560 684 858 737 provideatur
885 682 1087 734 omnino,
1115 681 1239 734 quod
1266 681 1421 723 omnia
1449 680 1624 723 minuta
1648 680 1849 724 servicia
1874 683 1922 724 et
1947 681 2066 724 tales

300 757 571 797 exacciones
604 755 825 796 tollantur
856 757 901 795 et
932 753 1064 794 nullo
1096 751 1232 794 modo
1263 752 1463 804 amplius
1497 752 1750 794 solvantur.

419 827 494 867 l)e
539 825 904 877 exempcion
924 824 933 865 i
952 823 1075 865 bus.
1125 822 1238 865 Item
1270 822 1611 876 providendum
1643 826 1713 865 est
1744 822 1865 865 circa
1896 821 2067 865 factum

299 896 629 949 cxempcionis,
670 908 756 948 per
799 895 921 948 quod
961 907 1135 936 nervus
1177 893 1491 936 ecclesiastice
1534 892 1795 946 discipline,
1836 892 2069 936 correccio

302 980 475 1009 morum
508 971 553 1009 et
586 966 755 1008 similia
787 968 1064 1019 rumpuntur
1095 968 1141 1007 et
1173 964 1490 1017 impediuntur
1522 964 1810 1017 frequenter.

419 1039 530 1079 Item
571 1037 872 1090 provideatur
912 1048 1054 1089 super
1092 1035 1393 1077 concessione
1435 1034 1491 1077 de
1531 1047 1652 1077 novo
1689 1034 1811 1078 facta
1850 1035 2068 1078 Premon-

300 1108 606 1150 stratensibus
651 1120 735 1160 per
778 1106 1098 1148 Alexandrum
1143 1106 1189 1147 in
1234 1105 1544 1159 preiudiciuvm
1589 1105 1946 1159 ordinariorum,
1990 1104 2069 1159 qui

299 1183 431 1221 erant
464 1179 567 1220 dicti
601 1178 778 1221 ordinis
812 1177 1100 1229 fundatores,
1134 1177 1257 1229 quod
1289 1176 1478 1219 omnino
1508 1179 1798 1221 revocentur.

421 1250 530 1291 Item
572 1247 911 1302 provideatur¹¹)
957 1249 1002 1289 in
1044 1247 1349 1290 abusionibus
1388 1247 1758 1289 mendicancium
1797 1249 1845 1290 et
1881 1246 2069 1290 omnino

300 1324 571 1374 procuretur
614 1320 742 1362 bulla
785 1318 1071 1361 revocatoria
1112 1331 1200 1372 pro
1241 1318 1452 1362 ecclesiis
1491 1318 1868 1372 parrochialibus
1908 1320 2069 1361 contra

302 1390 629 1433 mendicantes.
1420 1404 1422 1406 ·

418 1462 496 1503 De
536 1460 758 1503 causis.
798 1461 892 1503 Nisi
923 1473 1061 1503 cause
1092 1460 1183 1503 sint
1210 1460 1370 1513 ardue,
1398 1462 1557 1514 utpote
1587 1462 1734 1505 status
1759 1472 2069 1514 personarum

300 1532 621 1585 episcoporum
649 1535 694 1574 et
723 1532 1015 1585 superiorum
1045 1533 1119 1573 vel
1149 1544 1286 1574 cause
1316 1531 1602 1574 eleccionum
1630 1531 1968 1574 cathedralium
1994 1530 2069 1573 vel

301 1604 572 1645 notabilium
599 1603 1000 1655 monasteriorum,
1027 1615 1222 1656 quorum
1249 1606 1356 1645 taxa
1382 1602 1659 1644 reduccione
1685 1602 1808 1645 facta
1833 1601 1906 1645 CC
1931 1601 2070 1645 libra-

301 1687 401 1716 rum
435 1674 773 1716 Turonensium
806 1686 1031 1715 summam
1062 1686 1156 1716 non
1186 1673 1386 1727 excedit,
1416 1673 1465 1715 in
1496 1673 1728 1715 Avinione
1761 1673 2071 1715 terminentur

302 1758 385 1797 per
414 1746 612 1798 legatum
638 1746 711 1787 vel
741 1745 881 1787 alium
909 1744 1227 1798 deputandum
1256 1758 1281 1787 a
1308 1757 1444 1798 papa,
1473 1757 1610 1797 quam
1638 1744 1718 1786 diu
1742 1745 1866 1787 ultra
1890 1746 2069 1787 montes

302 1816 427 1858 curia
461 1816 698 1858 residebit.
746 1816 909 1869 Magne
945 1819 1098 1858 autern
1132 1828 1270 1858 cause
1305 1828 1391 1869 per
1424 1815 1550 1860 sedis
1585 1815 1838 1869 apostolice
1871 1827 2071 1858 examen

303 1886 686 1929 terminabuntur.

419 1958 456 1999 D
472 1971 496 1999 e
531 1957 558 1999 d
573 1971 599 2000 e
615 1957 664 2000 ci
681 1971 723 1999 m
740 1958 752 1999 i
770 1971 804 2001 s.
837 1958 1066 2009 Quantum
1087 1957 1145 2001 ad
1166 1958 1393 2000 decimam
1419 1956 1552 2013 [tam]
1580 1957 1770 1999 nomine
1789 1969 1912 2011 pape
1933 1969 2070 2010 quam

303 2028 494 2072 alterius
523 2028 834 2082 indicendum,
863 2030 995 2071 nullo
1024 2029 1160 2071 modo
1192 2029 1411 2082 solvetur,
1441 2028 1532 2072 nisi
1562 2029 1609 2070 in
1636 2041 1749 2071 casu
1777 2027 2071 2071 necessitatis

303 2113 439 2141 rausa
462 2100 731 2142 racionabili
751 2104 797 2142 et
819 2100 1019 2143 iudicata
1040 2113 1122 2143 seu
1143 2100 1400 2154 approbata
1421 2113 1506 2153 per
1525 2101 1732 2153 prelatos
1752 2100 1827 2151 vel
1848 2098 2070 2142 maiorem

305 2173 481 2222 partem
504 2170 710 2224 ipsorum
735 2171 860 2213 illius
885 2172 1016 2224 regni
1042 2172 1115 2213 vel
1138 2170 1391 2225 provincie,
1416 2171 1495 2213 ubi
1516 2170 1749 2213 indicetur
1771 2175 1818 2215 et
1841 2170 1965 2224 quod
1987 2169 2071 2213 fiat
2095 2202 2102 2207 .

305 2241 516 2283 reduccio
535 2242 769 2295 generalis
791 2242 848 2284 ad
870 2243 1071 2285 mediam
1094 2242 1254 2284 ultime
1277 2242 1569 2284 reduccionis
1591 2254 1676 2296 per
1697 2241 1952 2284 Urbanum.

937 2337 958 2360 ss
1406 2337 1428 2360 >k

1173 2384 1195 2407 ἧς

304 2487 340 2527 A
365 2498 387 2526 ιι
410 2485 479 2528 ha
502 2499 573 2539 ng
626 2487 668 2530 b.
725 2488 842 2531 Dic
897 2486 1185 2530 Glossen
1241 2499 1353 2530 zur
1406 2486 1864 2541 angeblichen
1918 2486 2071 2529 Pro-

676 2558 892 2602 icssio
947 2558 1120 2602 fidei
1174 2558 1467 2601 Bonifaz'
1520 2557 1694 2601 VIII.

423 2639 472 2673 ⁴l:
497 2640 584 2673 (¹011.
618 2640 691 2673 sat.
716 2641 806 2675 7:505
826 2640 852 2683 Ϊ.
883 2642 914 2682 1,·
942 2641 986 2674 13:
1015 2640 1132 2682 Wien,
1154 2639 1427 2675 thlt'onalbibl.
1442 2640 1534 2675 5069
1547 2639 1574 2683 Ῐ.
1590 2640 1629 2683 7,·
1653 2638 1699 2674 O:
1716 2638 1920 2681 Miinchen,
1936 2638 2072 2674 Staats-

307 2698 517 2732 biblinllwls
542 2700 632 2732 5:396
656 2698 681 2741 7⁸.
708 2700 738 2732 (ἰ.

394 2769 470 2822 (Β)
544 2769 784 2811 Professio
866 2782 1150 2812 summorum

306 2839 572 2889 pontificum
598 2844 778 2893 sumpta
801 2854 859 2882 ex
883 2841 1005 2883 libro
1028 2840 1151 2882 diur-

306 2921 378 2959 no,
418 2910 473 2950 de
522 2909 700 2965 [quo]⁴‘)
744 2911 851 2952 XVI
889 2911 935 2953 di
979 2914 1151 2964 ‚sancta

306 2980 431 3032 octo‘,
452 2984 582 3022 extra
605 2981 660 3023 de
684 2982 782 3023 iure
804 2982 1002 3025 iurando
1022 2982 1150 3036 ,ego‘.

412 3123 440 3143 a]
462 3118 499 3143 Su
523 3126 567 3145 ων.
623 3119 655 3151 b)
679 3120 727 3146 Im
755 3120 825 3146 Tem
846 3120 1105 3155 provisiouilms.
1161 3121 1190 3155 c)
1212 3121 1298 3148 Felzlt
1317 3123 1389 3148 5069
1411 3122 1476 3148 und
1495 3123 1574 3149 5596.
