2227 3434
498 173 540 208 D.
585 169 1234 217 Gesch‘aftsordnungs-Vorschlage
1266 169 1328 206 fiir
1357 172 1426 206 das
1458 169 1604 205 Konzil.
1849 169 1935 214 755

169 290 247 343 ris,
280 291 522 333 ordinetur
554 294 600 333 et
632 294 871 344 statuatur,
905 290 1028 344 quod
1062 289 1300 343 quociens·
1368 287 1789 342 quocienscumque
1802 291 1939 330 erunt

169 373 363 414 cumque
393 373 479 414 per
509 362 729 403 naciones
761 365 897 404 erunt
927 360 1186 402 deliberate
1215 372 1300 402 seu

168 431 383 474 concluse
421 432 614 472 materie
654 431 739 473 sub
778 431 906 472 bulla
942 430 1123 473 concilii
1161 442 1301 483 expe-

169 500 354 554 diende,
384 504 599 554 quattuor
627 500 714 542 viri
743 500 976 543 notabiles
1005 501 1136 553 prius
1165 499 1300 542 electi

169 571 226 611 de
273 571 469 624 singulis
514 574 729 624 quattuor
772 570 1046 613 nacionibus
1091 573 1300 612 oratores

169 653 252 682 seu
275 640 625 683 abbreviatores
648 640 842 683 alternis
863 640 1053 693 vicibus,
1071 643 1210 693 <prout
1230 641 1300 682 eis

167 710 401 752 videbitur
448 710 690 764 expedire,
741 711 916 752 minuta
965 723 1108 763 super
1145 710 1301 751 huius-

170 781 293 823 modi
336 781 547 823 materiis
590 780 850 834 concipiant
891 783 937 822 et
980 780 1150 822 deinde
1192 780 1300 822 illas

168 850 379 894 referant
400 851 446 892 in
468 851 665 904 singulis
684 850 958 892 nacionibus
978 850 1165 903 plenius
1188 850 1300 891 deli-

167 921 402 964 berandas
444 924 490 963 et
532 920 834 974 corrigendas
874 924 923 963 et
964 923 1209 973 postquam
1255 921 1301 961 in

167 1003 259 1033 una
290 991 485 1033 nacione
516 990 691 1033 minuta
722 991 879 1044 aliqua
909 991 997 1033 erit
1027 991 1300 1042 deliberata,

167 1065 371 1104 correcta
401 1065 447 1104 et
476 1062 693 1104 conclusa
724 1062 771 1102 in
802 1061 1048 1114 presencia
1076 1061 1300 1113 nacionis,

169 1132 377 1185 signetur
420 1144 506 1185 per
547 1131 752 1174 notarios
796 1131 1004 1174 nacionis
1047 1131 1209 1185 ipsius,
1253 1132 1300 1173 in

167 1214 257 1255 qua
296 1201 496 1255 primum
535 1203 675 1244 allata
713 1202 857 1244 fuerit
895 1202 1217 1255 deliberanda,
1253 1205 1300 1244 et

167 1272 510 1325 subsequenter
550 1272 635 1315 fiat
673 1272 722 1314 in
763 1272 867 1314 aliis
906 1272 1196 1326 nacionibus,
1239 1273 1300 1314 ita

166 1342 288 1396 quod
317 1346 425 1396 1post
457 1342 851 1385 deliberacionem
884 1347 929 1385 et
960 1344 1300 1385 correccionem

165 1413 374 1455 nacionis
401 1413 650 1456 cuiuslibet
674 1413 860 1466 prefata
886 1413 1063 1457 minuta
1090 1414 1300 1467 signetur

165 1495 252 1536 per
283 1483 514 1526 notarium
547 1497 694 1537 suum,
730 1487 775 1526 et
808 1485 846 1527 si
881 1484 940 1527 sit
971 1484 1218 1526 concordia
1253 1484 1299 1525 in

168 1553 457 1607 nacionibus,
501 1554 623 1596 bene
667 1554 872 1607 quid⁴em3
919 1557 966 1597 et
1007 1554 1045 1597 si
1088 1567 1182 1596 non
1227 1554 1298 1607 sit,

166 1625 342 1668 tociens
363 1624 614 1667 refricetur
635 1625 921 1667 deliberacio
942 1625 989 1666 in
1011 1624 1299 1677 nacionibus,

166 1695 289 1748 quod
317 1707 410 1737 uno
438 1695 575 1738 modo
602 1695 678 1737 vel
709 1695 801 1738 alio
831 1695 1079 1737 reducatur
1108 1695 1167 1738 ad
1194 1707 1299 1737 con-

164 1765 383 1808 cordiam.
424 1765 673 1818 Postquam
703 1769 855 1808 autem
885 1765 1095 1808 finaliter
1123 1766 1299 1808 minuta

165 1835 430 1878 huiusmodi
458 1835 547 1878 erit
574 1835 863 1888 concordata,
893 1836 1112 1879 mundata
1142 1840 1187 1879 et
1213 1848 1300 1890 per

166 1905 371 1949 notarios
417 1909 633 1958 quattuor
679 1906 925 1948 nacionum
971 1907 1165 1960 signata,
1210 1909 1300 1949 tra-

167 1975 301 2018 datur
324 1976 389 2018 ad
417 1976 725 2030 grossandum
753 1977 1097 2030 grossatoribus
1128 1977 1187 2019 ad
1214 1977 1299 2019 hoc

167 2045 412 2099 deputatis.
1371 2049 1618 2102 deputati-s.

284 2116 413 2169 Item,
441 2121 684 2170 postquam
699 2129 862 2171 grossa
878 2118 967 2160 erit
981 2116 1201 2171 expedita
1214 2129 1301 2171 per
1434 2120 1546 2162 Item
1579 2153 1587 2162 .
1624 2154 1632 2162 .
1667 2154 1676 2162 .

166 2198 300 2228 suum
343 2190 671 2240 grossatorem,
715 2188 896 2241 legatur
938 2201 1100 2241 grossa
1144 2188 1301 2230 huius-

167 2256 289 2298 modi
325 2260 371 2300 et
402 2257 736 2301 collacionetur
766 2271 871 2300 cum
906 2258 1091 2313 prefata
1124 2258 1299 2301 minuta

168 2327 213 2368 in
247 2327 455 2379 qualibet
486 2328 683 2370 nacione
715 2332 762 2372 et
794 2332 833 2371 si
867 2331 1165 2382 repperiatur
1196 2341 1300 2371 con-

167 2396 330 2439 formis
364 2398 452 2450 ipsi
488 2397 661 2442 minute
692 2398 742 2440 in
774 2399 1019 2451 presencia
1051 2399 1300 2441 cuiuslibet

167 2467 388 2520 nacionis,
420 2467 669 2520 presidens
699 2468 909 2510 eiusdem
940 2481 1043 2511 eam
1075 2469 1226 2523 signet
1256 2473 1300 2512 et

169 2537 214 2578 in
245 2537 453 2591 margine
483 2538 732 2580 subteriori
762 2542 807 2581 et
837 2539 1167 2583 nichilominus
1196 2552 1299 2582 eam

172 2606 322 2660 signet
365 2607 410 2649 in
454 2608 575 2661 plica
618 2608 793 2650 ibidem
835 2610 1046 2652 notarius
1086 2609 1298 2651 eiusdem

168 2676 376 2719 nacionis
410 2680 457 2719 et
492 2678 555 2720 sic
591 2677 648 2720 de
684 2679 851 2721 ceteris
887 2679 1160 2722 nacionibus
1193 2680 1301 2722 >sub-
1372 2682 1727 2735 subsequenter.

169 2750 434 2799 sequenter.

259 2817 387 2869 Item,
418 2820 662 2870 postquam
692 2818 957 2861 huiusmodi
990 2820 1145 2861 littera
1175 2832 1300 2872 gros·
1435 2821 1546 2863 Item
1613 2819 1749 2873 quod,
1815 2822 1936 2873 post-

169 2889 267 2928 sata
304 2887 376 2939 sit,
410 2887 628 2940 expedita
665 2891 710 2930 et
746 2889 925 2941 signata
961 2888 1117 2941 fuerit,
1152 2890 1299 2942 presi·
1370 2903 1507 2943 quam
1534 2923 1544 2932 .
1579 2923 1587 2932 .
1623 2922 1632 2932 .

170 2955 286 2999 dens
332 2957 677 3008 presidencium
722 2957 772 2999 >in
815 2958 1064 3011 presencia
1111 2958 1299 3011 deputa-

171 3029 321 3068 torum
365 3025 568 3068 omnium
611 3027 685 3068 vel
726 3028 893 3069 saltem
939 3028 985 3069 in
1028 3027 1298 3081 pressencia

1641 3106 1720 3148 48*
