2102 3444
327 230 412 272 684

414 342 779 396 Apostolicc
833 336 1004 380 sedis
1068 334 1171 376 mi-

327 417 541 456 nister.
594 411 786 463 Proprie
826 407 1041 461 loquitur,
1077 417 1170 446 non

324 487 458 526 elate.
529 483 598 523 Sic
655 482 799 522 eciam
857 492 906 521 se
964 477 1171 519 nominat

326 554 592 596 Alexander
636 564 756 605 papa
805 550 821 591 Ι
865 562 892 602 q
939 548 1049 602 111¹)
1098 560 1172 600 ,ex

327 624 492 666 multis‘
532 627 575 665 ct
612 621 900 663 concorditer
941 619 984 660 ΙΙ
1021 631 1051 672 q
1087 618 1168 672 V2)

325 696 464 748 ponit.
510 695 564 735 Et
595 693 667 734 hic
699 694 896 743 notatur,
930 689 1053 743 quod
1085 688 1171 731 iste

328 764 599 806 Benedictus
620 775 788 804 nomen
811 774 944 803 suum
964 773 1057 803 non
1077 773 1172 802 mu-

326 836 432 877 tavit
471 836 516 876 in
555 833 843 875 Bonifacium
880 844 966 874 nec
1002 831 1049 873 in
1086 831 1172 873 Ro-

322 919 456 948 mana
482 905 679 947 ecclesia
706 903 997 955 ministravit,
1021 902 1171 944 donec

322 978 438 1018 hanc
489 976 833 1033 professionem
883 973 1052 1016 emisit.
1116 973 1172 1015 Et

322 1052 427 1090 tunc
492 1047 579 1088 fuit
641 1048 952 1087 consecratus.
1040 1044 1175 1086 Unde

322 1121 472 1171 potest
512 1117 629 1160 sumi
671 1119 1007 1169 argumentum,
1049 1115 1172 1168 quod

322 1189 369 1230 in
400 1202 509 1230 casu
538 1187 772 1241 presentis
802 1186 1033 1230 scismatis
1065 1190 1172 1228 ante

322 1259 723 1301 consecracionem
747 1261 899 1311 potest
923 1259 1098 1300 electus
1115 1257 1173 1300 ad

322 1330 478 1383 aliqua
508 1330 769 1371 iuramenta
799 1332 845 1371 et
874 1342 1035 1371 eorum
1065 1341 1173 1370 exe-

322 1401 558 1443 cucionem
593 1400 942 1442 racionabiliter
975 1400 1174 1453 obligari

322 1475 367 1514 et
397 1471 590 1513 iuridice
620 1472 762 1513 artari
792 1474 840 1513 ut
870 1471 930 1513 ad
958 1471 1174 1524 obligaci-

325 1554 460 1584 onem
488 1543 561 1584 vie
588 1541 815 1585 cessionis
843 1545 889 1584 et
917 1542 1044 1584 aliud
1073 1555 1175 1585 con-

326 1614 521 1657 veniens
548 1613 743 1655 ecclesie
773 1613 859 1655 Dei
886 1616 1057 1656 sancte.

414 2603 446 2643 N
463 2616 532 2643 on
576 2602 644 2643 de
662 2615 723 2644 se
740 2616 762 2644 r
778 2616 802 2645 a
819 2616 875 2646 m.
919 2604 1004 2646 Hic
1033 2604 1175 2657 profi-

328 2676 447 2714 tetur
481 2686 571 2715 non
605 2674 828 2716 deserere
864 2678 940 2717 aut
975 2675 1178 2717 derelin-

329 2756 471 2795 quere
531 2745 776 2787 ecclesiam
838 2746 977 2789 Petri.
1048 2746 1177 2798 Quod

333 2813 341 2866 Ι
356 2826 443 2855 non
455 2814 465 2868 Ἰ
478 2815 515 2868 ²¹)
550 2816 733 2858 videtur
750 2817 1103 2870 intelligendum
1120 2817 1178 2859 de

326 2885 521 2927 ecclesia
551 2886 755 2928 Romana
772 2889 1018 2942 materiali,
1033 2891 1104 2931 set
1119 2888 1175 2930 de

399 3005 428 3026 :nb
450 3001 535 3026 Fam!
558 3002 587 3027 in
611 3002 720 3028 beiden
745 3003 796 3029 Hs.

402 3062 431 3103 ¹)
459 3063 485 3095 (J
513 3064 528 3096 7
553 3066 618 3105 (155
642 3066 712 3097 cs).

400 3123 432 3162 ²)
459 3121 487 3154 (J
509 3122 531 3155 2
555 3132 577 3164 (1
601 3123 622 3155 5
645 3132 661 3155 c
685 3124 715 3156 6.

761 222 826 256 III.
859 219 1068 255 Abschnitt.
1112 216 1266 252 Reform
1297 216 1376 250 und
1407 214 1657 259 Vert'assung.

1334 332 1732 376 Benedictus.
1815 333 1907 376 Iste
1971 333 2097 376 enim

1247 404 1266 446 s
1271 405 1334 447 uit
1355 403 1624 446 Bonifacius
1643 404 1773 447 VIII.
1795 404 1849 447 Et
1869 403 1908 447 si
1927 416 2098 447 nomen

1248 476 1294 517 in
1350 478 1524 528 papatu
1579 475 1840 528 mutaverit,
1895 475 2098 518 nomi-nis

1247 549 1402 588 tamen
1437 545 1634 599 primevi
1667 545 1866 599 pnimam
1897 545 2099 589 litteram

1247 617 1520 659 reservavit.
1559 616 1616 659 Et
1638 617 1805 671 noma),
1832 617 1957 670 quod
1980 617 2099 660 elec-

1246 691 1320 730 tus
1352 688 1399 729 in
1428 700 1598 741 papam
1627 700 1714 729 nec
1742 690 1887 730 mutat
1914 700 2099 742 nomen,

1248 762 1296 801 ut
1320 758 1393 800 hic
1418 758 1664 811 colligitur,
1689 771 1774 800 nec
1799 757 2028 801 ministrat
2052 759 2100 801 in

1248 829 1350 883 ipsa
1369 829 1577 872 Roma-na
1597 830 1810 883 ecclesi-a,
1831 829 1978 872 donec
1995 841 2100 883 -pro-

1249 900 1507 942 fessionem
1533 900 1671 943 huius
1696 900 1908 944 emiserit
1931 903 1980 943 et
2002 900 2102 943 fue-

1249 971 1308 1013 rit
1344 974 1655 1014 consecratus,

1341 1041 1457 1083 Min
1472 1041 1486 1083 i
1503 1045 1554 1085 st
1569 1054 1595 1084 e
1610 1055 1646 1085 r.
1709 1042 1905 1096 Proprie
1956 1043 2102 1097 loqui-

1249 1116 1337 1166 tur,
1357 1126 1451 1156 non
1468 1114 1607 1156 elate.
1629 1113 1702 1156 Sic
1720 1114 1869 1156 eciam
1889 1126 1939 1158 se
1958 1113 2102 1156 nomi-

1249 1187 1329 1227 nat
1356 1197 1477 1238 papa
1504 1184 1796 1227 Allexander
1827 1185 1845 1226 I
1873 1197 1901 1239 q
1932 1185 2000 1227 III
2029 1197 2102 1239 ,ex

1250 1255 1421 1298 multis‘
1468 1259 1515 1298 et
1560 1255 1852 1299 concorditer
1898 1256 1944 1298 II
1989 1269 2019 1310 q
2062 1255 2102 1298 V

1250 1326 1381 1379 ponit
1406 1327 1457 1368 *in
1486 1326 1599 1369 fine.

1339 1682 1375 1723 R
1392 1693 1418 1723 e
1431 1694 1460 1734 g
1472 1693 1500 1722 e
1515 1694 1546 1723 n
1558 1680 1591 1723 d
1602 1694 1633 1724 *a
1647 1694 1705 1724 m.
1784 1681 1942 1725 Potest
1991 1693 2102 1735 ergo

1253 1753 1342 1794 dici
1369 1756 1521 1795 rector
1546 1753 1753 1795 Romane
1780 1753 1993 1796 ecclesie.
2028 1753 2102 1795 Vi-

1253 1824 1427 1866 carium
1470 1825 1617 1866 eciam
1658 1824 1865 1867 Romane
1907 1823 2102 1867 ecclesie

1253 1908 1303 1937 se
1325 1895 1535 1938 nominat
1557 1895 1774 1938 Gelasius
1793 1908 1919 1949 papa
1940 1894 1988 1937 in
2009 1895 2102 1949 epi-

1248 1967 1371 2009 stola
1433 1966 1579 2009 missa
1640 1966 1699 2008 ad
1759 1963 2099 2021 Anastasiumb)

1253 2041 1512 2091 augustum,
1534 2050 1593 2080 ex
1616 2050 1707 2091 quo
1727 2037 1962 2091 colligitur
1981 2037 2101 2091 prin.

1253 2122 1276 2150 c
1296 2108 1402 2163 ,duo
1425 2108 1544 2151 sunt‘
1567 2108 1714 2152 XCVI
1734 2108 1823 2163 dil)
1847 2121 1996 2162 usque
2018 2107 2099 2151 ibi:

1252 2180 1425 2222 talibus
1457 2192 1584 2233 ergo.
2049 2215 2051 2218 .

1345 2251 1387 2292 M
1402 2251 1453 2292 is
1469 2263 1494 2293 e
1509 2263 1575 2294 ra
1604 2249 1745 2294 vita.
1778 2250 1894 2303 Quia
1913 2250 1981 2293 nil
2002 2250 2101 2295 sine

1252 2335 1421 2375 magno
1444 2321 1608 2364 labore
1632 2321 1725 2365 vita
1751 2321 1879 2364 dedit
1902 2320 2102 2364 mortali-

1252 2393 1353 2446 bus,
1376 2396 1425 2435 ut
1447 2393 1495 2435 in
1517 2392 1641 2435 libro
1662 2392 1970 2447 sermonum2)
1994 2392 2102 2436 Ora-

1251 2464 1350 2506 cius
1371 2467 1458 2517 ayt.
1493 2463 1591 2516 Quo
1605 2463 1820 2506 convenit
1834 2463 1972 2517 Greg.
1987 2461 2102 2505 XIII

1252 2534 1297 2576 di
1320 2547 1504 2577 necnon
1526 2535 1698 2577 XLVII
1721 2535 1771 2577 ‹d'i
1796 2533 2040 2588 ,omnes‘.³)

1338 2606 1460 2648 Non
1516 2605 1816 2649 deseram.
1896 2605 2099 2658 Corpore

1251 2677 1325 2718 vel
1367 2679 1541 2729 me=nte3
1583 2679 1630 2719 et
1668 2679 1740 2720 est
1781 2678 2099 2730 argumentum

1251 2748 1503 2790 maximum
1550 2760 1636 2801 pro
1683 2747 1937 2790 stabilitate
1980 2757 2098 2800 pape

1251 2819 1483 2861 servanda
1512 2818 1563 2860 *in
1594 2818 1736 2862 Urbe.
1780 2818 1925 2870 Quam
1955 2817 2098 2860 eciam

1321 2912 1351 2939 a)
1373 2911 1419 2938 Hs
1439 2918 1481 2938 no
1503 2911 1557 2937 mi!
1579 2911 1777 2945 Ablce'trxzcnq
1796 2911 1915 2938 tamen.

1320 2958 1354 2988 h)
1374 2958 1565 2985 Austasium
1586 2959 1641 2985 Hs.

1323 3007 1354 3049 1)
1386 3007 1421 3040 D
1448 3007 1496 3041 96
1524 3017 1540 3041 c
1570 3007 1624 3042 10.

1323 3065 1355 3108 2)
1387 3066 1432 3099 D.
1465 3065 1498 3100 h.
1529 3064 1690 3100 Satiren.

1323 3123 1914 3166 ³)D1302undD47c3.
