2102 3444
302 112 386 155 130
836 111 860 145 I.
886 110 1098 146 Abschnitt.
1138 109 1537 154 Konzilstagebiicher.

302 228 350 270 in
376 241 515 271 causa
542 232 700 271 contra
729 229 917 270 Petrum
945 228 1002 270 de
1029 227 1159 270 Luna
1185 227 1427 281 proposuit
1454 227 1723 269 citacionem
1751 226 1985 268 decretam
2013 224 2071 268 ad

303 299 586 341 audiendum
615 299 899 342 sentenciam
927 302 972 341 et
1000 298 1126 341 illius
1155 298 1464 351 execucionis,
1491 301 1657 351 petens
1684 309 1769 350 per
1796 299 2072 338 executores

302 370 410 412 fieri
445 370 728 413 relacionem
761 368 1055 412 execucionis
1090 369 1229 411 illius.
1274 369 1400 411 Tunc
1432 368 1520 411 fuit
1552 369 1599 410 in
1633 368 1831 410 ambone
1863 367 1982 409 lecta
2014 366 2072 408 ci-

301 440 419 483 tacio
446 444 491 482 et
519 442 667 483 relata
697 440 824 483 illius
852 440 1071 482 execucio
1098 452 1183 493 per
1212 443 1307 481 tres
1335 440 1580 493 episcopos
1607 451 1667 480 ex
1696 437 1902 491 quinque
1928 437 2072 480 nomi-

302 511 422 554 natis
459 511 505 552 in
543 511 780 553 citacione.
833 511 1014 552 Deinde
1051 510 1190 563 peciit
1228 510 1307 551 ille
1346 513 1581 563 promotor
1618 509 1749 550 illum
1788 508 1976 550 Petrum
2013 507 2071 550 de

303 582 432 624 Luna
458 585 677 635 reputare
703 584 1031 623 contumacem.
1069 581 1195 622 Tunc
1219 580 1469 634 presidens
1495 581 1625 622 illum
1650 578 1805 622 vocari
1830 578 1889 621 ad
1912 579 2072 621 valvas

301 665 386 706 per
416 653 531 695 duos
562 652 841 706 cardinales,
872 652 988 694 duos
1017 652 1262 705 episcopos
1290 655 1336 693 et
1366 651 1482 694 duos
1509 650 1854 704 protonotarios
1883 652 1929 691 et
1956 648 2072 691 duos

302 723 508 765 notarios
529 735 667 765 cause
691 723 838 765 iussit.
873 722 1002 774 Quod
1025 722 1195 764 factum
1218 725 1289 764 est
1310 725 1355 764 et
1379 722 1505 763 illius
1528 721 1790 763 vocacionis
1811 719 1931 762 facta
1954 720 2073 762 rela-

301 794 433 835 cione
468 793 718 847 presidens
753 793 988 835 mandavit
1022 792 1114 846 legi
1150 792 1386 834 decretum
1422 791 1737 845 reputacionis
1772 791 2073 843 contumacie,

302 864 426 916 quod
449 864 561 917 legit
585 863 833 917 episcopus
860 863 1078 906 Dolensis
1105 864 1151 905 in
1176 862 1326 905 forma
1352 863 1584 916 sequenti:

418 934 514 978 Hec
544 937 837 976 sacrosancta
869 934 1073 987 synodus
1104 933 1341 988 generalis
1372 933 1559 975 Petrum
1591 933 1648 974 de
1680 932 1810 975 Luna
1842 965 1851 974 .
1886 965 1895 974 .
1930 965 1939 974 .
1970 944 2074 985 pro-

301 1004 615 1060 cedendum.¹)

419 1076 528 1118 Post
548 1076 634 1118 hoc
653 1076 904 1129 presidens
925 1075 1159 1118 mandavit
1180 1075 1270 1129 legi
1292 1075 1576 1118 sentenciam
1597 1073 1914 1126 diffinitivam,
1935 1085 2073 1127 quam

300 1146 412 1200 legit
446 1146 699 1189 cardinalis
736 1147 880 1189 sancti
921 1146 1075 1199 Marci,
1112 1147 1189 1199 qui
1226 1146 1353 1188 illam
1390 1149 1434 1188 et
1469 1149 1612 1187 totum
1649 1157 1920 1198 processum
1955 1156 2073 1186 com-

299 1220 534 1270 posuerat.

417 1289 593 1330 Verum
633 1291 739 1330 ante
779 1288 1097 1341 prolacionem
1138 1287 1374 1329 sentencie
1413 1287 1536 1329 idem
1577 1286 1829 1329 cardinalis
1867 1286 2072 1328 lecturus

302 1359 588 1402 sentenciam
628 1358 871 1412 proposuit
909 1358 991 1400 toti
1033 1358 1241 1411 concilio,
1282 1358 1419 1411 quod,
1462 1357 1568 1399 licet
1608 1369 1858 1410 processus
1899 1357 1986 1398 rite
2026 1358 2074 1398 et

300 1430 521 1472 canonice
555 1429 706 1472 factus
740 1428 909 1471 fuisset
942 1429 1195 1481 nullusque
1231 1429 1278 1470 in
1312 1441 1368 1471 eo
1402 1431 1528 1470 esset
1563 1427 1789 1480 defectus,
1823 1427 2072 1481 presertim

302 1513 404 1542 cum
445 1512 587 1553 super
626 1499 822 1542 notoriis
861 1499 997 1542 factis
1036 1499 1254 1552 extiterit,
1296 1499 1355 1541 ad
1393 1498 1651 1541 tollendum
1692 1501 1847 1540 tamen
1889 1509 2073 1540 omnem

301 1570 707 1624 calumpniandam
738 1570 980 1612 materiam
1010 1569 1255 1612 concilium
1285 1569 1343 1611 de
1373 1568 1666 1622 plenitudine
1696 1567 1943 1622 potestatis.
1969 1579 2074 1620 sup-

299 1641 460 1694 plebat
494 1653 656 1683 omnes
693 1640 919 1693 defectus,
957 1641 996 1683 si
1033 1641 1111 1694 qui
1148 1640 1310 1682 forsan
1348 1640 1713 1681 intervenissent
1748 1641 1794 1681 et
1829 1637 2072 1692 respondit

299 1711 549 1765 presidens
578 1714 624 1754 et
652 1711 783 1753 multi
812 1711 869 1753 de
900 1710 1112 1753 concilio:
1157 1710 1327 1753 Placet.

417 1782 544 1824 Tunc
570 1782 693 1824 idem
721 1781 972 1824 cardinalis
1000 1781 1145 1824 sancti
1178 1781 1316 1823 Marci
1345 1780 1455 1834 legit
1482 1781 1530 1822 in
1558 1780 1756 1823 ambone
1785 1780 2070 1822 sentenciam

300 1854 348 1894 in
373 1852 524 1895 forma
550 1853 780 1906 sequenti,
806 1852 927 1894 facto
954 1852 1086 1905 signo
1112 1852 1261 1894 crucis
1288 1855 1333 1893 et
1359 1851 1479 1893 dicto
1507 1851 1554 1892 in
1579 1850 1767 1893 nomine
1794 1850 1940 1904 patris
1965 1853 2068 1892 etc.:

303 1923 371 1966 De
395 1923 527 1965 vultu
548 1923 651 1966 eius
678 1957 686 1965 .
722 1956 730 1964 .
766 1956 775 1965 .
801 1935 988 1976 semper
1013 1923 1241 1977 salvis⁸)²)

421 1994 529 2036 Post
566 1994 652 2035 hec
691 1993 814 2035 idem
853 1993 1120 2046 cardinalis,
1160 1993 1237 2045 qui
1278 1994 1456 2046 legerat
1495 1991 1794 2045 sentenciam,
1832 1990 2074 2044 requisivit

301 2076 463 2106 omnes
492 2064 540 2105 in
568 2064 763 2105 concilio
791 2076 950 2105 vocem
978 2063 1221 2116 habentes,
1251 2063 1374 2116 quod
1403 2063 1472 2104 illi
1503 2064 1550 2104 in
1580 2062 1866 2105 sentenciam
1895 2061 1954 2104 ad
1982 2073 2074 2103 ma-

299 2134 446 2177 iorem
474 2134 804 2188 probacionem
833 2134 1016 2176 roboris
1046 2134 1173 2175 illius
1203 2146 1254 2176 se
1282 2134 1459 2175 vellent
1488 2133 1535 2174 in
1565 2133 1646 2176 illa
1677 2132 1994 2185 subscribere3
2026 2134 2072 2174 et

300 2205 646 2259 responderunt
676 2204 926 2258 presidens
957 2208 1002 2246 et
1033 2204 1213 2257 plures:
1260 2204 1430 2246 Placet.

419 2276 505 2317 Die
540 2275 770 2318 dominica
805 2275 945 2317 XXV.
981 2275 1093 2316 Julii
1129 2277 1236 2316 ante
1274 2275 1559 2317 sentenciam
1594 2276 1753 2316 contra
1789 2273 1977 2315 Petrum
2013 2273 2071 2315 de

302 2347 432 2389 Luna
471 2347 656 2388 iverunt
695 2346 753 2388 ad
792 2358 950 2398 regem
990 2358 1049 2386 ex
1088 2348 1220 2398 parte
1261 2344 1443 2397 collegii
1484 2343 1789 2386 cardinalium
1830 2343 1889 2386 ad
1932 2343 2072 2386 Mars-

301 2417 498 2469 burgum
533 2429 675 2469 supra
708 2417 856 2458 lacum
892 2416 983 2457 duo
1017 2414 1280 2457 cardinales
1315 2414 1372 2456 de
1408 2414 1592 2457 Ursinis
1625 2417 1671 2457 et
1705 2413 2071 2457 Cameracensis.

302 2487 446 2538 Quem
479 2487 865 2530 Cameracensem
899 2486 1099 2527 maxime
1135 2485 1241 2527 odio
1275 2485 1503 2527 habuerat
1535 2487 1728 2538 propter
1760 2485 1995 2538 Anglicos‚
2028 2487 2073 2526 et

303 2558 410 2600 illos
441 2560 571 2611 grate
606 2557 782 2610 recepit
814 2560 859 2598 et
892 2559 1173 2608 rogaverunt
1205 2568 1325 2608 eum,
1358 2558 1407 2597 ut
1441 2556 1623 2598 veniret
1657 2555 1981 2598 Constanciam
2014 2554 2071 2597 ad

304 2627 589 2670 sentenciam
613 2630 773 2669 contra
799 2627 985 2668 Petrum
1012 2626 1069 2668 de
1096 2625 1227 2668 Luna
1250 2629 1296 2667 et
1321 2625 1459 2670 venit.

406 2722 436 2752 a)
458 2720 497 2746 In
519 2720 587 2745 dem
608 2718 779 2752 folyemlen
804 2717 921 2744 Dekret
944 2718 985 2744 ist
1007 2718 1038 2743 in
1061 2718 1087 2743 B
1115 2717 1162 2744 bei
1183 2718 1240 2744 der
1260 2717 1370 2744 stelle:
1392 2717 1679 2751 „quibuscumque
1699 2716 1739 2744 ad
1761 2723 1889 2744 omnem
1910 2716 2073 2744 cautelam

300 2766 417 2801 privat.
439 2765 574 2800 deponit
596 2766 645 2792 ow
666 2766 732 2799 auf
752 2764 810 2797 fol.
830 2767 908 2791 2092}
934 2764 1088 2798 pwoelz'ch
1116 2764 1335 2798 ‹tbyebrochen
1358 2765 1434 2798 und,
1455 2765 1613 2791 mrchzlem
1634 2764 1899 2792 wahrscheinlich
1919 2767 1936 2791 2
1957 2765 2035 2792 oder
2054 2767 2072 2791 4

299 2814 399 2841 Seiten
426 2814 484 2840 der
515 2813 650 2846 Vct-litae
676 2812 907 2846 ilberschluyen
936 2813 1020 2845 sind,
1046 2812 1277 2846 fot-tycfahren
1338 2812 1426 2839 Nnch
1463 2812 1707 2846 L'nterszcchtmq
1734 2812 1788 2839 des
1815 2819 1938 2846 yanzen
1969 2812 2074 2839 Codex

299 2862 373 2887 sind
394 2861 444 2887 (lic
465 2860 527 2887 ΒΗ.
553 2861 632 2887 auch
662 2860 746 2887 nicht
775 2868 817 2886 (ιη
843 2859 1028 2886 ver-kelimet·
1056 2859 1150 2886 stelle
1178 2859 1406 2893 eingyebundcn,
1433 2859 1546 2887 ebenso
1572 2860 1613 2886 ist
1639 2859 1727 2886 nicht
1749 2859 1976 2891 anzunehmen,
1997 2859 2074 2886 dass

301 2909 350 2934 die
373 2907 498 2934 Bla'tter
517 2907 832 2940 he1·‹111351(²8‹·h71i!ten
852 2908 934 2934 siml.
1578 2908 1581 2910 '

424 2957 455 2999 1)
477 2956 598 2991 Hardt
619 2955 686 2997 11',
709 2956 816 2997 1373;
839 2955 964 2989 Mansi
986 2955 1054 2989 XX
1068 2955 1145 2997 VII,
1168 2956 1268 2991 1140.

423 3014 455 3057 ²)
482 3014 602 3048 Hardt
629 3013 694 3055 11',
722 3013 923 3056 1374—76;
952 3013 1078 3048 Mansi
1103 3012 1263 3055 XXVII,
1289 3013 1379 3046 1141
1392 3011 1419 3055 Ῑ.
