2227 3434
509 184 553 220 A.
593 184 791 219 Fillastres
819 184 936 220 Gesta
961 185 1113 220 concilii
1139 185 1453 220 Constantiensis.
1782 187 1865 229 135

219 302 303 345 Die
329 302 509 345 sabbati
536 302 640 345 VII.
667 302 862 355 Augusti
889 302 1122 355 deputatis
1149 303 1353 345 omnium
1379 303 1623 345 nacionum
1650 307 1695 345 et
1722 302 1867 346 cardi-

101 371 274 414 nalium
303 373 594 426 congregatis
625 372 671 414 in
703 372 838 415 domo
872 373 1099 414 Minorum
1130 386 1272 426 super
1303 373 1547 427 premissis
1578 373 1749 427 rogatis
1779 374 1866 415 fuit

101 443 425 488 concordatum
455 455 541 496 per
572 455 734 486 omnes
765 446 809 485 et
842 443 976 486 datus
1008 444 1122 485 ordo
1155 443 1276 486 inter
1307 444 1553 497 deputatos
1585 456 1865 496 communes,

101 513 223 566 quod
246 513 548 555 convenirent
571 513 766 566 singulis
790 514 956 556 diebus
980 514 1153 566 martis,
1177 515 1295 557 iovis
1317 517 1362 556 et
1386 514 1567 556 sabbati
1592 518 1637 556 et
1660 514 1868 568 quelibet

101 582 358 637 septimana
387 583 652 637 presideret
680 597 801 626 unus
830 584 888 625 de
918 596 1010 626 una
1038 585 1232 626 nacione
1263 587 1308 626 et
1336 584 1486 638 primo
1515 584 1725 638 presedit
1755 584 1867 627 Ger-

100 665 277 696 manus,
324 654 395 696 Ad
431 654 682 697 secundam
719 654 1011 707 rogacionem
1047 654 1104 696 de
1141 654 1308 697 dandis
1343 654 1575 708 deputatis
1610 668 1695 709 pro
1731 654 1866 697 modo

99 724 348 768 eleccionis
373 725 615 778 respondit
638 724 887 778 presidens
912 724 1179 778 Germanie,
1205 725 1328 778 quod
1351 725 1503 779 pridie
1530 725 1705 768 scilicet
1729 738 1867 767 vene-

100 794 164 838 ris
190 795 284 838 illis
311 795 369 838 de
394 795 479 838 hoc
505 795 749 848 agentibus
777 795 1048 848 supervenit
1074 808 1158 837 rex
1184 796 1496 838 Romanorum
1524 809 1625 838 cum
1651 796 1866 850 pluribus

100 865 388 920 principibus
428 864 680 908 Germanie
718 869 763 907 et
802 866 969 919 legatis
1009 878 1170 919 regum
1211 866 1338 909 illius
1377 867 1587 909 nacionis
1628 870 1727 909 octo
1766 878 1867 919 reg·

100 948 278 989 norum,
314 935 531 978 videlicet
569 948 653 977 rex
692 936 1003 978 Romanorum
1041 949 1126 989 pro
1165 948 1310 990 regno
1347 936 1576 989 Almanie,
1615 936 1866 990 Hungarie,

100 1005 350 1059 Dalmacie,
379 1006 584 1059 Croacie‚
613 1007 793 1060 legatus
822 1006 946 1060 regis
975 1006 1181 1059 Polonie,
1210 1007 1391 1060 legatus
1419 1008 1544 1060 regis
1573 1007 1728 1060 Dacie,
1756 1008 1867 1049 Nor-

100 1076 231 1130 vegie
254 1080 299 1119 et
322 1076 501 1130 Suecie,
524 1080 571 1119 et
591 1090 684 1119 non
707 1080 809 1120 erat
830 1077 922 1120 nisi
945 1090 1080 1130 unus,
1104 1090 1194 1130 que
1218 1090 1362 1131 regna
1384 1077 1618 1120 faciebant
1643 1079 1865 1120 maiorem

99 1150 278 1201 partem
305 1147 431 1190 illius
456 1148 680 1200 nacionis,
706 1151 752 1190 et
777 1148 1007 1201 dixerant,
1033 1147 1158 1201 quod
1184 1148 1327 1191 multa
1353 1148 1555 1202 dampna
1580 1149 1707 1202 passi
1732 1151 1867 1191 erant

99 1230 183 1272 per
214 1217 467 1260 Romanam
499 1219 688 1271 curiam,
722 1231 860 1272 quam
891 1219 1114 1272 petebant
1146 1218 1409 1261 reformari.
1455 1219 1509 1261 Et
1540 1219 1749 1262 finaliter
1780 1232 1867 1273 pro

101 1288 181 1332 illa
203 1291 249 1331 et
273 1288 378 1332 aliis
402 1289 555 1332 causis
579 1289 653 1331 vel
679 1289 1000 1332 occasionibus
1024 1302 1117 1331 non
1142 1289 1366 1331 darentur
1391 1289 1598 1343 deputati
1622 1303 1707 1343 pro
1731 1289 1866 1332 modo

99 1359 361 1413 eleccionis,
389 1359 536 1402 donec
564 1362 690 1402 esset
717 1359 838 1402 facta
867 1359 1159 1412 reformacio,
1189 1362 1233 1402 et
1262 1359 1324 1402 ita
1352 1361 1688 1404 concluserant.
1731 1360 1866 1402 Unde

100 1430 290 1472 multum
317 1429 532 1472 admirati
558 1433 603 1472 et
630 1429 880 1472 doluerunt
906 1430 1024 1472 dicte
1051 1433 1148 1473 tres
1173 1430 1394 1473 naciones
1421 1434 1466 1472 et
1493 1430 1769 1483 cardinales,
1797 1442 1867 1472 re-

99 1503 314 1554 putantes
353 1501 438 1543 hoc
476 1501 786 1543 machinatum
826 1501 885 1543 ad
924 1500 1242 1543 differendam
1280 1501 1578 1554 eleccionem,
1617 1504 1666 1543 ut
1703 1502 1866 1554 plures

99 1570 222 1614 tedio
247 1570 406 1614 affecti
432 1572 507 1613 vel
533 1571 756 1625 periculis
783 1571 1073 1624 recederent,
1100 1574 1146 1613 et
1171 1571 1232 1614 ita
1260 1572 1307 1613 in
1333 1571 1685 1614 remanentibus
1712 1584 1867 1613 mane-

100 1644 169 1684 ret
200 1642 447 1685 auctoritas
480 1642 662 1684 concilii
696 1644 742 1684 et
773 1642 841 1683 illi
875 1642 1085 1684 facerent
1118 1654 1286 1695 papam
1321 1642 1378 1685 ad
1410 1642 1694 1684 voluntatem
1727 1642 1865 1695 regis.

101 1712 153 1755 Et
180 1713 427 1755 voluerunt
456 1713 593 1755 simul
624 1712 906 1765 deliberare,
935 1713 1047 1765 quid
1077 1712 1320 1766 agendum.

217 1783 344 1825 Inter
380 1783 465 1825 hec
504 1795 669 1836 magna
709 1787 809 1825 erat
848 1783 1078 1826 discordia
1119 1784 1240 1825 inter
1280 1783 1572 1826 Castellanos
1611 1786 1656 1825 et
1694 1783 1866 1837 Arago-

100 1862 269 1896 nenses
307 1867 394 1908 pro
432 1853 731 1896 revocacione
771 1853 1085 1896 concessionis
1123 1867 1284 1896 vocum
1322 1853 1428 1896 date
1468 1854 1864 1907 Aragonensibus.

101 1924 154 1967 Et
179 1924 401 1978 agebatur
428 1924 486 1966 de
513 1924 757 1967 concordia
784 1928 829 1966 et
856 1937 940 1966 rex
968 1924 1280 1966 Romanorum
1308 1924 1487 1977 agebat,
1514 1927 1563 1966 ut
1589 1925 1717 1966 illam
1744 1925 1866 1966 naci-

100 2006 234 2037 onem
258 1995 316 2038 ad
342 2007 391 2037 se
415 1996 636 2037 traheret.
677 1995 773 2037 Iam
799 1995 923 2036 enim
947 1995 1151 2037 habebat
1176 1994 1357 2048 aliquos
1383 2007 1442 2036 ex
1467 1994 1863 2048 Aragonensibus.

101 2064 178 2108 Set
200 2078 283 2108 rex
305 2078 399 2108 non
424 2066 571 2119 potuit
596 2066 703 2108 illos
725 2065 1021 2108 concordare.

219 2135 343 2178 Inter
371 2137 456 2178 hec
486 2137 706 2179 naciones
737 2135 904 2189 Ytalie,
936 2136 1088 2178 Gallie
1119 2140 1164 2178 et
1194 2136 1420 2189 Hispanie
1453 2139 1589 2190 atque
1620 2135 1864 2188 collegium

101 2206 403 2250 cardinalium
439 2207 697 2261 timentesa)
738 2219 823 2260 per
861 2207 1121 2249 Germanos
1159 2210 1203 2249 et
1240 2207 1458 2260 Anglicos
1496 2207 1555 2249 ad
1593 2206 1864 2249 instanciam

100 2277 223 2330 regis
250 2276 562 2320 Romanorum
594 2277 782 2320 differri
814 2277 1006 2319 nimium
1038 2278 1281 2331 negocium
1313 2277 1560 2320 eleccionis
1593 2277 1678 2320 sub
1710 2277 1864 2319 colore

101 2347 450 2390 reformacionis
481 2348 864 2390 deliberaverunt
896 2348 1093 2390 invicem
1125 2361 1211 2401 per
1241 2361 1350 2390 suos
1383 2347 1680 2401 presidentes
1713 2350 1757 2390 et
1789 2347 1865 2389 de-

102 2419 280 2469 putatos
318 2418 434 2460 illud
471 2418 712 2472 negocium
750 2419 1030 2472 accelerare,
1068 2418 1294 2461 miserunt
1331 2432 1440 2461 suos
1478 2416 1765 2471 deputatosb)
1807 2417 1865 2460 ad

102 2486 206 2530 illas
233 2487 348 2532 duas
375 2489 596 2532 naciones
627 2489 876 2531 Germanic
905 2493 951 2531 et
979 2489 1147 2543 Anglie
1179 2489 1237 2532 ad
1266 2489 1523 2543 rogandum
1552 2492 1596 2531 et
1625 2489 1865 2541 requiren-

102 2556 207 2600 dum
235 2561 281 2601 et
310 2572 411 2601 cum
442 2560 762 2612 instrumento,
792 2561 1011 2613 quatinus
1040 2560 1216 2602 vellent
1246 2560 1358 2602 dare
1388 2559 1633 2613 deputatos
1663 2559 1721 2601 ad
1752 2562 1865 2600 trac-

102 2628 287 2671 tandum
320 2629 377 2672 de
407 2630 543 2673 modo
575 2631 838 2683 eleccionis,
870 2631 992 2684 quod
1024 2630 1130 2673 fieri
1164 2633 1346 2684 poterat
1377 2633 1422 2672 et
1453 2642 1731 2672 concurrere
1761 2641 1863 2670 cum

103 2699 289 2752 negocio
313 2699 678 2743 reformacionis.
715 2701 845 2752 Quod
868 2701 1015 2744 fiebat
1038 2714 1123 2755 per
1147 2701 1392 2754 deputatos
1417 2701 1604 2743 attentis
1629 2700 1863 2753 periculis,

102 2779 191 2821 que
222 2770 524 2813 imminebant
556 2772 601 2813 in
635 2771 935 2814 diuturnitate
968 2772 1228 2814 vacacionis
1259 2774 1351 2814 tam
1385 2772 1431 2813 in
1464 2771 1616 2813 Ytalia
1647 2783 1783 2823 quam
1819 2770 1862 2810 in

104 2837 325 2892 Hispania
351 2844 395 2883 et
423 2841 528 2884 aliis
555 2841 778 2895 partibus.
823 2842 909 2884 Ille
937 2842 1158 2884 naciones
1186 2842 1410 2894 requisite
1441 2841 1783 2894 responderunt
1812 2852 1862 2883 se

102 2906 441 2954 deliberaturas
469 2915 514 2954 et
543 2915 772 2954 steterunt
799 2913 1014 2965 pluribus
1045 2912 1211 2954 diebus
1239 2925 1332 2954 non
1364 2911 1717 2964 respondentes.
1760 2910 1863 2961 Qui-

103 2976 189 3022 bus
218 2980 383 3024 diebus
412 2994 496 3024 rex
525 2982 836 3024 Romanorum
868 2982 969 3024 fere
999 2985 1099 3025 erat
1129 2983 1252 3024 omni
1284 2982 1359 3023 die
1392 2983 1436 3023 in
1468 2981 1560 3024 illis
1592 2980 1862 3023 nacionibus

206 3082 237 3116 a)
257 3083 285 3110 B
304 3064 468 3112 οᾷἷιὲἷιῖοὲ.
506 3085 538 3118 b)
558 3084 642 3113 illud
663 3105 669 3111 .
688 3105 695 3114 .
716 3106 721 3111 .
742 3085 920 3120 deputatos
940 3084 1021 3118 fehlt
1042 3085 1071 3112 c.
