2102 3444
185 158 270 201 300
720 157 745 192 I.
771 156 982 193 Abschnitt.
1022 156 1422 201 Konzilstagebiicher.

188 276 308 318 modi
336 276 600 319 ordinarios
627 279 673 318 et
696 276 918 328 prelatos,
945 275 1082 317 etiam
1110 275 1147 317 si
1173 275 1444 328 episcopali,
1471 275 1856 329 archiepiscopali
1882 275 1956 317 vel

188 347 485 399 patriarchali
507 347 807 399 prefulgeant
827 346 1064 399 dignitate,
1087 346 1338 388 summarie
1360 359 1409 389 se
1431 346 1684 389 informent
1704 349 1762 398 et,
1784 346 1821 388 si
1843 359 1958 399 quos

190 418 233 458 in
266 417 508 470 premissis
540 417 846 470 negligencia,
879 417 1028 469 culpa,
1061 417 1134 458 vel
1168 416 1367 459 fautoria
1402 418 1565 459 saltem
1599 430 1684 470 per
1718 416 1957 459 infamiam

188 488 447 541 culpabiles
471 500 576 530 esse
603 488 882 547 reperirent,
908 488 1033 540 ipsos
1059 499 1220 529 omnes
1245 491 1289 529 et
1313 487 1521 540 singulos
1544 488 1663 530 tales
1687 488 1957 530 auctoritate

188 558 292 600 dicti
322 559 439 601 sacri
465 558 645 600 concilii
673 559 810 600 etiam
838 558 1152 610 personaliter
1178 561 1222 600 et
1248 558 1529 611 peremtorie
1557 571 1607 601 ac
1632 571 1719 611 per
1745 557 1958 610 edictum,

188 631 224 670 si
257 642 391 671 casus
421 629 663 682 exigencia
692 629 777 671 hoc
809 629 1030 681 requirat,
1061 642 1119 670 ex
1152 629 1311 671 officio
1342 630 1482 671 citent
1514 642 1596 671 seu
1627 630 1758 671 citari
1788 628 1960 671 faciant

187 704 535 753 comparaturos
562 712 715 742 coram
743 700 812 743 eis
837 700 884 741 in
911 700 996 742 hac
1024 699 1375 742 Constanciensi
1403 700 1599 752 civitate,
1626 700 1698 741 vel
1728 699 1854 753 alibi,
1880 698 1959 742 ubi

186 771 430 813 concilium
450 771 695 824 contigerit
713 771 945 812 celebrari
965 772 1038 813 vel
1061 771 1234 813 curiam
1255 771 1508 813 Romanam
1529 771 1734 813 existere
1752 774 1801 814 et
1819 783 1962 824 super

189 842 431 894 premissis
458 845 504 883 et
528 854 583 884 ea
609 841 958 894 quomodolibet
982 841 1279 895 tangentibus
1306 842 1352 883 in
1380 841 1586 894 ipsorum
1614 842 1831 894 personis
1857 853 1960 883 con-

190 913 377 955 iunctim
400 913 475 954 vel
501 912 683 955 divisim
706 925 1017 966 responsuros
1040 925 1125 954 nec
1148 925 1241 954 non
1265 925 1451 955 causam
1475 915 1521 954 et
1544 925 1721 965 causas,
1746 917 1960 965 quarum-

188 996 383 1036 cumque
427 983 800 1038 inquisicionum,
842 985 1191 1026 accusacionum
1235 996 1317 1026 seu
1360 983 1776 1025 denunciacionum
1819 995 1961 1037 super

190 1054 430 1107 premissis
457 1055 530 1096 vel
559 1067 718 1097 eorum
747 1054 1123 1107 dependentibus
1149 1058 1194 1096 et
1220 1054 1427 1108 ipsorum
1454 1055 1695 1097 occasione
1721 1065 1962 1108 emergen-

187 1126 310 1169 tibus
342 1125 533 1168 audiant
564 1130 609 1168 et
640 1126 696 1167 de
730 1125 822 1168 illis
853 1129 1130 1179 cognoscant
1160 1125 1452 1178 coniunctim,
1483 1128 1531 1167 ut
1559 1125 1855 1178 premittitur,
1886 1125 1961 1166 vel

189 1197 372 1240 divisim
408 1196 673 1250 summarie,
708 1196 983 1250 simpliciter
1017 1200 1061 1238 et
1097 1197 1154 1238 de
1188 1197 1329 1249 plano
1364 1196 1465 1239 sine
1500 1197 1697 1250 strepitu
1729 1199 1777 1239 et
1808 1195 1962 1250 figura

192 1268 344 1310 iudicii
369 1281 419 1310 ac
443 1268 542 1310 sola
564 1268 674 1310 facti
696 1268 890 1310 veritate
916 1268 1123 1321 inspecta
1145 1267 1400 1320 procedant
1422 1279 1569 1320 usque
1595 1267 1653 1309 ad
1676 1267 1961 1310 sentenciam

189 1339 489 1381 diffinitivam
516 1338 769 1392 exclusive,
796 1351 889 1381 non
917 1338 1223 1390 obstantibUS,
1252 1338 1375 1391 quod
1402 1337 1636 1391 aliquibus
1663 1338 1768 1380 aliis
1795 1350 1890 1380 rev.
1916 1350 1961 1391 p.

190 1414 235 1453 et
257 1411 474 1463 personis
499 1409 853 1452 venerabilibus
877 1409 1108 1452 iudicibus
1133 1421 1270 1452 cause
1296 1408 1410 1451 fidei
1436 1412 1480 1451 et
1502 1409 1723 1451 heresum
1749 1421 1963 1462 quarum-

190 1494 385 1535 cumque
406 1494 491 1535 per
511 1481 709 1523 eandem
725 1479 958 1534 ‘synodum
981 1484 1088 1524 sunt
1107 1481 1365 1523 commisse.
1398 1480 1606 1522 Tenores
1626 1492 1739 1522 vero
1758 1480 1963 1523 comissi-

190 1566 328 1595 onum
355 1553 670 1606 predictarum
695 1552 762 1595 sic
788 1552 1030 1605 factarum,
1055 1552 1245 1594 nomina
1273 1551 1475 1593 iudicum
1500 1554 1548 1593 et
1570 1563 1881 1604 person-arum
1906 1550 1964 1592 ci-

190 1627 387 1666 tatarum
410 1627 455 1666 et
475 1623 763 1666 citandarum
785 1635 967 1665 necnon
991 1626 1158 1666 statum
1178 1622 1446 1664 huiusmodi
1469 1634 1713 1664 causarum
1735 1622 1964 1664 habentes

190 1709 275 1748 pro
305 1695 601 1737 sufficienter
626 1695 884 1748 expressis,
913 1693 1324 1737 constitucionibus
1361 1693 1431 1748 [⁶2]
1470 1693 1517 1735 in
1545 1692 1827 1736 contrarium
1855 1692 1965 1735 faci-

193 1766 378 1809 entibus
400 1779 493 1808 non
517 1766 808 1809 obstantibus
831 1765 1212 1819 quibuscumque.

312 1837 396 1879 Die
421 1837 608 1879 veneris
634 1837 793 1890 quinta
818 1837 994 1879 mensis
1017 1837 1145 1879 ,Iunii
1170 1836 1257 1878 fuit
1281 1835 1582 1889 congregacio
1605 1835 1842 1889 generalis
1868 1868 1876 1876 .
1912 1868 1920 1876 .
1956 1868 1964 1875 .

194 1908 328 1950 solito
354 1908 591 1950 sessionis.
634 1908 683 1949 In
709 1921 798 1960 qua
825 1911 1034 1950 oratores
1061 1908 1296 1949 solemnes
1322 1906 1613 1948 serenissimi
1640 1906 1682 1948 d.
1709 1905 1833 1960 regis
1859 1906 1966 1948 Por-

193 1979 365 2033 tugalie
391 1983 436 2021 et
460 1979 685 2032 Algarbii,
711 1979 1018 2021 ascendentes
1045 1979 1290 2021 ambonem
1317 1990 1446 2021 suam
1473 1978 1801 2020 ambassiatam
1827 1989 1966 2030 expo-

196 2054 402 2102 suerunt,
437 2054 485 2092 ut
520 2049 643 2092 infra
678 2049 900 2102 sequitur,
935 2053 981 2092 et
1013 2050 1256 2103 proposuit
1291 2049 1507 2102 egregius
1541 2049 1696 2102 legum
1731 2047 1889 2091 doctor
1924 2048 1965 2089 d.

196 2121 386 2174 Egidius
416 2121 615 2174 Martini,
641 2133 762 2162 unus
791 2133 850 2162 ex
878 2120 1099 2174 predictis
1129 2120 1558 2162 ambassiatoribus.
1599 2120 1655 2161 Et
1682 2119 1854 2161 deinde
1882 2131 1967 2172 per

196 2191 463 2245 magistrum
501 2191 750 2234 Antonium
793 2191 975 2234 Martini
1015 2191 1224 2233 eiusdem
1262 2191 1303 2233 d.
1342 2190 1466 2244 regis
1503 2191 1805 2233 secretarium
1844 2201 1967 2232 man-

197 2263 353 2305 datum
378 2276 538 2305 eorum
564 2262 837 2315 plenissime
862 2262 954 2315 legi
979 2262 1205 2304 fecerunt.

313 2334 423 2376 Rev.
449 2346 492 2387 p.
520 2347 570 2376 ac
596 2333 955 2386 prestantissimi
984 2333 1044 2374 d.!
1086 2332 1232 2375 Adest
1256 2337 1347 2375 tam
1375 2332 1627 2375 doctissimi
1654 2344 1791 2385 quam
1815 2332 1969 2374 excel-

197 2405 443 2448 lentissimi
481 2405 566 2446 viri
603 2417 695 2446 non
734 2403 1025 2447 irracionalis
1062 2404 1326 2446 formidinis
1364 2404 1509 2446 aciem
1546 2403 1777 2446 ebetantis
1813 2402 1968 2445 valida

197 2476 510 2530 caliginositas
537 2510 544 2517 .
581 2510 588 2517 .
625 2510 633 2517 .
660 2475 852 2517 ,Iu-stioia
878 2475 979 2517 eius
1004 2478 1159 2517 manet
1186 2475 1302 2516 sicut
1328 2475 1395 2517 sol
1425 2508 1433 2515 .
1469 2508 1476 2515 .
1514 2508 1521 2516 .
1547 2474 1691 2526 Quam
1716 2474 1853 2526 viam,
1879 2485 1969 2526 que

197 2560 281 2588 nec
313 2547 516 2589 declinat
547 2547 604 2589 ad
637 2546 877 2588 dexteram
908 2559 994 2587 nec
1026 2546 1083 2588 ad
1116 2545 1365 2598 sinistram,
1399 2545 1653 2598 sequendo,
1682 2547 1844 2598 patres
1873 2544 1970 2596 dig-

198 2617 393 2670 nissimi,
416 2618 748 2660 serenissimus
769 2618 989 2671 princeps
1011 2621 1055 2659 et
1077 2617 1118 2658 d.
1143 2617 1409 2669 Portugalie
1431 2619 1476 2658 et
1498 2615 1706 2669 Algarbii
1728 2627 1827 2668 rex,
1849 2617 1970 2669 post-

199 2701 336 2741 quam
366 2689 643 2742 apostolicas
672 2689 854 2731 litteras
883 2688 940 2730 ab
970 2700 1039 2740 eo,
1070 2687 1146 2740 qui
1176 2691 1282 2729 tunc
1310 2690 1412 2729 erat
1439 2687 1679 2729 «lohannes
1707 2686 1895 2739 ΧΧΙΙΙ.,
1922 2687 1971 2727 ut

200 2760 257 2802 ad
294 2760 380 2803 hoc
418 2772 598 2803 sacrum
639 2759 881 2802 concilium
923 2771 1031 2801 suos
1070 2758 1431 2800 ambassiatores
1471 2757 1741 2811 destinaret,
1781 2756 1970 2810 recepit,

201 2843 330 2873 suam
354 2832 643 2884 solempnem
667 2829 994 2872 ambassiatam
1017 2829 1074 2871 ad
1097 2829 1142 2871 id
1165 2828 1409 2870 concilium
1431 2828 1701 2870 mittendam
1724 2827 1969 2870 ordinavit.

201 2902 298 2953 Qua
324 2902 402 2953 sic,
430 2905 477 2943 ut
502 2901 756 2954 prefertur,
780 2914 867 2954 per
893 2913 999 2942 eum
1026 2899 1237 2942 ordinata
1265 2899 1321 2941 de
1348 2899 1530 2941 civitate
1558 2898 1780 2951 Bononie,
1807 2899 1853 2940 in
1881 2910 1970 2951 qua

204 2976 307 3014 tunc
335 2973 540 3015 Romana
571 2973 698 3014 curia
729 2971 979 3024 residebat,
1009 2971 1097 3012 sibi
1127 2970 1278 3012 extitit
1308 2971 1598 3022 rescriptum,
1629 2969 1751 3023 quod
1780 2971 1972 3022 propter

203 3043 383 3096 aliquas
416 3044 646 3085 novitates
682 3044 728 3084 in
768 3042 938 3085 Italicis
973 3041 1184 3095 partibus
1221 3040 1611 3094 supervenientes
1643 3043 1691 3082 et
1722 3038 1971 3093 presertim
