2102 3444
294 123 377 167 192
827 124 853 158 I.
880 124 1090 160 Abschnitt.
1129 124 1527 170 Konzilstagebiicher.

294 242 413 284 dabo
437 243 592 285 claves
616 244 744 296 regni
772 244 1032 297 (·elorum,¹)
1060 244 1253 286 alteram
1279 244 1576 297 erudicionis,
1602 246 1795 287 alteram
1820 245 2064 301 iurisdicti-

293 313 406 357 onis.
449 313 796 356 -lurisdictionis
823 315 995 367 quippe
1025 314 1381 357 subnectissima
1407 316 1486 357 tibi
1518 316 1636 358 inest
1664 317 1912 359 auctoritas
1937 316 2064 359 illius

293 387 337 426 et
362 385 419 425 ab
442 398 511 437 eo,
535 385 663 427 cuius
687 385 833 426 vicem
859 386 904 426 in
927 386 1049 427 valle
1074 385 1159 428 ista
1185 385 1447 427 sublimiter
1471 387 1707 429 obtinuisti
1733 390 1777 428 et
1801 387 2061 429 obtines...

292 455 532 496 Veraciter
561 455 944 508 existimabimus,
976 459 1035 507 ut,
1066 456 1291 508 quidquid
1321 458 1510 509 racioni,
1544 458 1630 511 legi
1663 457 1834 510 divine,
1864 457 2063 500 decretis

293 528 555 567 sanctorum
587 529 769 579 patrum
802 530 845 569 et
877 527 1073 569 ecclesie
1106 529 1264 569 sancte
1296 539 1387 569 non
1419 529 1600 580 obsunt,
1634 528 1679 570 id
1712 529 1864 581 ipsum
1895 529 2063 582 possis,

292 608 444 648 ymmo
470 597 641 650 verius,
669 598 714 639 in
741 601 785 640 te
812 598 978 650 valeat,
1005 598 1135 640 cuius
1162 598 1372 640 officium
1397 599 1521 652 geris
1548 634 1556 641 .
1593 633 1600 640 .
1637 633 1644 641 .
1687 598 1911 652 Illiusque
1937 600 2063 653 prin-

293 668 470 720 cipatus
496 667 820 710 celsitudinem
848 668 1086 721 fastigiose
1115 672 1161 711 et
1187 669 1447 722 capitaliter
1476 669 1774 723 superposuit
1802 670 1849 711 in
1875 670 2062 712 homine

295 751 398 790 uno,
423 739 470 779 in
493 741 536 780 te
560 751 682 792 papa
705 739 916 793 principe
942 739 1167 782 altissimo
1191 752 1333 792 super
1355 743 1519 782 terras.
1557 741 1623 782 De
1647 741 1777 782 cuius
1799 741 2063 794 principatu

292 809 507 870 pleriq-ue
534 810 790 862 garritores
817 810 1191 863 confabulantur,
1218 814 1267 853 ut
1294 811 1467 864 volunt,
1494 811 1572 853 alii
1602 811 1860 854 adulatorie
1888 811 2064 853 demul-

291 879 562 922 cendonon
592 883 807 923 tenentes
839 881 1038 935 modum,
1072 882 1151 924 alii
1183 882 1355 923 celeste
1388 894 1607 924 cacumen
1639 881 1805 924 summi
1835 881 2062 936 pontificii

293 950 611 1003 deprimentes
640 985 648 993 .
684 985 691 993 .
728 989 735 995 .
776 952 1026 994 Benedicte
1054 965 1190 1006 papa,
1218 952 1298 994 tibi
1326 952 1514 994 Abrahe
1542 953 1669 995 illius
1696 952 1961 1006 patriarche
1986 956 2064 1006 po-

291 1021 537 1064 tentissimi
569 1023 943 1075 cognotacionem
976 1023 1286 1066 multitudinis
1319 1023 1388 1066 sui
1420 1023 1708 1077 principatus
1739 1023 1933 1066 ascribo.
1976 1023 2064 1066 Ve-

291 1093 412 1145 nisti,
452 1092 736 1146 beatissime,
777 1106 877 1135 cum
920 1094 1031 1136 Deo.
1085 1094 1338 1136 Cucurristi
1380 1094 1533 1147 cicius,
1574 1095 1827 1137 Johannes.
1880 1094 2062 1137 Diffusa

291 1167 359 1205 est
411 1165 565 1216 gracia
619 1165 665 1205 in
719 1164 858 1207 labiis
910 1165 1015 1218 tuis,
1068 1178 1158 1218 que
1210 1166 1414 1218 gloriosa
1466 1166 1530 1207 tui
1584 1165 1784 1208 nominis
1836 1165 2064 1219 interpre-

289 1234 468 1276 tacione
515 1235 705 1288 geritur,
764 1235 1053 1278 Desiderasti
1100 1236 1159 1278 ad
1204 1249 1365 1289 pacem
1410 1237 1688 1289 populorum
1735 1237 1853 1278 sicut
1898 1249 2063 1278 cervus

291 1305 349 1347 ad
395 1306 549 1348 fontes
596 1319 835 1359 aquarum.
896 1307 950 1348 Et
997 1307 1105 1348 dum
1152 1310 1196 1349 te
1243 1311 1289 1349 et
1335 1307 1578 1349 ecclesiam
1628 1308 1674 1349 in
1720 1310 1765 1350 te
1809 1319 2063 1361 perseque-

290 1379 418 1418 retur
450 1377 632 1419 hostilis
666 1381 874 1431 venator,
909 1377 972 1420 sic
1006 1377 1137 1419 illum
1172 1378 1421 1431 increpasti
1458 1378 1673 1421 acerbius
1707 1381 1844 1431 atque
1879 1378 2060 1420 durius:

292 1447 384 1489 Cur
405 1460 478 1489 me
500 1448 795 1502 insequeris?
833 1449 888 1491 Et
908 1452 1033 1491 tuam
1055 1448 1164 1491 inde
1187 1448 1454 1491 convertisti
1475 1448 1633 1502 fugam
1656 1461 1707 1492 ac
1729 1448 1839 1491 forti
1859 1449 2062 1491 clamore

290 1531 392 1561 cum
417 1519 555 1561 Petro
581 1519 868 1562 vociferasti:
911 1519 1122 1573 Domine,
1149 1519 1257 1562 iube
1283 1532 1357 1562 me
1385 1520 1546 1562 venire
1575 1519 1633 1562 ad
1659 1522 1704 1562 te
1733 1531 1877 1573 super
1903 1531 2061 1573 aquas.

289 1589 385 1643 Hic,
420 1602 624 1643 superne
657 1591 834 1644 presul,
869 1602 1012 1644 super
1047 1603 1214 1644 aquam
1247 1590 1532 1644 refectionis,
1567 1603 1710 1644 super
1743 1602 1911 1644 aquam
1943 1589 2060 1632 Reni

290 1674 341 1702 ac
373 1662 507 1704 istius
540 1662 681 1714 lacus,
714 1664 763 1703 ut
795 1662 1017 1704 calcatum
1050 1674 1244 1715 regnum
1278 1661 1617 1715 obsessumque
1648 1661 1960 1715 principatum
1992 1673 2062 1702 ec-

289 1732 432 1774 clesie
460 1731 673 1785 eriperes
698 1733 755 1774 de
782 1732 1130 1785 persecucionis
1155 1733 1418 1775 ventilabro
1445 1735 1490 1774 et
1517 1731 1804 1775 confusionis
1831 1732 1935 1775 lacu
1958 1744 2062 1786 pro-

290 1802 583 1845 fundissimo.
632 1803 874 1857 Principes
911 1804 1023 1846 istos
1060 1804 1336 1846 Constancie
1373 1803 1745 1846 constantissime
1780 1802 2062 1846 deliberatu-

290 1886 366 1916 ros
395 1886 497 1916 cum
530 1874 627 1916 Deo
655 1874 893 1916 Abraham
924 1874 980 1916 de
1013 1874 1285 1917 abdicandis
1316 1873 1620 1917 incommodis
1650 1873 1847 1916 ecclesie
1879 1873 2062 1917 Christo

289 1946 571 1998 anticipante
595 1945 820 1987 divinitus
839 1945 1117 1987 conduxisti.
1154 1945 1335 1988 Venisti
1358 1946 1559 1998 primum
1582 1945 1753 1987 idcirco
1774 1957 1877 1987 cum
1898 1944 2061 1987 labore

290 2016 433 2058 multo
458 2015 505 2058 in
531 2019 705 2058 terram
731 2015 1159 2069 Longobardorum,
1188 2016 1265 2058 ubi
1294 2019 1401 2058 tunc
1428 2028 1597 2059 exorsa
1623 2018 1695 2058 est
1719 2014 1958 2058 beatitudo
1983 2018 2061 2058 tua

290 2086 422 2130 istius
450 2087 737 2130 celebritatis
764 2086 1169 2140 pollicitacionem,
1199 2099 1336 2140 quam
1364 2090 1524 2140 preter
1553 2099 1604 2129 ac
1633 2086 1756 2129 ultra
1783 2086 2062 2129 existimaci-

287 2170 424 2199 onem
450 2158 843 2200 murmurancium
869 2158 1116 2199 lividorum
1141 2157 1470 2199 efficacissime
1486 2170 1607 2199 nunc
1623 2156 1949 2210 adimplevisti.
1974 2157 2062 2198 Ve-

290 2228 412 2283 nisti,
448 2241 569 2283 ecce,
606 2232 650 2271 et
686 2228 916 2282 quomodo
951 2229 1150 2271 venisti‘?
1207 2228 1257 2270 In
1293 2228 1449 2279 armis,
1487 2227 1664 2271 baculis
1700 2231 1745 2270 et
1781 2227 2057 2282 fustibus?²)

290 2301 399 2342 Non.
445 2301 539 2342 Hoc
571 2300 680 2342 fecit
712 2300 872 2353 Judas,
906 2302 1121 2352 suscepta
1154 2298 1340 2341 cohorte
1373 2312 1399 2341 a
1431 2298 1723 2352 principibus
1755 2298 2061 2351 sacerdotum,

293 2374 337 2413 ut
364 2384 446 2414 sue
475 2370 760 2424 prodicionis
786 2370 1050 2424 malignitas
1078 2369 1272 2412 consilio
1299 2369 1411 2412 inito
1440 2369 1673 2412 Christum
1700 2369 1898 2412 ecclesie
1925 2372 2061 2423 caput

290 2442 542 2495 obsideret,
585 2445 722 2495 prout
765 2442 985 2494 scriptum
1028 2444 1116 2483 est:
1175 2441 1432 2483 Consilium
1475 2441 1835 2494 malignancium
1878 2440 2061 2483 obsedit

291 2514 417 2567 me.²‘²)
465 2513 560 2555 Hoc
591 2516 787 2566 egerunt
818 2512 971 2554 denuo
1003 2525 1103 2554 cum
1137 2511 1278 2553 armis
1310 2515 1355 2553 et
1386 2511 1586 2554 ballistis
1618 2512 1753 2553 unire
1786 2511 1959 2553 dudum
1991 2523 2061 2552 ec-

290 2583 479 2626 clesiam
508 2583 845 2638 confingentes.
887 2583 1126 2625 Vexillum
1156 2585 1309 2625 autem
1339 2586 1481 2635 tuum,
1509 2581 1754 2625 benedicte
1782 2594 1918 2636 papa,
1946 2593 2061 2624 crux

292 2655 461 2697 Christi
487 2658 569 2697 est.
608 2655 750 2697 Arma
775 2654 863 2697 ista
887 2658 930 2696 et
956 2654 1150 2697 baculus
1173 2657 1280 2696 tuus
1306 2666 1378 2694 me
1405 2654 1641 2696 consolata
1667 2656 1785 2696 sunt.
1826 2652 2060 2695 Fiduciam

291 2726 595 2778 prestiterunt
630 2725 831 2779 plenius,
868 2725 991 2779 quod
1025 2724 1188 2767 humili
1226 2724 1364 2766 corde
1400 2727 1537 2777 atque
1573 2727 1760 2777 pectore
1797 2723 2060 2766 columbino

291 2809 451 2849 pacem
484 2797 681 2839 ecclesie
714 2808 866 2850 geras,
900 2795 1288 2838 reformacionem
1320 2807 1471 2848 geraS‚
1505 2795 1876 2837 consolacionem
1908 2805 2060 2848 geras,

292 2867 603 2921 integritatem
632 2870 791 2921 pastor
821 2879 960 2909 verus
990 2870 1036 2908 et
1066 2865 1353 2908 indubitatus
1383 2878 1534 2918 geras,
1565 2877 1659 2907 non
1689 2864 1965 2908 divisionem
1994 2863 2060 2906 in-

291 2938 434 2982 fantis
467 2941 513 2981 et
543 2938 706 2992 populi
739 2938 840 2991 Dei,
874 2950 1011 2992 quam
1044 2936 1246 2979 mendax
1279 2935 1456 2979 femina
1488 2936 1693 2979 truncari
1726 2934 2060 2978 instantissime

366 3010 442 3073 Ἰ)
474 3031 589 3066 Math.
621 3032 673 3073 16,
702 3032 754 3067 19.
901 3031 933 3074 ²>
964 3029 1080 3065 Mam.
1107 3029 1164 3071 26,
1190 3030 1245 3064 47.
1392 3029 1424 3072 8)
1453 3029 1513 3064 Pe.
1541 3029 1597 3071 21,
1626 3028 1681 3064 17.
