2227 3434
580 241 619 275 B.
657 239 904 275 Avisamente
929 240 998 274 der
1022 238 1339 274 Reformatorien.
1757 239 1843 281 699

169 359 209 402 4.
249 358 546 411 Responsioa)
575 359 680 401 (lata
706 370 791 412 per
814 358 982 401 iratres
1009 357 1326 400 Menrlicantes
1352 355 1507 399 oblata
1531 355 1709 399 eisdem

171 434 177 443 '
758 428 1157 472 reformatoribus.

192 500 590 542 Reverendissimi
614 499 660 541 in
686 499 870 542 Christo
893 500 1052 552 patres
1076 502 1122 541 et
1146 498 1320 541 domini
1346 497 1734 541 metuendissimi!
1774 496 1843 537 Ad

5 621 10 627 .
75 571 367 624 peticionem,
411 574 459 612 ut
502 570 665 622 fertur,
709 570 876 611 factam
919 582 978 611 ex
1022 572 1153 622 parte
1197 568 1515 611 universitatis
1558 567 1844 609 venerabilis

12 3115 17 3215 ς

15 3220 19 3279 l

18 3298 22 3384 l

75 641 215 684 studii
237 641 531 693 Parisiensis,
554 653 643 693 qua
664 640 849 693 petitur,
872 643 921 682 ut
941 652 1025 693 per
1046 640 1130 681 hoc
1153 652 1333 681 sacrum
1355 639 1600 680 concilium
1621 638 1843 691 generale

75 715 318 754 revocetur
357 711 555 764 quedam
593 711 736 763 bulla,
776 723 912 763 quam
952 713 1166 763 petentes
1206 710 1362 751 dicunt
1400 709 1663 762 surreptive
1703 708 1844 761 impe-

74 785 253 834 tratam,
291 783 365 825 vel
402 782 519 824 alias
557 781 716 824 insciis
753 780 1163 823 reverendissimis
1200 780 1411 833 patribus
1449 780 1490 822 d.
1529 779 1844 821 cardinalibus

72 865 109 895 s.
142 852 192 895 R.
222 865 265 895 e.
297 855 526 894 extortam
558 864 643 905 per
675 852 857 904 aliquos
892 850 1209 893 Mendicantes
1242 851 1502 903 religiosos,
1537 849 1709 892 dudum
1743 862 1844 891 con-

76 935 255 965 cessam
284 922 464 965 eisdem
494 935 580 976 per
610 922 762 964 felicis
794 921 1136 964 recordacionis
1166 921 1487 963 Alexandrum
1518 933 1687 974 papiam
1720 920 1849 973 quin-

77 996 186 1046 tum,
223 994 356 1037 cuius
389 993 580 1035 inicium
619 996 690 1035 est
728 992 975 1046 „Regnans
1010 992 1058 1033 in
1096 991 1325 1034 excelsis‘
1365 994 1463 1044 etc.‚
1502 991 1613 1034 finis
1652 992 1847 1044 „Datum

79 1063 227 1107 Pi·sis“
267 1067 366 1117 etc„
405 1064 535 1106 cuius
576 1064 708 1116 copia
748 1063 879 1105 vobis
919 1075 1014 1105 rev.
1055 1062 1266 1116 patribus
1304 1062 1474 1104 dicitur
1515 1062 1721 1104 exhibita
1763 1075 1848 1114 per

77 1134 289 1178 dominos
334 1135 513 1187 legatos
557 1133 874 1176 universitatis
920 1133 1119 1187 prefate,
1166 1146 1267 1175 cum
1314 1133 1437 1175 omni
1486 1132 1757 1174 reverencia
1804 1135 1848 1172 et

75 1205 252 1248 honore
281 1218 332 1248 ac
359 1204 756 1247 determinacione
786 1204 1066 1247 sacrosancti
1094 1204 1232 1246 huius
1262 1203 1638 1246 Constanciensis
1666 1202 1846 1244 concilii

76 1276 313 1329 generalis
332 1281 383 1320 et
405 1276 706 1329 singulariter
729 1279 934 1318 vestrum
960 1276 1163 1318 omnium
1191 1275 1232 1317 d.
1258 1274 1681 1317 commissariorum
1707 1286 1849 1326 super

77 1346 198 1390 facto
239 1346 594 1389 reformacionis
636 1346 833 1388 ecclesie
874 1347 1079 1388 Romane
1120 1358 1206 1398 per
1247 1358 1428 1387 sacrum
1469 1345 1713 1387 concilium
1755 1344 1849 1397 dig-

76 1416 268 1460 nissime
300 1416 639 1470 deputatorum,
671 1430 757 1470 per
789 1417 934 1460 dictos
966 1417 1212 1470 religiosos
1242 1416 1306 1458 4⁰r
1338 1416 1552 1458 ordinum
1589 1415 1849 1457 Mendican-

76 1488 195 1530 cium
228 1487 468 1530 humiliter
500 1487 812 1541 respondetur
846 1488 931 1531 sub
964 1488 1045 1530 tali
1079 1487 1229 1530 forma
1262 1487 1529 1529 verborum:

194 1559 250 1601 Et
281 1558 432 1612 primo
465 1558 623 1602 dicunt
657 1593 666 1601 .
701 1593 710 1601 .
745 1593 754 1602 .
791 1572 932 1612 supra
967 1558 1132 1601 dictam
1166 1558 1342 1600 bullam
1377 1570 1672 1610 nequaquam
1708 1557 1880 1611 impe-U

75 1632 242 1672 tratam
275 1629 424 1672 fuisse
455 1642 542 1672 seu
576 1632 803 1672 extortam
839 1629 1117 1682 surreptive.
1163 1621 1376 1672 Secundo
1411 1628 1535 1681 quod
1569 1641 1654 1670 nec
1688 1628 1847 1669 insciis

77 1713 172 1743 rev.
204 1701 418 1754 patribus
448 1701 497 1742 in
533 1700 717 1743 Christo
749 1700 950 1743 dominis
986 1713 1020 1742 s,
1055 1700 1105 1742 R.
1141 1713 1179 1742 e.
1216 1699 1532 1742 cardinalibus
1565 1700 1729 1742 saltem
1761 1711 1848 1751 pro

78 1783 244 1824 magna
272 1772 346 1813 vel
375 1771 538 1813 maiori
567 1775 700 1825 parte
730 1770 936 1824 ipsorum
967 1806 976 1814 .
994 1805 1029 1813 ..
1058 1784 1151 1812 non
1181 1771 1443 1824 surreptive
1473 1769 1561 1812 fuit
1590 1769 1849 1823 impetrata,

76 1843 186 1895 qui-a
208 1855 293 1884 nec
316 1842 510 1885 veritate
535 1855 790 1896 suppressa
812 1855 897 1884 nec
920 1842 1124 1884 falsitate
1150 1845 1380 1894 suggesta.
1417 1841 1580 1882 Tercio
1602 1854 1662 1882 ex
1683 1843 1846 1883 tenore

78 1913 206 1955 bulle
242 1916 451 1966 apparet,
487 1913 609 1966 quod
644 1913 787 1966 bulla,
822 1913 921 1955 sive
955 1912 1319 1966 condempnacio
1354 1925 1566 1954 errorum
1603 1911 1648 1953 in
1683 1910 1848 1953 eadem

79 1983 522 2037 condempnatorum
549 1983 609 2026 de
633 1984 749 2026 scitu
774 1983 1000 2026 dictorum
1028 1996 1122 2025 rev.
1151 1986 1334 2036 patrum
1361 1983 1402 2025 d.
1429 1983 1736 2024 cardinalium
1764 1982 1850 2023 fuit

78 2054 213 2097 facta.

195 2125 410 2168 Secundo
429 2126 586 2168 dicunt
606 2139 707 2168 cum
728 2125 1162 2179 protestacionibils,
1182 2125 1350 2178 quibus
1371 2137 1528 2177 supra,
1549 2124 1671 2177 quod
1693 2124 1849 2166 huius-

78 2196 200 2238 modi
229 2196 411 2250 peticio,
441 2197 570 2239 salva
597 2197 869 2239 reverencia
898 2196 1176 2249 petencium‚
1206 2195 1440 2249 aliquibus
1469 2195 1652 2237 videtur
1680 2206 1848 2247 sapere

78 2266 325 2309 fautoriam
363 2278 590 2310 errorum.
642 2267 830 2311 Prefata
867 2265 1077 2320 peticiob)
1120 2266 1489 2319 condempnstur,
1530 2266 1637 2318 quia
1677 2265 1848 2318 petitur

77 2338 286 2380 revocari
315 2337 717 2391 condempnacio‘)
750 2350 963 2380 errorum
993 2341 1037 2380 et
1068 2337 1272 2379 adieccio
1298 2349 1528 2390 penarum
1558 2339 1715 2378 contra
1746 2348 1848 2388 pre-

79 2412 316 2453 sumentes
343 2421 559 2452 asserere
586 2412 663 2451 aut
687 2410 887 2462 glosare,
915 2408 1173 2450 defendere
1202 2409 1275 2449 vel
1303 2411 1465 2450 tenere
1495 2420 1577 2449 seu
1603 2406 1847 2460 predicare

79 2478 224 2522 dictos
249 2491 450 2522 errores.
489 2480 558 2521 Ex
583 2493 673 2532 quo
698 2479 938 2522 videretur
963 2479 1198 2532 aliquibus
1224 2478 1488 2521 huiusmodi
1515 2480 1729 2531 petentes
1756 2489 1847 2518 non

78 2549 268 2592 omnino
288 2563 396 2593 esse
418 2550 637 2593 inmunes
661 2551 719 2593 ab
742 2550 1005 2592 huiusmodi
1032 2562 1243 2592 errorum
1268 2549 1484 2591 fautoria.

195 2620 360 2663 Tercio
384 2620 554 2673 dicunt,
582 2621 704 2674 quod
730 2620 961 2674 prelibata
988 2620 1117 2662 bulla
1144 2633 1236 2661 non
1262 2624 1333 2663 est
1360 2619 1670 2661 intolerabilis
1696 2619 1848 2671 primo

77 2703 136 2733 ex
169 2691 306 2734 modo
336 2691 774 2744 condempnacionis
807 2704 892 2733 nec
922 2691 1130 2734 secundo
1161 2703 1221 2732 ex
1255 2690 1588 2732 fulminacione
1621 2701 1846 2742 penarum

77 2761 456 2814 gravissimarum
484 2765 531 2804 et
557 2761 897 2804 horrendarum
925 2774 1010 2803 nec
1035 2761 1080 2803 3⁰
1107 2774 1166 2802 ex
1194 2760 1474 2813 adieccione‚
1502 2760 1625 2813 quod
1651 2772 1742 2801 non
1771 2759 1847 2800 ob-

80 2834 201 2874 stent
227 2832 479 2885 apostolica
507 2835 673 2875 statuta
700 2835 745 2875 et
772 2832 887 2874 illud
916 2831 1276 2874 saluberrimum
1303 2834 1347 2873 et
1375 2830 1731 2872 celeberrimum
1760 2832 1847 2871 sta-

78 2904 223 2945 tutum
246 2902 420 2955 ‚Omnis
440 2903 681 2956 utriusque
702 2902 860 2945 sexus‘
882 2902 1057 2945 editum
1082 2901 1314 2955 quondam
1339 2902 1383 2943 in
1407 2901 1602 2942 concilio
1622 2900 1846 2953 generali,

9 2975 10 2988 *
77 2973 149 3014 cui
179 2972 495 3026 dispensative
523 2972 750 3026 derogare
778 2986 865 3026 per
893 2972 1051 3015 sedem
1082 2972 1381 3025 apostolicam
1411 2974 1456 3013 et
1482 2970 1724 3013 concilium
1753 2982 1845 3011 non

180 3087 210 3118 a)
245 3087 268 3113 Α
290 3088 386 3114 helas!
407 3088 456 3114 ‘lt'e
480 3087 641 3114 lenm-ica:
674 3087 855 3122 Responsio
877 3087 1016 3114 fratrum
1039 3086 1301 3113 Mendicancinm
1323 3093 1423 3119 super
1444 3084 1661 3112 rcvocacionc
1682 3084 1713 3109 ct
1735 3089 1830 3109 cassa

13 3137 15 3150 ¹
75 3133 168 3161 cioue
189 3133 279 3161 bulle
300 3134 499 3170 presignato.
549 3134 582 3168 b)
606 3134 642 3167 Α,
669 3135 695 3161 B
716 3133 817 3161 bulla.
899 3134 936 3166 ὓ)
957 3134 994 3167 A,
1008 3135 1035 3160 Β
1055 3133 1279 3168 condempcio.
