2102 3444
256 134 312 177 86
782 132 807 167 Ι.
843 132 1053 167 Abschnitt.
1101 131 1502 177 Konzilstagebiicher.

377 251 551 302 Quibus
578 252 747 292 litteris
774 251 905 292 lectis
932 263 1052 293 unus
1078 251 1235 292 doctor
1261 251 1482 304 Anglicus
1508 251 1618 293 fecit
1643 250 1944 293 collacionem
1970 250 2064 294 ad*

260 322 422 363 laudes
446 321 569 375 regis
592 321 755 373 Scotie‚
781 322 900 373 licet,
924 325 970 363 ut
992 320 1244 374 prefertur,
1266 322 1424 363 hostes
1447 321 1551 374 sint,
1574 325 1619 363 et
1642 333 1828 374 semper
1850 321 2027 363 vocavit

258 405 362 433 euin
397 404 554 445 regem
588 391 839 433 Scotorum.
884 392 1019 433 Nulla
1053 392 1145 433 alia
1178 391 1299 434 facta
1332 392 1419 434 fuit
1452 392 1710 445 responsio,
1742 391 1850 444 quia
1881 392 2028 434 eciam

258 475 349 504 non
382 466 481 504 erat
513 463 592 504 ille
624 463 821 504 nuncius
853 463 1032 515 legatus
1066 463 1189 515 regis
1221 462 1384 515 Scotie,
1416 466 1485 505 set
1516 462 1711 504 concilii.
1759 462 1873 504 Item
1904 461 2027 504 idem

258 533 453 575 nuncius
477 533 697 586 produxit
721 533 1078 574 instrumentum
1104 533 1360 585 continens,
1384 533 1507 586 quod
1531 535 1886 586 presentaverat
1909 533 2028 575 litte-

260 616 335 646 ras
362 604 542 645 concilii
572 603 917 645 convocatorias
946 603 1069 656 regis
1097 607 1142 645 et
1170 603 1282 645 cleri
1311 616 1362 646 30
1389 616 1634 657 procerum
1661 603 1811 645 Scotie
1840 603 1899 646 ad
1925 615 2029 646 con-

256 675 427 727 cilium,
457 687 546 727 que
577 674 810 727 publicate
842 674 1032 715 fuerunt
1063 675 1106 715 in
1139 677 1295 717 sancto
1325 674 1528 726 Andrea,
1558 677 1778 727 presente
1809 673 2028 727 episcopo

257 748 301 787 et
332 745 444 786 cleri
477 758 528 786 30
558 744 784 786 nobilium
815 748 859 787 et
889 745 1050 798 populi
1083 744 1389 787 multitudine.

376 816 460 857 Die
500 815 716 858 mercurii
768 815 956 857 XXVII.
1008 815 1219 857 Januarii
1270 816 1520 858 millesimo
1568 814 2029 868 quadringentesimo

258 886 388 927 XVII
420 899 505 927 rex
536 885 848 928 Romanorum
882 886 923 928 d.
957 886 1294 939 Sigismundus,
1326 887 1403 939 qui
1435 889 1538 939 post
1569 888 1811 928 tractatum
1841 885 1889 927 in
1919 886 2029 928 Nar-

258 957 378 998 bona
402 969 503 998 cum
523 969 640 1010 rege
665 957 932 1010 Aragonum
959 960 1003 998 et
1029 957 1193 1010 legatis
1220 957 1416 999 aliorum
1442 969 1603 1010 regum
1628 957 1855 1009 Hispanie
1881 957 2029 999 iverat

258 1027 315 1069 ad
336 1028 578 1069 Franciam
598 1031 644 1069 et
662 1027 877 1081 Angliam
898 1040 983 1080 pro
1002 1040 1116 1081 pace
1138 1027 1457 1081 componenda
1480 1028 1600 1069 inter
1620 1040 1770 1081 reges,
1791 1027 1838 1069 in
1859 1028 2028 1081 quibus

258 1098 414 1152 regnis
439 1099 563 1141 stetit
586 1111 753 1140 novem
777 1098 1017 1141 mensibus
1039 1099 1112 1140 vel
1137 1098 1270 1151 circa,
1294 1110 1515 1140 reversus
1539 1101 1608 1140 est
1632 1101 1678 1140 et
1700 1098 1889 1141 intravit
1913 1097 2029 1141 Con-

257 1169 493 1211 stanciam.
531 1168 613 1211 Cui
636 1172 780 1211 totum
803 1170 1062 1221 concilium,
1086 1169 1232 1211 eciam
1255 1169 1533 1221 cardinales,
1557 1181 1659 1210 cum
1681 1169 1808 1211 clero
1831 1168 2028 1212 civitatis

254 1240 665 1292 processionaliter
689 1240 734 1281 in
758 1240 1044 1293 pluvialibus
1068 1244 1111 1282 et
1136 1240 1283 1282 mitris
1302 1241 1380 1282 ivit
1396 1240 1578 1281 obviam
1594 1238 1742 1293 usque
1759 1252 1901 1293 supra
1915 1252 2028 1293 pon-

255 1314 360 1352 tem.
400 1310 484 1362 Qui
511 1323 596 1352 rex
625 1310 866 1353 descendit
893 1314 998 1353 ante
1027 1311 1203 1364 primas
1230 1323 1391 1354 cruces
1419 1314 1464 1352 et
1492 1314 1676 1353 secutus
1704 1313 1775 1353 est
1800 1310 2028 1364 processi-

255 1394 389 1423 onem
414 1382 459 1422 in
482 1382 726 1423 ecclesiam
749 1395 849 1423 cum
872 1383 1017 1434 pallio
1041 1395 1183 1424 aureo
1206 1395 1346 1435 supra
1371 1395 1434 1433 se,
1450 1385 1495 1423 et
1511 1381 1764 1424 cardinalis
1779 1382 2027 1435 episcopus

253 1452 482 1495 Ostiensis
515 1465 616 1494 cum
651 1452 785 1494 mitra
820 1456 982 1506 parata
1015 1453 1227 1506 preciosa
1261 1453 1438 1505 recepit
1470 1465 1576 1494 eum
1612 1453 1659 1494 in
1692 1452 1891 1495 ecclesia
1924 1464 2026 1494 cum

255 1522 498 1576 evangelio
522 1527 565 1565 et
590 1536 710 1576 aqua
733 1523 994 1575 benedicta,
1018 1527 1063 1565 et
1087 1523 1206 1566 dicta
1230 1523 1277 1565 in
1302 1523 1499 1566 ecclesia
1521 1524 1753 1576 oracione,
1777 1524 2025 1576 episcopus

225 1594 618 1636 *Sarisberiensis
644 1594 865 1647 Anglicus
891 1595 938 1636 in
964 1595 1162 1636 ambone
1187 1594 1297 1636 fecit
1323 1606 1586 1636 sermonem
1613 1594 1672 1636 ad
1697 1593 1862 1637 laudes
1887 1594 2026 1648 regis,

255 1677 362 1717 rege
391 1664 584 1706 sedente
613 1665 659 1706 in
686 1665 906 1707 cathedra
932 1668 1096 1718 parata
1111 1665 1279 1718 pannis
1295 1665 1465 1718 aureis,
1483 1665 1529 1706 in
1546 1665 1659 1718 loco,
1672 1664 1754 1707 ubi
1769 1665 1880 1707 olim
1895 1663 2027 1707 sede-

254 1736 330 1777 bat
355 1748 489 1788 papa.
528 1735 624 1786 Quo
651 1748 866 1778 sermone
892 1736 1029 1778 finito
1055 1739 1285 1778 cantatum
1313 1739 1399 1778 est:
1441 1736 1504 1778 Te
1532 1735 1680 1778 Deum
1705 1735 1964 1778 laudamus.

374 1806 424 1847 In
468 1806 718 1848 crastinum
762 1807 819 1848 de
861 1819 996 1849 mane
1039 1807 1304 1849 cardinales
1358 1807 1666 1860 collegialiter
1719 1806 2024 1849 visitaverunt

253 1889 409 1930 regem
447 1880 491 1918 et
528 1877 636 1918 fecit
672 1878 972 1919 collacionem
1011 1878 1262 1920 cardinalis
1300 1877 1541 1920 Ostiensis.
1592 1878 1646 1920 Et
1682 1880 2024 1931 consequenter

252 1947 595 1990 ambaxiatores
623 1960 798 2000 regum,
827 1948 909 2001 qui·
931 1949 1076 1990 eciam
1106 1948 1195 1989 sibi
1224 1949 1404 1990 iverant
1432 1949 1629 2001 obviam,
1657 1951 1702 1991 et
1728 1949 1876 1991 eciam
1902 1948 2024 1991 naci-

253 2031 367 2061 ones
393 2018 601 2071 quelibet
625 2031 711 2071 per
737 2031 800 2060 se.

371 2089 456 2130 Die
489 2089 669 2131 sabbati
702 2089 797 2130 XX.
834 2089 1074 2131 Februarii
1111 2089 1359 2132 millesimo
1391 2090 1539 2132 CCCC
1571 2090 1752 2132 decimo
1781 2090 1870 2132 VII
1904 2089 2025 2132 sedit

252 2159 495 2201 concilium
524 2172 624 2201 cum
653 2160 946 2212 solennitate,
974 2160 1097 2212 quod
1123 2173 1215 2202 non
1243 2160 1405 2202 debuit
1431 2173 1515 2213 pro
1541 2160 1623 2202 tali
1650 2173 1803 2213 causa,
1830 2163 1876 2203 et
1902 2159 2023 2203 facta

254 2230 339 2272 fuit
380 2243 465 2283 per
508 2231 753 2283 deputatos
797 2231 842 2271 in
887 2243 1025 2272 causa
1080 2230 1286 2283 episcopi
1331 2230 1591 2273 Tridentini
1645 2234 1805 2273 contra
1859 2230 2023 2273 ducem

252 2301 438 2342 Austrie
468 2301 754 2343 Fridericum
782 2302 968 2353 relacio,
995 2301 1237 2343 continens
1264 2301 1387 2354 quod
1415 2301 1710 2343 monitorium
1737 2301 1911 2344 dudum
1936 2314 2023 2356 per

250 2371 492 2413 concilium
516 2372 752 2413 decretum
769 2374 925 2414 contra
943 2372 1112 2414 dictum
1129 2372 1291 2413 ducem
1308 2372 1462 2413 fuerat
1478 2372 1747 2425 longissime
1763 2375 2021 2417 executum.

367 2442 540 2484 Eodem
580 2442 654 2484 die
693 2442 779 2484 fuit
816 2443 1061 2485 commissa
1098 2455 1236 2485 causa
1274 2443 1467 2495 querele
1506 2442 1687 2486 abbatis
1724 2443 2019 2486 Cesariensis

249 2516 407 2555 contra
431 2513 713 2555 Ludovicum
737 2514 900 2554 ducem
924 2513 1135 2555 Bavarie.
1173 2513 1227 2555 Et
1250 2513 1337 2555 fuit
1361 2514 1605 2556 commissa
1629 2513 1835 2567 quinque
1859 2513 2019 2556 iudici-

248 2584 335 2626 bus
361 2587 453 2625 tam
481 2584 676 2636 prelatis
705 2596 841 2636 quam
871 2583 1191 2637 doctoribus.1)

365 2653 466 2696 Hiis
500 2654 666 2697 diebus
702 2658 804 2708 post
840 2654 1088 2696 adventum
1125 2655 1249 2707 regis
1283 2655 1594 2696 Romanorum
1629 2658 1778 2697 actum
1812 2655 1900 2698 fuit
1932 2667 2018 2709 per

248 2736 405 2777 regem
445 2726 756 2767 Romanorum
795 2726 852 2767 de
891 2725 1183 2778 pacificanda
1222 2724 1416 2767 materia
1455 2726 1861 2779 protestacionum‚
1901 2738 2016 2779 quas

249 2796 457 2837 fecerant
497 2796 635 2849 legati
676 2797 800 2849 regis
841 2796 1033 2838 Francie
1072 2799 1230 2838 contra
1269 2795 1501 2848 Anglicos,
1541 2796 1664 2849 quod
1702 2796 1884 2850 Anglici
1923 2809 2017 2839 non

248 2865 457 2908 facerent
495 2870 705 2920 quartam
742 2868 815 2908 vel
853 2867 1059 2919 quintam
1096 2869 1277 2920 partem
1313 2878 1399 2908 nec
1434 2866 1665 2910 haberent
1699 2866 2016 2910 auctoritatem

259 3030 276 3062 S
310 2984 403 3073 313}
434 2984 506 3025 val.
545 2983 788 3026 Simon-siem,
827 2984 1042 3018 Analeklen
1082 2994 1147 3017 :ur
1184 2983 1315 3027 Papst-
1353 2984 1428 3018 und
1466 2983 1887 3027 Konzz'lienyeschichte
1924 2982 2014 3019 1891
