2102 3444
302 156 387 198 608
738 150 802 183 ΙΙΙ.
835 147 1043 183 Abschuitt.
1089 146 1240 180 Reform
1273 145 1350 178 und
1382 143 1629 188 Verfassung.

303 271 647 324 provocat-ionis
675 266 952 318 huiusmodi,
982 264 1247 317 inteligatur
1275 263 1333 305 ad
1363 275 1549 316 annum,
1576 265 1625 305 ut
1653 274 1809 316 supra,
1838 263 1940 316 ipso
1965 262 2066 305 iure

304 342 526 383 terminus
578 339 809 380 breviatus
859 341 901 379 et
951 334 1296 376 nichillominus
1344 337 1559 376 teneatur
1607 334 1783 377 electus
1832 333 1932 387 ipse
1980 333 2068 376 sub

302 412 434 464 penis
463 410 683 463 predictis
711 412 755 450 et
784 407 1046 449 cardinales
1074 408 1380 458 provocantes
1408 404 1496 447 sub
1524 416 1648 457 pena
1676 404 1944 447 amissionis
1972 416 2068 447 car-

303 483 533 523 dinalatus
568 483 611 521 et
646 479 848 520 omnium
884 476 1222 518 beneficiorum
1257 475 1505 528 suorum³)‚
1540 487 1678 528 quam
1711 475 1816 528 ipso
1848 474 1970 518 facto
2002 474 2069 517 in-

302 555 501 601 currant,
543 551 664 591 infra
707 561 913 590 mensem
956 560 980 589 a
1024 547 1097 588 die
1140 545 1488 599 provocacionis
1527 546 1771 588 concil-ium
1812 546 1980 600 ipsum,
2019 548 2069 588 ut

302 636 441 675 supra
476 621 654 672 dicitur,
687 619 894 661 indicere
929 621 973 660 et
1006 617 1247 670 publicare
1282 620 1326 659 et
1359 629 1496 670 quam
1530 616 1669 658 cicius
1702 619 1934 670 poterunt,
1967 617 2071 659 inti-2

302 706 426 734 mare
471 695 514 733 et
556 691 612 733 ad
656 691 803 732 locum
845 688 1026 731 concilii
1069 691 1278 741 tempore
1321 688 1616 730 convenienti
1658 688 1985 741 personaliter⁴
2017 699 2067 730 se

301 764 558 804 transferre
590 765 634 803 et
666 773 811 814 usque
843 760 901 802 ad
932 759 1078 801 finem
1109 771 1247 801 cause
1279 761 1543 812 expectare.
1588 758 1856 801 Teneantur
1885 769 2068 812 quoque

300 833 466 886 prelati
499 837 543 874 et
575 831 731 884 ceteri,
765 835 812 873 ut
846 843 1001 884 supra,
1034 830 1092 872 ad
1125 829 1507 872 convocacionem
1538 829 1846 871 cardinalium
1877 831 2069 882 tantum,

301 904 337 945 si
369 904 488 946 forte
521 904 694 945 electus
726 914 979 944 convocare
1012 903 1231 953 cessaret,
1263 899 1500 943 accedere.
1544 900 1630 952 Qui
1660 901 1728 943 sic
1758 900 1936 943 electus
1965 903 2070 954 post

302 974 679 1028 provocacionem
719 973 974 1026 predictam
1016 972 1107 1013 nisi
1151 972 1199 1013 in
1241 971 1538 1013 convocando
1578 970 1836 1024 concilium,
1877 973 1927 1013 ut
1966 983 2070 1024 pre-

301 1046 463 1098 fertur,
493 1044 819 1087 administrare
848 1043 895 1084 in
923 1046 1097 1096 papatu
1123 1055 1216 1084 non
1244 1039 1440 1097 valeat¹¹)
1470 1054 1557 1084 nec
1584 1041 1673 1085 sibi
1702 1054 1730 1084 a
1756 1040 2070 1084 christifideli-

302 1117 386 1158 bus
413 1117 497 1158 sub
524 1115 905 1158 interminacione
933 1113 1077 1156 divini
1106 1113 1263 1155 iudicii
1290 1113 1475 1155 interim
1499 1113 1591 1155 ¹nisi
1615 1112 1769 1166 quoad
1792 1112 2071 1155 convenien-

301 1188 444 1240 dum⁴‘)
482 1187 540 1229 ad
572 1186 813 1227 concilium
849 1184 1196 1238 quomodolibet
1229 1184 1488 1226 obediatur.
1532 1183 1706 1236 Quodsi
1739 1183 1865 1225 infra
1897 1195 2070 1226 annum

302 1262 407 1300 ante
428 1258 549 1299 diem
570 1257 726 1298 indicti
748 1256 929 1298 concilii
950 1256 1218 1309 contingant
1237 1254 1490 1308 supradicti
1511 1267 1649 1298 casus
1667 1254 1742 1296 vel
1764 1253 1888 1308 quod
1906 1254 2070 1308 plures

302 1341 351 1370 se
383 1332 544 1382 gerant
576 1341 661 1381 pro
691 1326 853 1381 papad)
889 1328 963 1368 vel
997 1326 1120 1380 quod
1152 1339 1273 1369 unus
1303 1339 1391 1379 per
1421 1328 1593 1368 metum
1627 1325 1881 1380 eligatur-e),
1913 1336 2071 1367 cense-

303 1404 437 1442 antur
460 1400 561 1452 ipso
584 1400 684 1440 iure
707 1402 798 1441 tam
821 1401 1040 1452 gerentes
1063 1410 1113 1439 se
1133 1410 1222 1450 pro
1240 1409 1366 1450 papa
1389 1409 1527 1450 quam
1550 1397 1729 1440 electus
1746 1408 1836 1450 per
1855 1395 2067 1449 metumss)

301 1474 345 1512 et
378 1470 639 1512 cardinales
673 1470 731 1512 ad
765 1469 934 1511 dictum
967 1469 1212 1510 concilium
1243 1467 1481 1521 provocati
1512 1470 1856 1521 teneanturque
1888 1466 1936 1508 in
1968 1466 2072 1520 ipso

302 1542 494 1583 concilio
521 1553 790 1594 comparere
816 1540 1144 1594 personaliter,
1171 1551 1358 1582 oausam
1383 1551 1623 1592 exponere
1649 1541 1696 1580 et
1722 1537 1942 1580 iudicium
1967 1549 2072 1580 con-

302 1612 393 1653 cilii
420 1616 681 1665 expectare.

418 1683 509 1725 Sed
543 1683 580 1725 si
615 1683 746 1725 dictis
781 1682 964 1724 casibus
999 1682 1374 1735 contingentibus
1405 1680 1637 1734 contingat
1669 1679 1791 1722 forte
1822 1691 1958 1722 casus
1991 1679 2072 1721 ali-

304 1755 419 1806 quis,
451 1766 542 1806 quo
571 1753 887 1795 necessarium
918 1753 975 1795 sit
1008 1754 1157 1794 locu-m
1187 1752 1370 1794 concilii
1402 1755 1597 1804 mutare,
1627 1755 1676 1794 ut
1706 1749 1966 1793 obsidionis
1996 1749 2072 1791 vel

300 1837 467 1877 guerre
503 1828 580 1866 aut
611 1824 756 1877 pestis
791 1828 869 1866 aut
903 1824 1083 1877 similis,
1116 1826 1366 1866 teneantur
1399 1822 1750 1865 nichillominus
1780 1824 1874 1864 tam
1908 1832 2070 1864 omnes

304 1896 554 1948 supradicti
577 1908 712 1948 quam
734 1908 895 1938 omnes
915 1895 1084 1948 prelati
1105 1894 1357 1947 ceterique,
1378 1895 1457 1947 qui
1479 1893 1539 1936 ad
1554 1893 1802 1935 concilium
1823 1892 1893 1934 ire
1911 1895 2073 1935 tenen-

304 1971 390 2018 tur,
415 1967 470 2008 ad
496 1967 644 2008 locum
668 1964 1053 2020 proximioremf),
1078 1965 1156 2018 qui
1180 1965 1237 2008 sit
1259 1965 1432 2007 habilis
1456 1964 1514 2007 ad
1537 1963 1797 2017 concilium,
1818 1962 2071 2005 convenire

304 2038 542 2090 possitque
586 2037 731 2079 maior
774 2050 885 2090 pars
928 2037 1230 2090 prelatorum,
1275 2036 1353 2089 qui
1397 2035 1521 2077 infra
1565 2047 1775 2077 mensem
1816 2033 1880 2077 ad
1920 2034 2070 2076 locum

302 2111 474 2149 certum
505 2108 855 2162 declinaverint,
887 2108 1018 2149 illum
1048 2107 1136 2150 sibi
1165 2111 1211 2149 et
1239 2107 1345 2149 aliis
1373 2119 1460 2160 pro
1487 2107 1588 2148 loco
1614 2104 1799 2147 concilii
1826 2104 2070 2158 deputare,

302 2179 360 2220 ad
386 2192 521 2231 quem
548 2179 688 2221 ceteri
715 2179 964 2221 convenire
991 2181 1254 2231 teneantur,
1281 2190 1333 2220 ac
1360 2177 1397 2220 si
1425 2190 1450 2220 a
1477 2176 1707 2230 principio
1732 2175 1902 2218 fuisset
1929 2173 2071 2228 de‘pu-

303 2253 436 2301 tatus,
472 2250 711 2291 concilium
748 2253 914 2301 autem,
950 2253 999 2292 ut
1031 2249 1284 2302 prefertur,
1319 2251 1616 2290 convocatum
1648 2250 1698 2289 et
1727 2247 2072 2300 congregatum,

303 2320 358 2362 de
386 2321 647 2362 huiusmodi
677 2320 904 2363 scismatis
930 2333 1067 2362 oausa
1095 2331 1377 2373 cognoscens
1405 2323 1450 2362 et
1475 2319 1523 2360 in
1548 2317 1923 2371 contumaciamg)
1952 2317 2071 2358 elec-

304 2394 450 2432 torum
475 2404 558 2432 seu
581 2391 846 2444 gerencium
873 2404 921 2433 se
947 2404 1033 2444 pro
1056 2389 1221 2444 papah)
1249 2403 1333 2433 seu
1356 2389 1677 2442 cardinalium,
1700 2388 1739 2432 si
1763 2387 1885 2430 forte
1907 2387 2072 2429 venire

304 2463 595 2514 neglexerint
622 2463 748 2504 litem
775 2462 959 2504 dirimat
984 2474 1264 2514 causamque
1291 2461 1497 2503 diffiniat
1522 2473 1573 2502 ac
1595 2456 1995 2513 innominabilesi)
2023 2457 2070 2499 in

306 2533 516 2574 scismate
548 2533 839 2585 procurando
869 2545 952 2575 seu
982 2532 1232 2574 nutriendo
1262 2533 1336 2573 vel
1370 2533 1415 2573 in
1447 2529 1833 2573 amministrando
1860 2531 1939 2571 aut
1965 2528 2074 2571 obe-

303 2602 475 2644 diendo
504 2604 574 2644 vel
607 2603 1053 2646 amministrantibus
1081 2602 1285 2645 favendo
1311 2615 1397 2644 seu
1425 2605 1584 2644 contra
1614 2600 1909 2643 interdictum
1938 2610 2073 2653 supe-

306 2672 399 2714 rius
438 2674 653 2726 eligendo
691 2675 764 2715 vel
804 2675 1149 2727 calumpniosos
1186 2674 1232 2715 in
1272 2673 1520 2726 allegando
1557 2675 1731 2714 metum
1767 2670 1915 2713 eciam
1948 2670 2071 2712 ultra

303 2743 534 2795 predictas
563 2757 723 2797 penas,
750 2745 1065 2798 cuiuscunque
1093 2744 1280 2798 gradus,
1310 2747 1455 2787 status
1485 2756 1569 2785 seu
1596 2741 1946 2796 preeminencie
1976 2740 2072 2784 exi-

410 2862 438 2883 ai
460 2861 479 2883 s
499 2868 547 2884 am
570 2859 683 2885 lentule
704 2859 849 2886 addicio:
881 2859 907 2886 si
932 2866 994 2893 que
1017 2859 1129 2886 forsan
1151 2861 1229 2886 tunc
1253 2859 1423 2886 haberent.
1480 2858 1513 2892 b)
1536 2858 1557 2885 S
1577 2865 1630 2885 am
1651 2857 1765 2884 Ranae
1785 2856 1931 2884 addicio:
1960 2861 2020 2883 neo
2039 2854 2071 2883 in

306 2904 445 2930 concilio
468 2905 633 2938 presideat
652 2913 756 2939 noque
772 2913 885 2933 vocem
900 2907 1029 2934 habeat.
1086 2910 1114 2937 c)
1135 2907 1156 2934 S
1175 2906 1420 2933 (lurchstrichen
1435 2906 1499 2932 und
1521 2904 1801 2939 ilberyeschrieben
1816 2901 2073 2931 convocandum.

307 2951 337 2981 d)
354 2954 373 2975 s
386 2959 435 2977 am
453 2952 562 2978 Hamae
579 2952 724 2979 addit-io:
739 2953 791 2979 vel
808 2960 866 2987 pro
883 2953 1037 2980 Romanis
1051 2953 1274 2988 pontificibus.
1313 2955 1342 2987 e)
1357 2954 1378 2981 S
1392 2961 1444 2979 am
1460 2953 1573 2979 Rantle
1588 2951 1729 2979 addicio:
1748 2951 1800 2978 vel
1811 2949 2074 2986 impressionem.

306 2997 330 3023 s)
352 3000 371 3022 S
391 3007 440 3023 (ιω
461 2999 569 3025 hande
585 2999 728 3026 uddicio:
750 3002 781 3027 et
797 3003 908 3035 aptum
925 3002 1075 3035 utsupra
1091 3001 1277 3028 convenire.
1332 3001 1364 3035 g)
1386 3001 1407 3027 S
1420 3008 1473 3027 am
1488 3000 1602 3027 Raude
1623 2998 1770 3026 addicio:
1794 3005 1853 3025 seu
1874 2996 2073 3025 absenciam.

306 3045 338 3072 h»
359 3046 379 3072 S
401 3054 451 3072 am
474 3046 585 3073 Ranae
606 3046 753 3074 addieio:
774 3047 826 3074 vel
847 3047 982 3075 summis
1006 3048 1228 3082 pontificibus.
1284 3048 1306 3080 i)
1328 3048 1358 3081 C',
1379 3048 1400 3075 S
1419 3046 1617 3082 culpabiles,
