2227 3434
529 184 572 218 A.
613 183 810 218 Fillastres
840 184 955 219 Gesta
983 185 1133 219 concilii
1160 185 1474 221 Constantiensis.
1831 191 1883 233 41

121 302 360 345 erroribus
385 303 432 343 in
457 302 653 345 Francia
678 304 870 345 assertis
896 304 942 344 in
967 316 1058 345 una
1083 305 1401 356 propositione
1426 319 1563 358 quam
1588 307 1687 361 ada)
1716 307 1887 349 instan-

120 373 228 415 tiam
263 372 370 414 dicti
403 373 534 415 ducis
569 373 835 426 Burgundie
870 374 1090 427 magister
1125 375 1364 418 Johannes
1400 376 1549 427 Parvi,
1586 379 1806 430 magister
1840 379 1885 419 in

120 442 351 497 theologia
384 444 606 496 Parisius,
640 444 814 486 fecerat
846 457 999 486 coram
1033 458 1143 498 rege
1177 445 1519 501 Francorum),
1553 460 1689 500 quam
1722 461 1887 501 propo-

121 513 342 556 sicionem
368 514 560 556 vocabat
587 514 972 557 iustiiicztcionem
999 516 1128 557 ducis
1156 516 1422 570 Burgundie
1452 530 1594 570 super
1620 519 1887 571 turpissima

120 587 265 627 morte
299 585 414 627 duce
446 585 822 637 Aurelianensis;
856 599 946 639 que
979 587 1236 639 propositio
1269 589 1510 630 asserebat
1542 589 1626 631 hoc
1658 591 1797 632 certis
1830 590 1887 631 de

120 656 271 698 causis
306 655 494 698 licuisse
529 659 574 698 et
609 657 834 709 quasdam
868 658 1218 710 proposiciones
1255 659 1533 712 continebat,
1569 672 1658 712 que
1696 660 1888 702 Parisiis

119 738 204 779 per
240 728 510 780 episcopum
545 727 862 770 Parisiensem
900 731 945 770 et
982 729 1306 781 inquisitorem
1343 730 1563 772 heresum
1601 731 1657 772 de
1695 731 1888 773 consilio

118 798 434 840 universitatis
470 798 751 840 Parisiensis
785 799 1035 851 dampnate
1069 799 1270 842 fuerant.
1318 801 1372 842 Et
1405 801 1652 854 petebatur
1685 802 1769 843 hoc
1803 815 1887 855 per

118 869 447 912 cancellarium
483 868 680 912 ecclesie
716 869 998 912 Parisiensis
1034 870 1092 912 de
1127 871 1223 913 illis
1258 873 1470 924 cognosci
1508 873 1886 925 sentenciamque

119 940 327 993 episcopi
369 939 650 982 Parisiensis
691 944 736 982 et
779 941 1067 993 inquisitoris
1111 942 1396 984 confirmari.
1452 943 1505 984 Et
1548 955 1660 996 sepe
1703 943 1760 985 de
1803 944 1887 985 hoc

121 1011 274 1053 fuerat
296 1013 445 1053 actum
468 1010 515 1052 in
538 1011 625 1053 isto
649 1011 860 1063 concili03
886 1012 1065 1064 rogavit
1088 1025 1186 1065 rex,
1209 1015 1256 1054 ut
1282 1013 1338 1054 de
1365 1013 1459 1055 illis
1483 1014 1887 1067 proposicionibus

119 1093 221 1123 cum
249 1081 353 1124 aliis
380 1085 597 1134 ageretur
625 1085 670 1123 et
698 1082 760 1124 ita
787 1085 858 1124 est
885 1083 1152 1125 conclusum
1181 1083 1266 1136 agi.

238 1163 591 1217 Consequenter
617 1164 692 1206 die
717 1166 905 1207 veneris
932 1165 1053 1207 XIV.
1079 1165 1206 1207 Junii
1235 1166 1354 1208 sedit
1380 1166 1625 1208 concilium
1650 1180 1760 1220 rege
1786 1180 1888 1220 pre-

119 1238 251 1277 sente
279 1234 549 1288 presidente
578 1248 669 1288 quo
698 1248 840 1289 supra
870 1239 915 1278 et
943 1236 1248 1289 pronunciata
1278 1241 1397 1290 sunt,
1428 1250 1516 1290 que
1547 1241 1789 1290 sequntur:
1838 1238 1886 1279 In

119 1305 305 1347 nomine
339 1310 496 1349 sancte
529 1310 574 1348 et
607 1307 846 1348 individue
879 1307 1098 1350 trinitatis
1132 1341 1140 1349 .
1176 1341 1184 1349 .
1221 1342 1228 1349 .
1262 1320 1348 1361 per
1380 1308 1625 1362 eosdem.¹)

239 1389 323 1431 Die
345 1388 526 1431 sabbati
548 1389 728 1432 decima
748 1391 909 1443 quinta
929 1390 1057 1432 Junii
1077 1391 1278 1432 Karolus
1301 1391 1543 1433 Malatesta
1565 1391 1751 1433 intravit
1774 1391 1889 1433 Con-

121 1459 340 1502 stanciam
366 1472 468 1502 cum
492 1460 812 1513 procuratorio
836 1460 1110 1514 plenissimo
1136 1462 1304 1514 Angeli
1331 1461 1522 1504 Corario
1547 1462 1605 1504 ad
1630 1461 1889 1503 cedendum

120 1531 310 1584 papatui
335 1535 382 1574 et
408 1531 466 1574 de
493 1532 577 1573 hoc
603 1534 824 1574 tractatur
849 1532 1065 1585 pluribus
1092 1532 1271 1574 diebus.

237 1614 346 1657 Post
374 1614 474 1668 hec,
504 1627 604 1656 cum
635 1627 720 1656 rex
750 1615 943 1656 multum
974 1615 1219 1657 institisset
1249 1615 1373 1668 apud
1402 1615 1647 1668 deputatos
1676 1618 1721 1657 et
1750 1616 1889 1657 etiam

120 1686 464 1728 commissarios
494 1686 541 1727 in
573 1686 725 1728 causis
756 1686 870 1728 fidei
902 1686 1149 1739 predictos,
1182 1689 1411 1739 quatenus
1443 1685 1549 1728 illas
1581 1685 1695 1727 fidei
1727 1698 1890 1727 causas

121 1756 399 1810 expedirent
426 1760 472 1799 et
499 1770 642 1810 super
668 1758 904 1810 pretensis
932 1757 1172 1801 erroribus
1201 1757 1423 1810 predictis
1453 1757 1510 1799 de
1542 1757 1737 1799 Francia
1765 1757 1889 1798 lente

120 1827 469 1881 procederetur,
510 1828 618 1881 quia
660 1828 1022 1870 ambassiatores
1065 1828 1194 1870 ducis
1237 1828 1504 1881 Burgundie
1549 1828 1765 1870 dicebant
1805 1839 1891 1879 per

122 1897 417 1942 illosflucem
442 1899 567 1952 tangi
593 1903 638 1941 et
665 1899 990 1952 proponebant
1017 1899 1308 1952 suspiciones
1335 1902 1493 1941 contra
1519 1911 1661 1940 unum
1689 1911 1748 1939 ex
1774 1910 1891 1940 com-

121 1969 362 2022 miss-ariis,
411 1970 583 2012 dabant
632 1970 777 2012 eciam
824 1971 961 2022 plura
1010 1970 1367 2022 interrogatoria
1414 1972 1573 2011 contra
1622 1970 1891 2022 magistrum

121 2040 382 2084 Johannem
417 2041 474 2082 de
507 2041 749 2083 Jarssonio
783 2041 1053 2094 magistrum
1087 2041 1133 2082 in
1166 2040 1412 2094 theologia,
1446 2041 1776 2082 cancellarium
1810 2040 1892 2081 Pa-

122 2111 369 2154 risiensem
405 2112 807 2165 persequentem)
849 2111 1233 2165 dampnacionem
1262 2104 1496 2153 'dictorum
1533 2123 1760 2163 errorum,
1798 2123 1891 2152 non

122 2185 169 2224 ut
195 2195 306 2236 pars
330 2182 544 2235 formata,
571 2185 641 2225 set
665 2186 713 2224 ut
739 2185 1018 2235 prosequtor
1044 2182 1159 2224 fidei
1187 2181 1381 2224 materie
1408 2182 1532 2235 apud
1559 2181 1761 2223 officium
1789 2194 1892 2223 con-

122 2253 232 2307 cilii,
259 2254 366 2296 licet
392 2253 538 2296 eciam
566 2256 724 2295 contra
752 2265 1002 2306 personam
1031 2253 1137 2295 dicti
1165 2253 1295 2295 ducis
1322 2253 1463 2294 nichil
1494 2252 1726 2294 diceretur
1754 2255 1890 2304 atque

124 2327 358 2378 ageretur:
399 2324 526 2366 Idem
550 2336 634 2366 rex
657 2324 923 2378 indignatus
947 2325 1003 2366 de
1027 2337 1210 2366 moroso
1233 2337 1456 2377 processu
1479 2323 1671 2365 recessit
1695 2323 1752 2365 de
1777 2322 1892 2365 Con-

125 2394 299 2438 stancia
335 2395 410 2437 die
445 2395 557 2437 lune
594 2395 715 2437 festo
751 2395 875 2437 beati
911 2394 1138 2437 Johannis
1174 2395 1419 2449 Baptiste2)
1459 2397 1504 2436 et
1540 2394 1621 2436 ivit
1656 2394 1715 2436 ad
1749 2406 1890 2435 unum

125 2465 312 2519 opidum
336 2466 395 2509 ad
419 2466 510 2509 duo
533 2465 752 2508 milliaria
777 2466 834 2508 de
860 2466 1137 2508 Constancia
1161 2469 1207 2507 et
1230 2465 1465 2507 mandavit
1489 2465 1684 2507 concilio
1709 2478 1792 2507 seu
1816 2464 1892 2505 de-

125 2537 294 2590 putatis
316 2540 361 2580 et
384 2537 729 2590 commissariis,
753 2537 876 2590 quod
900 2549 992 2578 non
1016 2537 1211 2578 intraret
1236 2536 1572 2589 Constanciam,
1597 2535 1742 2578 donec
1767 2538 1891 2577 esset

125 2608 391 2651 conclusum
414 2620 556 2661 super
579 2608 674 2651 illis
695 2606 921 2661 casibusd)
947 2607 1078 2659 fidei,
1101 2610 1293 2660 propter
1317 2607 1440 2660 quod
1462 2607 1767 2649 commissarii
1792 2605 1892 2647 dili-

125 2681 288 2731 genter
317 2678 632 2722 intenderunt.

230 2830 261 2863 a)
281 2829 319 2857 ad
343 2849 349 2855 -
368 2849 378 2859 .
399 2851 405 2858 .
426 2829 479 2857 die
499 2829 579 2863 fehlt
601 2831 637 2860 B.
682 2831 713 2856 l»
737 2830 767 2862 ζ’,
791 2830 838 2864 D;
857 2829 1009 2861 Francie3
1055 2830 1084 2859 c)
1107 2830 1137 2856 C.
1159 2829 1207 2855 D:
1228 2829 1498 2862 prosequente1113
1536 2827 1568 2854 d»
1591 2828 1620 2859 C,
1643 2828 1690 2853 D:
1712 2826 1831 2853 causis.

245 2890 276 2932 ¹)
311 2890 446 2925 Verbo!
468 2891 537 2926 der
559 2890 931 2925 Laienkommnnion
953 2890 1024 2924 sub
1048 2891 1209 2933 utraque
1232 2889 1378 2932 specie;
1414 2889 1547 2923 Verbo!
1571 2899 1618 2922 un
1640 2888 1703 2922 dIe
1726 2886 1893 2921 Priester

129 2947 185 2982 sie
217 2958 262 2982 zu
295 2949 488 2991 spenden‚·
525 2949 753 2991 Einselzuny
789 2959 857 2983 ron
894 2948 1147 2982 commissarii
1180 2947 1245 2991 Ῐὶὶν
1280 2946 1638 2987 Glaubenssachen‚·
1673 2946 1792 2979 Hard!
1828 2943 1892 2978 Il',

128 3005 331 3049 333-336;
355 3007 480 3041 Mansa·
503 3006 661 3048 XXVII,
684 3007 854 3042 727—29.
1738 3012 1741 3018 ’

246 3065 279 3109 ²)
307 3065 362 3100 24.
390 3065 493 3101 luni.
