2227 3434
495 153 539 188 A.
579 153 777 190 Fillastres
805 154 921 190 Gesta
947 156 1098 191 concilii
1125 156 1440 192 Constantiensis.
1769 155 1851 202 129

84 267 291 324 honoris,
314 270 541 313 bonorum
565 274 610 313 et
633 272 801 314 iurium
826 274 1023 316 ecclesie
1046 274 1267 328 Romane,
1292 275 1411 317 sacri
1434 275 1738 318 cardinalium
1764 278 1852 318 col-

85 341 195 394 legii
232 342 305 383 vel
343 342 650 395 singularium
684 356 992 396 personarum
1029 345 1174 397 illius;
1212 345 1412 399 illosque
1447 349 1681 399 tamquam
1716 359 1852 389 veros

84 411 256 455 amicos
285 412 489 466 habebit,
521 413 698 456 fovebit
727 417 772 456 et
801 414 1047 457 honorabit
1077 416 1304 458 veraciter
1335 429 1436 458 cum
1467 416 1654 459 effectu

201 482 296 524 Hec
328 485 481 526 autem
511 483 632 526 inter
663 482 820 537 regem
851 485 1162 527 Romanorum
1194 490 1238 528 et
1269 487 1515 540 collegium
1547 487 1852 529 cardinalium

87 552 292 596 amicicia
329 553 468 596 hodie
507 554 638 608 Xlla)
681 555 808 609 Julii,
849 555 955 598 licet
994 557 1052 598 sit
1091 556 1212 598 inter
1250 560 1408 610 partes
1447 570 1532 611 per
1571 558 1851 600 mediatores

84 622 192 665 fieri
221 624 496 667 concordata
523 628 567 667 et
595 637 680 678 per
708 638 865 679 regem
893 639 978 680 per
1007 640 1057 669 se
1085 631 1130 669 et
1155 640 1241 680 per
1267 631 1363 670 tres
1390 628 1654 671 cardinales
1681 628 1852 670 media-

85 697 211 736 tores
235 694 398 748 iurata,
423 695 626 737 nondum
652 699 806 738 tamen
832 709 918 750 per
943 697 1070 750 ipsas
1095 701 1253 751 partes
1280 699 1417 741 simul
1441 698 1554 741 inita
1578 711 1664 741 nec
1689 700 1849 743 iurata.

85 764 185 806 Rex
205 765 329 807 enim
350 767 543 808 recessit
563 767 621 808 de
643 766 919 810 Constancia
940 772 984 810 et
1006 768 1093 810 fuit
1114 768 1159 810 in
1187 769 1458 822 Marsburgo
1480 782 1627 823 usque
1650 770 1707 812 ad
1729 770 1850 811 diem

85 835 397 889 deposicionis
423 837 549 879 Petri
575 837 632 879 de
660 837 803 880 Luna.

202 906 288 949 Die
326 908 442 951 iovis
476 908 623 951 XXII.
660 908 772 950 Julii
809 910 855 950 in
891 908 1012 951 festo
1047 909 1182 952 beate
1224 909 1366 952 Marie
1406 911 1693 965 Magdalene,
1729 911 1851 964 quod

86 981 240 1020 tamen
278 991 372 1021 non
411 982 481 1020 est
520 979 737 1021 feriatum
778 980 825 1021 in
865 980 980 1033 iure,
1021 993 1143 1022 anno
1183 981 1552 1024 M0CCCCXVII⁰
1592 982 1711 1024 sedit
1750 995 1853 1024 con-

84 1048 240 1091 cilium
269 1062 370 1091 cum
400 1049 707 1092 solemnitate.
752 1050 964 1093 Presedit
993 1051 1245 1094 cardinalis
1274 1053 1522 1105 episcopus
1552 1052 1780 1095 Ostiensis
1810 1055 1852 1094 et

85 1119 270 1162 decreta
298 1123 369 1163 est
398 1120 557 1163 citacio
586 1121 644 1163 ad
672 1121 956 1163 audiendum
986 1122 1057 1164 ius
1085 1125 1130 1164 et
1159 1123 1444 1164 sentenciam
1475 1122 1776 1165 diffinitivam
1807 1124 1852 1164 in

83 1202 221 1233 causa
249 1194 407 1234 contra
436 1191 623 1233 Petrum
654 1192 710 1233 de
740 1192 883 1245 Luna,
913 1205 1049 1245 quam
1078 1193 1190 1246 legit
1218 1193 1577 1236 Concordiensis
1604 1194 1852 1247 episcopus

84 1264 130 1304 et
155 1262 410 1315 respondet
436 1263 685 1315 presidens
713 1275 798 1316 pro
825 1266 918 1305 toto
947 1263 1159 1305 concilio:
1203 1264 1372 1306 Placet,
1414 1263 1556 1306 Cuius
1584 1267 1718 1306 tenor
1746 1265 1852 1306 talis

85 1335 172 1374 est:
224 1332 527 1376 Sacrosancta
564 1334 801 1387 generalis
840 1334 1045 1386 synodus
1085 1334 1464 1377 Constanciensis
1502 1334 1853 1376 venerabilibus

84 1402 310 1447 fratribus
340 1404 542 1446 Henrico
575 1404 807 1446 Feltrensi
839 1439 847 1447 .
883 1438 892 1447 .
928 1439 936 1447 .
969 1417 1092 1447 anno
1123 1404 1295 1446 domini
1333 1405 1721 1459 MCCCCXVIF).
1768 1404 1853 1446 De-

86 1473 193 1516 inde
223 1474 342 1517 lecte
373 1477 478 1517 sunt
508 1475 707 1528 quedam
740 1474 1102 1529 declaraciones,
1132 1476 1425 1518 cassaciones
1457 1479 1540 1518 etc.
1573 1479 1777 1518 actorum
1809 1478 1853 1516 et

85 1557 354 1598 processum
378 1549 424 1588 et
446 1546 646 1599 quedam
671 1546 1014 1589 ratificaciones
1039 1546 1235 1589 aliorum
1260 1550 1463 1589 actorum
1491 1546 1616 1588 Petri
1641 1546 1698 1588 de
1723 1546 1852 1587 Luna

87 1617 133 1658 in
155 1615 305 1659 forma
327 1617 559 1670 sequenti:
596 1616 897 1660 Sacrosancta
920 1620 965 1659 et
986 1618 1223 1671 generalis
1247 1617 1453 1670 synodus
1477 1616 1853 1659 Constanciensis

86 1685 132 1728 in
159 1686 324 1740 spiritu
351 1690 509 1730 sancto
535 1688 740 1741 legitime
768 1691 1059 1741 congregata,
1086 1701 1145 1730 ex
1172 1688 1310 1730 certis
1337 1691 1382 1729 et
1410 1687 1674 1730 iustissimis
1702 1686 1853 1728 causis

130 1790 140 1799 .
173 1791 183 1800 .
212 1758 258 1799 in
287 1758 444 1811 aliquo
472 1758 851 1813 contravenire.²)

204 1828 330 1871 Inter
359 1829 445 1871 has
476 1829 577 1871 dies
609 1832 851 1871 tractatum
882 1832 954 1871 est
982 1841 1068 1883 per
1100 1827 1345 1881 deputatos
1377 1829 1435 1871 de
1468 1828 1701 1870 discordia
1733 1828 1854 1869 inter

87 1898 377 1942 Castellanos
415 1903 461 1942 et
499 1900 830 1953 Aragonenses
871 1912 1012 1953 super
1053 1900 1322 1942 auctoritate
1364 1912 1524 1941 vocum
1565 1898 1852 1952 prelatorum

0 1972 13 1985 “
86 1981 333 2024 regnorum
361 1973 405 2012 et
432 1968 801 2025 dominiorum'¹),
829 1970 886 2012 de
915 1983 1005 2024 qua
1033 1983 1175 2024 supra
1202 1973 1272 2012 est
1301 1973 1463 2022 actum,
1492 1969 1614 2022 quod
1641 1969 1722 2011 illa
1750 1981 1853 2010 con-

86 2041 234 2084 cessio
259 2041 552 2084 revocabitur
579 2042 652 2082 vel
679 2041 809 2083 nulla
835 2041 1150 2083 declarabitur
1176 2052 1261 2094 per
1289 2040 1630 2082 commissarios
1656 2038 1851 2081 concilii.

85 2109 175 2154 Sed
204 2112 442 2165 agebatur,
473 2112 595 2165 quod
624 2111 766 2154 fieret
795 2114 974 2153 secrete
1004 2114 1196 2165 propter
1225 2112 1450 2153 honorem
1480 2109 1851 2163 Aragonensium

87 2185 131 2224 et
166 2182 228 2225 ita
265 2182 520 2226 Castellani
557 2185 896 2224 consenserunt
932 2182 1074 2225 rebus
1112 2181 1320 2235 agendis,
1359 2181 1437 2234 qui
1476 2181 1593 2223 alias
1630 2180 1852 2222 nolebant

86 2252 361 2296 consentire.

201 2323 286 2366 Die
315 2324 425 2366 lune
453 2323 673 2366 vicesima
703 2326 833 2366 sexta
863 2322 975 2366 Julii
1004 2323 1123 2365 sedit
1152 2323 1397 2364 concilium
1427 2334 1528 2364 cum
1558 2322 1850 2363 solemnitate

87 2405 171 2446 pro
197 2394 434 2437 sentencia
461 2394 660 2436 ferenda
687 2397 844 2436 contra
874 2394 1061 2435 Petrum
1089 2393 1146 2435 de
1175 2393 1318 2435 Luna.
1359 2392 1573 2454 Presedit
1600 2391 1852 2434 cardinalis

86 2464 331 2518 episcopus
366 2464 608 2508 Ostiensis.
658 2465 756 2506 Rex
792 2464 879 2506 fuit
913 2476 1112 2517 presens
1151 2465 1196 2504 in
1235 2463 1557 2516 imperialibus
1593 2465 1639 2504 et
1675 2461 1848 2505 infulis

89 2533 349 2578 Cardinalis
383 2535 528 2577 sancti
566 2535 703 2577 Marci
738 2534 853 2576 dixit
888 2534 1075 2577 missam
1111 2537 1155 2575 et
1190 2533 1330 2575 missa
1363 2533 1496 2575 finita
1527 2545 1630 2575 cum
1665 2533 1851 2574 letaniis

88 2607 134 2647 et
156 2604 463 2659 oracionibus,
489 2605 734 2658 evangelio
760 2608 896 2658 atque
922 2605 1109 2657 hymno:
1151 2604 1284 2656 ,Veni
1308 2606 1491 2645 creator
1518 2603 1722 2656 spiritus‘
1750 2614 1852 2655 pro-

88 2675 240 2728 posuit
275 2676 468 2718 verbum
506 2676 592 2718 Dei
629 2677 806 2718 electus
844 2674 1385 2728 Constantinopolitanus
1423 2674 1631 2715 Venetus
1670 2675 1851 2725 sumpto

87 2743 304 2789 themate:
349 2746 523 2789 Iustum
552 2746 770 2788 iudicium
798 2745 1010 2788 iudicate.
1051 2745 1104 2787 Et
1130 2745 1239 2797 quia
1266 2745 1478 2797 prolixus
1502 2746 1617 2795 erat,
1645 2755 1736 2785 non
1765 2742 1850 2783 fuit

87 2816 342 2868 permissus
372 2816 529 2870 finire,
561 2817 682 2870 quod
714 2818 1036 2870 proposuerat.
1079 2815 1176 2867 Quo
1207 2815 1351 2857 finem
1383 2815 1584 2856 faciente
1616 2815 1851 2866 promotor

191 2935 222 2965 a)
249 2931 290 2958 B:
310 2931 436 2964 XXVII3
457 2934 495 2959 C:
515 2931 608 2961 XXII,
650 2932 683 2965 b)
705 2933 732 2958 B
751 2932 839 2966 folqt
860 2931 948 2966 regis
969 2932 1168 2963 Aragonum.

205 2990 238 3034 1)
265 2991 386 3027 Hardt
411 2991 478 3034 IV,
506 2991 643 3036 1359ss
672 2992 798 3027 Mansa·
825 2991 984 3034 XXVII,
1012 2992 1113 3027 1136.

205 3048 238 3092 2)
265 3049 387 3085 Harae
413 3050 479 3093 ιν,
509 3050 710 3094 1361—65,·
738 3050 865 3085 Mansa·
891 3049 1051 3092 XXVII,
1082 3048 1210 3092 1137t.

158 3114 298 3151 Finke,
318 3118 401 3146 Acta
420 3118 555 3147 concilii
577 3117 856 3147 Constanciensis.
877 3117 915 3146 II.
1614 3105 1638 3143 9
