2227 3434
585 195 623 232 (¹.
666 198 756 233 Acta
783 197 933 234 concilii
960 200 1028 233 des
1057 200 1098 233 (ἰ.
1126 201 1173 234 de
1202 201 1331 234 Turre.
1757 203 1841 246 353

187 315 413 369 Secundo,
433 316 555 368 quod
575 317 635 358 de
654 318 912 359 mutacione
936 318 1021 360 loci
1042 318 1344 360 nullathenus
1364 321 1538 372 agatur,
1561 319 1644 362 sed
1662 332 1779 373 pure
1798 324 1843 362 et

75 387 287 430 absolute
314 386 565 440 recipiatur
592 387 673 429 ille
702 388 842 441 locus,
870 388 977 430 licet
1003 392 1130 431 artus
1159 389 1229 441 sit,
1257 389 1366 442 quia
1393 390 1535 431 multe
1563 403 1708 444 prope
1737 395 1842 434 sunt

74 457 165 500 alie
195 458 404 500 civitates
435 461 479 500 et
506 457 570 500 ibi
602 458 971 500 conveniendum
1002 462 1128 502 esset
1158 472 1259 501 cum
1289 461 1460 513 paucis,

190 527 366 582 Tercio,
397 528 520 582 quod
548 528 668 571 facta
699 529 940 571 oblacione
970 529 1087 571 dicte
1118 530 1190 572 vie
1222 543 1322 572 cum
1353 530 1449 573 suis
1478 531 1841 574 circumstanciis

74 599 226 641 statim
259 599 463 642 mittatur
496 598 776 641 ambassiata
807 612 866 641 ex
898 603 1031 653 parte
1065 614 1099 642 s.
1133 614 1171 642 v.
1206 604 1251 642 et
1284 601 1407 655 regis
1439 602 1749 645 Romanorum
1783 603 1840 645 ad

73 680 231 722 regem
252 669 544 724 Arragonum
565 674 610 713 et
631 670 817 713 Petrum
838 670 895 712 de
918 670 1048 713 Luna
1067 675 1114 713 et
1133 672 1363 725 Angelum
1385 672 1617 726 Corrario,
1637 686 1728 727 que
1749 686 1840 716 am-

71 739 276 783 bassiata
304 740 550 783 denunciet
577 740 867 783 oblacionem
893 741 1021 784 illius
1049 742 1122 783 vie
1150 746 1195 784 et
1222 746 1415 796 propter
1442 743 1570 785 illam
1599 747 1839 798 acceptare

72 811 432 853 convencionem
458 813 504 853 in
527 812 627 854 loco
648 811 772 854 Nicie
794 814 1004 865 tempore
1028 813 1204 866 Aprilis
1229 813 1349 855 dicto
1369 826 1455 867 per
1479 815 1840 858 ambassiatores

73 881 195 935 regis
219 882 512 936 Arragonum
535 886 583 925 et
606 883 861 936 requirant,
886 883 1022 936 quod,
1049 883 1165 926 sicut
1188 884 1540 937 mandaverunt,
1568 886 1630 928 ita
1654 885 1838 928 faciant.

186 951 358 1004 Quarto
386 953 470 995 hoc
502 953 624 995 idem
657 953 925 1007 significare
958 954 1148 1007 regibus
1177 957 1225 997 et
1253 955 1544 1009 principibus
1575 956 1839 998 christianis

71 1022 279 1077 Francie‚
313 1023 552 1077 Hispanie,
585 1023 788 1077 Boemie,
822 1024 1014 1067 Polonie
1047 1037 1098 1067 ac
1129 1026 1300 1068 ceteris
1332 1027 1523 1079 magnis.

187 1093 355 1145 Quinto
387 1094 646 1138 transferre
680 1108 929 1148 personam
965 1110 999 1138 s.
1034 1110 1071 1140 v.
1109 1096 1193 1150 eta)
1230 1108 1428 1149 presens
1463 1097 1704 1140 concilium
1738 1111 1837 1139 cum

70 1164 395 1208 moderacione
419 1165 718 1219 infrascripta
740 1167 798 1209 ad
820 1166 1098 1209 Avinionem
1122 1168 1195 1208 vel
1220 1167 1361 1209 alium
1385 1169 1534 1210 locum
1557 1169 1604 1210 in
1626 1169 1838 1222 partibus

70 1235 164 1279 illis
188 1235 339 1289 situm,
363 1239 413 1278 ut
435 1236 536 1279 sitis
559 1249 706 1291 prope
733 1238 881 1279 locum
906 1237 1030 1279 Nicie
1057 1242 1102 1280 et
1127 1238 1189 1279 ibi
1215 1239 1422 1281 consulte
1449 1251 1587 1292 agere
1615 1239 1671 1281 de
1696 1240 1839 1281 omni-

69 1305 155 1349 bus
188 1304 487 1362 [possitis]*’).
531 1306 691 1361 Ibique
717 1310 937 1362 poterunt
963 1307 1126 1350 dimitti
1154 1310 1227 1350 vel
1257 1309 1427 1351 remitti
1454 1310 1561 1362 equi
1591 1312 1636 1352 et
1660 1310 1837 1352 familia

69 1379 114 1419 et
136 1376 310 1420 Niciam
333 1377 382 1419 in
403 1380 613 1431 tempore
639 1379 795 1420 accedi
818 1391 920 1421 cum
943 1380 1117 1433 paucis.

185 1446 339 1502 Sexto,
367 1448 476 1502 quia
501 1451 595 1492 tota
622 1449 709 1492 ista
735 1448 1038 1503 congregacio
1064 1449 1184 1492 forte
1214 1453 1389 1493 tantum
1417 1451 1504 1493 iter
1531 1454 1577 1493 et
1602 1464 1837 1505 expensas

67 1520 219 1562 tantas
243 1518 402 1561 subire
426 1531 520 1561 non
543 1523 717 1574 posset,
743 1520 866 1574 quod
890 1532 976 1574 per
1002 1520 1124 1563 istud
1146 1521 1390 1564 concilium
1417 1521 1699 1575 deputentur
1724 1522 1835 1564 certi

67 1589 235 1642 prelati
261 1601 313 1632 ac
339 1589 551 1633 doctores
575 1590 622 1632 in
648 1602 814 1644 magno
839 1603 1048 1644 numero,
1075 1591 1243 1645 quibus
1270 1592 1404 1634 detur
1429 1604 1516 1646 per
1542 1592 1665 1635 istud
1688 1594 1836 1635 conci-

67 1659 180 1702 lium
211 1662 418 1714 potestas
449 1661 631 1703 concilii
662 1662 900 1715 generalis
932 1666 976 1705 et
1009 1662 1087 1716 qui
1120 1663 1387 1705 necessario
1419 1663 1650 1717 premissa
1683 1665 1836 1706 omnia

67 1729 275 1773 fideliter
308 1732 531 1786 prosequi
565 1735 814 1775 teneantur
848 1736 893 1774 et
929 1734 1095 1775 iurent.
1144 1733 1199 1775 Et
1233 1734 1519 1787 pauperibus
1554 1734 1723 1777 dentur
1758 1747 1836 1776 ex-

67 1812 213 1853 pense
249 1801 305 1843 de
338 1802 526 1856 publico
560 1803 702 1845 nullis
736 1806 891 1845 tamen
925 1804 1142 1847 exclusis.
1190 1804 1282 1846 Sed
1317 1805 1579 1858 quicunque
1614 1805 1836 1858 prosequi

65 1875 110 1914 et
143 1872 372 1915 interesse
406 1873 650 1926 voluerint,
684 1878 1027 1927 prosequantur
1060 1878 1106 1918 et
1136 1875 1364 1928 intersint,
1399 1876 1515 1918 sicut
1546 1875 1592 1917 in
1625 1877 1833 1929 presenti

67 1942 261 1986 concilio
284 1947 489 1998 possent.
531 1944 595 1986 Ita
618 1944 742 1998 quod
764 1958 857 1987 non
883 1945 940 1987 sit
963 1945 1053 1987 nisi
1078 1946 1366 1988 continuacio
1390 1949 1436 1988 et
1457 1947 1709 1988 translacio
1732 1959 1836 2000 pre-

67 2013 213 2057 sentis
234 2013 417 2057 concilii
440 2014 497 2057 de
520 2015 620 2057 loco
642 2015 700 2057 ad
722 2015 885 2058 locum.

184 2084 404 2139 Septimo,
438 2086 559 2138 quod
593 2086 650 2128 de
682 2086 949 2140 provisione
984 2100 1070 2141 pro
1103 2089 1221 2130 statu
1255 2101 1294 2130 v.
1329 2100 1378 2140 s.,
1413 2088 1450 2130 si
1484 2087 1744 2131 liberaliter
1777 2100 1835 2130 ex

65 2157 158 2199 toto
187 2155 341 2209 placet
372 2168 525 2209 agere,
559 2158 819 2199 remittatur
851 2157 1044 2200 arbitrio
1072 2158 1271 2211 concilii,
1303 2158 1425 2212 quod
1457 2158 1661 2200 creditur
1693 2158 1833 2200 nichil

67 2237 283 2278 umquam
309 2225 660 2280 denegaturum,
687 2228 809 2281 quod
835 2242 868 2271 s.
893 2241 933 2270 v.
959 2228 1071 2270 velit
1095 2228 1285 2271 habere.

184 2296 254 2339 Ex
274 2297 520 2350 premissis
545 2298 581 2340 si
607 2299 729 2341 bono
753 2299 907 2341 animo
930 2299 1061 2352 fiant,
1086 2299 1427 2342 exhilarabitur
1451 2303 1495 2342 et
1521 2300 1835 2342 consolabitur

66 2367 267 2421 populus
296 2367 590 2422 christianus,
621 2369 784 2423 gloria,
817 2370 918 2413 laus
950 2372 996 2412 et
1026 2370 1174 2412 honor
1205 2373 1437 2413 accrescet
1467 2384 1500 2413 s.
1534 2385 1589 2423 v.,
1621 2383 1710 2424 que
1742 2383 1834 2412 om-

65 2435 193 2479 nium
220 2436 578 2481 christianorum
607 2439 746 2482 corda
776 2442 822 2482 et
850 2441 1028 2482 animos
1060 2440 1147 2483 sibi
1179 2441 1399 2494 acquiret.

184 2507 293 2551 Post
315 2508 401 2551 hec
425 2509 590 2552 cedula
615 2509 823 2563 predicta
850 2510 936 2553 fuit
960 2513 1148 2554 ostensa
1173 2511 1214 2553 d.
1240 2511 1467 2554 cardinali
1494 2511 1833 2561 Cameracensi,

66 2578 137 2619 cui
165 2580 320 2621 tamen
348 2579 593 2622 videbatur
622 2580 884 2623 declarario
911 2582 984 2624 wie
1013 2582 1238 2624 cessionis
1267 2583 1407 2625 nimis
1436 2582 1605 2624 acerba
1634 2583 1680 2624 in
1710 2583 1834 2635 prin-

67 2647 186 2702 cipio
224 2652 270 2692 et
307 2662 409 2692 cum
448 2650 488 2695 d.
527 2651 781 2695 cardinalis
818 2652 875 2694 de
916 2651 1149 2694 Chalanco
1186 2652 1390 2706 graviter
1428 2652 1750 2695 infirmaretur
1790 2656 1833 2693 et

67 2717 194 2762 illam
220 2719 383 2763 videre
411 2733 505 2764 non
531 2721 692 2775 potuit,
721 2721 863 2765 dilata
892 2725 962 2765 est
989 2722 1183 2765 tradicio
1212 2722 1329 2765 dicte
1358 2722 1522 2765 cedule
1551 2726 1597 2765 et
1625 2735 1717 2764 non
1746 2722 1833 2764 fuit

66 2790 173 2832 tunc
198 2789 368 2834 tradita
393 2803 530 2845 pape.

185 2859 376 2903 Interim
407 2862 627 2904 naciones
658 2863 876 2905 videlicet
906 2863 1073 2916 Gallie,
1106 2863 1355 2906 Germanic
1389 2867 1435 2906 et
1466 2863 1631 2917 Anglie
1664 2875 1749 2916 per
1782 2876 1831 2905 se

68 2929 193 2982 ipsos
223 2943 273 2974 se
303 2936 702 2986 congregaverunt
730 2937 775 2976 et
805 2933 1077 2976 deciderunt
1106 2934 1163 2975 de
1193 2933 1315 2976 facto
1344 2934 1648 2987 questionem,
1678 2936 1830 2975 utrum

67 3010 151 3052 per
180 3001 401 3044 naciones
431 3003 506 3044 vel
537 3015 623 3056 per
655 3003 803 3057 capita
836 3004 1018 3057 singula
1047 3004 1395 3057 procederetur.
1442 3004 1495 3046 Et
1525 3015 1832 3056 congregave-

171 3094 200 3125 a)
224 3093 268 3119 Hs
287 3093 336 3120 ad.
394 3094 425 3119 bl
449 3094 527 3120 wohl
552 3103 588 3120 :11
609 3096 774 3127 ειῃιϊηεθιι,

137 3162 276 3196 Finko,
296 3163 376 3191 Acta
397 3163 530 3191 concilii
552 3163 829 3192 constanciensis.
853 3165 888 3191 11.
1565 3155 1618 3194 23
