2102 3444
231 127 287 170 68
751 129 778 163 I.
819 129 1030 165 Abschnitt.
1084 130 1484 176 Konzilstagebiicher.

233 247 384 300 stelle,
406 248 679 301 alleganteS,
701 249 824 301 quod
848 249 928 291 ille
951 253 1023 292 est
1043 251 1190 292 malor
1213 254 1257 292 et
1278 252 1530 305 precipuus
1552 265 1636 294 rex
1658 252 2003 305 Hyspaniarum

231 321 276 360 et
304 318 579 361 obediencie
610 319 657 361 P.
688 319 744 361 de
776 320 920 373 Luna,
949 321 1073 374 quod
1101 321 1249 363 adhuc
1279 322 1324 364 in
1356 323 1436 365 illo
1464 336 1608 377 regno
1638 323 1854 366 obeditur
1883 323 2003 366 dicto

232 389 280 431 P.
311 389 368 431 de
400 388 544 443 Luna,
575 390 697 443 quod
728 391 860 432 tarde
892 395 1173 445 receperunt
1203 394 1382 436 litteras
1414 395 1760 437 convocatorias
1790 398 1836 436 et
1865 395 2002 448 quod,

232 460 269 502 si
296 461 630 513 procederetur
658 462 759 504 sine
786 462 869 515 eis,
896 466 1087 515 possent
1115 463 1287 506 irritari
1315 469 1359 506 et
1388 478 1479 507 non
1506 466 1628 507 uniri
1657 478 1759 507 cum
1785 465 1872 508 isto
1899 478 2002 507 con-

230 532 350 585 cilio,
382 536 428 574 et
457 533 656 586 quedam
688 533 794 586 alia,
826 547 968 587 super
999 534 1168 587 quibus
1199 535 1405 589 deputati
1439 537 1688 578 voluerunt
1719 536 1999 581 deliberare.

231 603 284 645 Et
313 603 547 657 dixerunt,
576 604 699 657 quod
728 605 774 646 in
803 605 1004 648 crastino
1033 605 1079 647 in
1107 606 1285 648 eisdem
1316 608 1414 649 loco
1442 611 1487 649 et
1516 608 1631 649 hora
1660 607 2003 660 responderent

230 674 338 717 illis.
377 676 441 717 Ac
467 675 536 717 illi
564 680 863 718 recesserunt
887 680 932 719 et
959 677 1166 730 deputati
1195 677 1591 721 deliberaverunt.
1632 679 1685 720 Et
1711 691 1874 721 omnes
1899 691 2003 732 pre-

229 749 300 788 ter
321 746 437 789 duos
459 747 737 800 cardinales,
759 749 934 790 scilicet
957 749 1015 790 de
1038 749 1223 792 Ursinis
1245 753 1290 791 et
1313 750 1457 792 sancti
1482 750 1670 803 Marchi,
1692 753 1827 792 erant
1848 753 2001 792 autem

227 817 433 870 quinque
462 818 741 871 cardinales,
771 819 1025 862 concordes
1054 819 1286 874 fueruntss)
1322 821 1367 862 in
1397 822 1666 874 oppinione,
1695 821 1819 874 quod
1848 821 2001 874 requi-

229 892 446 931 rerentur
472 889 612 942 legati
638 891 791 932 statim
818 890 944 933 iuxta
971 891 1172 944 capitula
1198 905 1247 933 se
1274 892 1408 933 unire
1435 905 1536 934 cum
1564 893 1652 934 isto
1677 891 1884 934 concilio.
1928 892 1999 934 Illi

227 960 317 1003 duo
348 960 612 1003 cardinales
645 962 731 1003 soli
763 961 955 1004 fuerunt
985 963 1042 1004 de
1074 963 1310 1016 opinione,
1342 963 1465 1016 quod
1497 963 1688 1005 daretur
1720 963 1889 1006 dilacio
1920 963 2000 1006 ali-

227 1044 331 1085 qua,
363 1032 654 1085 expectando
684 1034 860 1086 legatos
893 1033 1110 1076 Castelle.

344 1104 429 1145 Die
458 1104 569 1146 lune
596 1104 711 1146 hora
740 1105 882 1147 tercia
912 1105 1090 1147 reversi
1120 1109 1226 1147 sunt
1254 1106 1393 1159 legati
1421 1109 1466 1147 et
1494 1105 1581 1148 fuit
1609 1104 1678 1148 eis
1705 1118 1998 1159 responsum,

226 1175 341 1217 sicut
367 1175 523 1218 fuerat
551 1175 877 1228 deliberatum,
907 1176 1030 1229 quod
1060 1189 1108 1218 se
1138 1177 1337 1218 unirent.
1380 1177 1620 1219 Petierunt
1647 1176 1706 1219 ad
1734 1176 1999 1218 deliberan-

226 1245 334 1288 dum
367 1246 425 1289 ad
455 1247 722 1289 crastinum.

343 1318 428 1360 Die
456 1317 686 1361 dominica
710 1317 884 1373 XIII.¹‘)
914 1319 1090 1362 mensis
1116 1318 1406 1372 Septembris
1432 1332 1517 1372 per
1544 1319 1790 1372 deputatos
1815 1318 1902 1361 fuit
1928 1331 1998 1360 re-

226 1402 448 1442 sponsum
482 1389 649 1443 legatis
684 1389 808 1443 regis
843 1391 1110 1443 Aragonum
1145 1403 1231 1444 per
1266 1403 1490 1443 organum
1527 1390 1568 1432 d.
1605 1389 1859 1432 cardinalis
1896 1389 1998 1431 Flo-

224 1460 395 1502 rentini
424 1473 566 1514 super
592 1460 735 1514 petita
762 1474 848 1515 per
873 1474 954 1503 eos
981 1462 1312 1514 expectacione
1340 1461 1464 1514 regis
1493 1461 1696 1503 Castelle
1724 1462 1996 1514 legatorum,

224 1532 347 1585 quod
393 1545 487 1574 non
538 1532 821 1585 expediebat
870 1532 1064 1574 concilio
1115 1533 1173 1574 ad
1222 1532 1291 1574 rei
1342 1532 1522 1586 agende
1574 1533 1680 1574 illos
1730 1534 1995 1585 expectare,

223 1604 424 1646 maxime
463 1606 684 1656 quantum
723 1604 781 1646 ad
818 1604 1026 1646 fiendam
1064 1604 1286 1646 unionem
1323 1604 1549 1645 dictorum
1588 1604 1845 1656 legatorum
1883 1603 1996 1644 Ara-

222 1687 391 1728 gonum
418 1675 542 1728 regis
567 1679 612 1717 et
637 1675 882 1728 probatum
908 1676 1065 1718 multis
1090 1675 1356 1717 racionibus
1381 1678 1426 1716 et
1451 1675 1634 1716 fortiter
1659 1673 1847 1716 amoniti
1875 1676 1994 1725 sunt,

223 1749 271 1788 ut
305 1758 354 1789 se
389 1746 576 1788 unirent
611 1759 713 1788 cum
748 1746 956 1799 concilio,
993 1759 1134 1799 super
1170 1759 1260 1799 quo
1294 1746 1362 1788 illi
1400 1745 1745 1799 responderunt
1779 1748 1876 1787 tres
1910 1756 1996 1798 per

224 1817 436 1859 ordinem
482 1818 744 1859 successive
789 1817 1131 1870 persuadentes
1176 1817 1333 1859 multis
1376 1816 1744 1870 allegacionibus
1788 1815 1903 1857 iuris
1946 1818 1993 1857 et

221 1888 330 1930 facti
367 1901 452 1942 pro
489 1888 718 1931 dilacione
756 1888 1100 1941 expectacionis
1137 1888 1323 1930 illorum
1362 1888 1619 1941 legatorum
1657 1886 1875 1929 Castelle.
1926 1885 1995 1927 Fi-

220 1960 392 2002 naliter
420 1960 687 2013 petiverunt
717 1958 994 2001 dilacionem
1025 1960 1083 2001 ad
1114 1959 1236 2001 diem
1267 1959 1485 2000 mercurii
1516 1960 1790 2011 sequentem
1818 1960 1863 1999 et
1891 1969 1995 1999 con—

221 2043 352 2074 cessa
379 2033 451 2074 est
478 2030 586 2073 illis.

340 2102 425 2144 Die
458 2102 677 2144 mercurii
712 2103 926 2154 sequenti
960 2101 1017 2143 de
1052 2113 1187 2143 mane
1220 2101 1342 2143 XVI.
1376 2100 1703 2154 Septembrisss)
1740 2099 1860 2142 sedit
1891 2111 1994 2141 con-

219 2173 374 2215 cilium
399 2174 501 2216 sine
527 2172 854 2225 sollemnitate,
879 2172 1096 2214 videlicet
1121 2173 1222 2214 sine
1249 2173 1391 2214 missa
1416 2175 1461 2213 et
1487 2171 1533 2212 in
1558 2171 1719 2213 habitu
1745 2170 1989 2212 communi.

219 2245 273 2287 Et
298 2244 489 2287 fuerunt
515 2244 658 2287 auditi
686 2244 825 2297 legati
853 2243 894 2285 d.
922 2243 1081 2285 Jacobi
1110 2242 1287 2285 comitis
1319 2242 1519 2284 Marchie
1546 2243 1593 2283 in
1622 2242 1817 2284 Francia
1842 2244 1887 2283 et
1913 2241 1990 2283 do-

219 2316 343 2357 mine
367 2315 581 2357 Johanne
607 2314 863 2356 dicencium
889 2327 939 2356 se
963 2326 1121 2367 regem
1145 2317 1190 2355 et
1214 2313 1423 2366 reginam
1450 2313 1668 2366 Ungarie,
1692 2311 1990 2354 Jherusalem

217 2389 262 2428 et
291 2385 461 2439 Sicilie,
493 2399 544 2428 re
576 2385 676 2438 ipsa
707 2385 1053 2438 possidencium
1086 2396 1280 2437 regnum
1311 2383 1482 2436 Sicilie,
1514 2396 1607 2425 non
1637 2383 1852 2436 insulam,
1883 2382 1990 2424 licet

220 2457 350 2499 multi
377 2456 614 2510 principes
643 2457 770 2499 illius
800 2457 930 2509 regni
959 2468 1052 2498 non
1080 2455 1339 2507 obedirent,
1369 2458 1438 2497 set
1466 2454 1750 2497 adhererent
1777 2453 1876 2507 regi
1905 2453 1991 2494 Lu-

220 2527 380 2570 dovico
401 2527 504 2570 duci
527 2527 812 2580 Andegavie.
849 2527 903 2569 Et
925 2527 981 2568 de
1005 2538 1140 2568 mane
1164 2526 1307 2578 aliqui
1331 2525 1545 2567 faventes
1568 2525 1663 2567 illis
1685 2524 1726 2566 d.
1749 2525 1922 2568 ‚Jacobo
1944 2526 1989 2566 et

218 2598 431 2640 Johanne
463 2597 673 2639 fecerant
714 2599 871 2650 parari
914 2600 959 2639 et
1002 2596 1208 2638 ordinari
1251 2595 1427 2647 sedem,
1471 2596 1588 2637 sicut
1629 2595 1785 2637 fuerat
1826 2596 1989 2636 ornata

219 2668 398 2723 sedesd)
423 2682 508 2722 pro
529 2669 696 2722 legatis
718 2669 843 2722 regis
865 2669 1147 2721 Aragonum,
1169 2670 1239 2709 set
1260 2670 1422 2720 postea
1444 2669 1620 2708 remota
1642 2666 1833 2708 fuerunt
1855 2677 1988 2708 orna-

219 2744 387 2793 menta,
411 2740 519 2793 quia
542 2740 687 2782 nullis
713 2739 816 2782 aliis
843 2752 1002 2792 regum
1028 2739 1193 2791 legatis
1219 2738 1373 2779 fuerat
1397 2740 1560 2779 ornata
1587 2737 1725 2779 sedes
1749 2736 1840 2779 nisi
1865 2736 1988 2789 lega-

217 2813 275 2854 tis
303 2812 428 2865 regis
455 2812 737 2864 Aragonum,
767 2812 853 2862 cui,
883 2811 992 2863 quia
1021 2809 1225 2851 forensis
1255 2812 1355 2850 erat
1384 2811 1428 2849 et
1457 2808 1675 2850 veniebat
1703 2807 1761 2850 ad
1788 2820 1888 2860 nos,
1917 2819 1987 2849 or-

215 2885 351 2925 natus
379 2885 479 2924 erat
506 2894 767 2924 concessus.

319 3034 349 3066 a)
373 3034 398 3059 B
418 3033 539 3060 favent.
577 3034 608 3062 b)
632 3035 657 3060 B
681 3034 765 3067 ιἰϊίῃ
785 3032 893 3060 XXIII.
931 3034 959 3065 c)
980 3031 1059 3065 fehlt
1084 3032 1121 3058 B.
1162 3031 1193 3058 d»
1214 3031 1293 3064 fehlt
1317 3034 1345 3057 ζ’.
