<?xml version="1.0" encoding="UTF-8"?>
<!DOCTYPE html PUBLIC "-//W3C//DTD XHTML 1.0 Transitional//EN"
    "http://www.w3.org/TR/xhtml1/DTD/xhtml1-transitional.dtd">
<html xmlns="http://www.w3.org/1999/xhtml" xml:lang="en" lang="en">
 <head>
  <title>
</title>
<meta http-equiv="Content-Type" content="text/html;charset=utf-8" />
  <meta name='ocr-system' content='tesseract 3.04.00' />
  <meta name='ocr-capabilities' content='ocr_page ocr_carea ocr_par ocr_line ocrx_word'/>
</head>
<body>
  <div class='ocr_page' id='page_1' title='image "./actaconciliicons02counuoft/actaconciliicons02counuoft_0197.png"; bbox 0 0 2227 3434; ppageno 0'>
   <div class='ocr_carea' id='block_1_1' title="bbox 537 193 1846 240">
    <p class='ocr_par' dir='ltr' id='par_1_1' title="bbox 537 193 1846 240">
     <span class='ocr_line' id='line_1_1' title="bbox 537 193 1846 240; baseline -0.003 -10"><span class='ocrx_word' id='word_1_1' title='bbox 537 196 575 230; x_wconf 91' lang='grc' dir='ltr'>Β.</span> <span class='ocrx_word' id='word_1_2' title='bbox 614 196 691 230; x_wconf 90' lang='lat' dir='ltr'>Der</span> <span class='ocrx_word' id='word_1_3' title='bbox 714 195 814 230; x_wconf 90' lang='lat' dir='ltr'>liber</span> <span class='ocrx_word' id='word_1_4' title='bbox 836 197 1029 240; x_wconf 88' lang='lat' dir='ltr'>gestorum</span> <span class='ocrx_word' id='word_1_5' title='bbox 1054 195 1122 230; x_wconf 92' lang='lat' dir='ltr'>des</span> <span class='ocrx_word' id='word_1_6' title='bbox 1146 193 1388 229; x_wconf 84' lang='lat' dir='ltr'>Cerretanus.</span> <span class='ocrx_word' id='word_1_7' title='bbox 1763 194 1846 237; x_wconf 83' lang='lat'>183</span> 
     </span>
    </p>
   </div>
   <div class='ocr_carea' id='block_1_2' title="bbox 85 310 1853 934">
    <p class='ocr_par' dir='ltr' id='par_1_2' title="bbox 85 310 1851 650">
     <span class='ocr_line' id='line_1_2' title="bbox 85 310 1847 366; baseline -0.004 -7"><span class='ocrx_word' id='word_1_8' title='bbox 85 316 158 359; x_wconf 90' lang='lat' dir='ltr'>vel</span> <span class='ocrx_word' id='word_1_9' title='bbox 185 315 304 359; x_wconf 88' lang='lat' dir='ltr'>circa</span> <span class='ocrx_word' id='word_1_10' title='bbox 332 314 653 357; x_wconf 88' lang='lat' dir='ltr'>Constanciam</span> <span class='ocrx_word' id='word_1_11' title='bbox 683 316 788 356; x_wconf 89' lang='lat' dir='ltr'>sunt</span> <span class='ocrx_word' id='word_1_12' title='bbox 818 313 1016 366; x_wconf 87' lang='lat' dir='ltr'>ingressi</span> <span class='ocrx_word' id='word_1_13' title='bbox 1043 315 1089 355; x_wconf 92' lang='lat' dir='ltr'>et</span> <span class='ocrx_word' id='word_1_14' title='bbox 1116 324 1217 354; x_wconf 93' lang='lat' dir='ltr'>cum</span> <span class='ocrx_word' id='word_1_15' title='bbox 1246 311 1507 354; x_wconf 89' lang='lat' dir='ltr'>oratoribus</span> <span class='ocrx_word' id='word_1_16' title='bbox 1536 310 1659 365; x_wconf 87' lang='lat' dir='ltr'>regis</span> <span class='ocrx_word' id='word_1_17' title='bbox 1686 310 1847 353; x_wconf 89' lang='lat' dir='ltr'>Roma-</span> 
     </span>
     <span class='ocr_line' id='line_1_3' title="bbox 85 380 1848 439; baseline -0.004 -9"><span class='ocrx_word' id='word_1_18' title='bbox 85 399 262 439; x_wconf 89' lang='lat' dir='ltr'>norum,</span> <span class='ocrx_word' id='word_1_19' title='bbox 298 384 647 438; x_wconf 81' lang='lat' dir='ltr'>archiepiscopo</span> <span class='ocrx_word' id='word_1_20' title='bbox 681 383 897 426; x_wconf 92' lang='lat' dir='ltr'>videlicet</span> <span class='ocrx_word' id='word_1_21' title='bbox 934 383 1191 436; x_wconf 90' lang='lat' dir='ltr'>Colocensi‚</span> <span class='ocrx_word' id='word_1_22' title='bbox 1227 381 1427 436; x_wconf 90' lang='lat' dir='ltr'>quodam</span> <span class='ocrx_word' id='word_1_23' title='bbox 1463 380 1607 423; x_wconf 92' lang='lat' dir='ltr'>milite</span> <span class='ocrx_word' id='word_1_24' title='bbox 1643 394 1727 424; x_wconf 92' lang='lat' dir='ltr'>suo</span> <span class='ocrx_word' id='word_1_25' title='bbox 1761 382 1848 423; x_wconf 89' lang='lat' dir='ltr'>col-</span> 
     </span>
     <span class='ocr_line' id='line_1_4' title="bbox 87 452 1850 512; baseline -0.004 -12"><span class='ocrx_word' id='word_1_26' title='bbox 87 459 202 512; x_wconf 87' lang='lat' dir='ltr'>lega,</span> <span class='ocrx_word' id='word_1_27' title='bbox 225 469 340 510; x_wconf 90' lang='lat' dir='ltr'>quos</span> <span class='ocrx_word' id='word_1_28' title='bbox 364 455 537 498; x_wconf 90' lang='lat' dir='ltr'>ibidem</span> <span class='ocrx_word' id='word_1_29' title='bbox 560 458 838 508; x_wconf 87' lang='lat' dir='ltr'>repererunt</span> <span class='ocrx_word' id='word_1_30' title='bbox 863 453 1174 507; x_wconf 88' lang='lat' dir='ltr'>magistroque</span> <span class='ocrx_word' id='word_1_31' title='bbox 1198 452 1363 495; x_wconf 91' lang='lat' dir='ltr'>civium</span> <span class='ocrx_word' id='word_1_32' title='bbox 1386 455 1431 494; x_wconf 88' lang='lat' dir='ltr'>et</span> <span class='ocrx_word' id='word_1_33' title='bbox 1454 452 1725 494; x_wconf 88' lang='lat' dir='ltr'>consulibus</span> <span class='ocrx_word' id='word_1_34' title='bbox 1745 463 1850 505; x_wconf 92' lang='lat' dir='ltr'>pre-</span> 
     </span>
     <span class='ocr_line' id='line_1_5' title="bbox 85 523 1851 580; baseline -0.003 -10"><span class='ocrx_word' id='word_1_35' title='bbox 85 527 216 570; x_wconf 87' lang='lat' dir='ltr'>dictis</span> <span class='ocrx_word' id='word_1_36' title='bbox 245 526 340 580; x_wconf 89' lang='lat' dir='ltr'>illa,</span> <span class='ocrx_word' id='word_1_37' title='bbox 371 538 456 580; x_wconf 92' lang='lat' dir='ltr'>pro</span> <span class='ocrx_word' id='word_1_38' title='bbox 487 525 654 579; x_wconf 89' lang='lat' dir='ltr'>quibus</span> <span class='ocrx_word' id='word_1_39' title='bbox 685 525 901 567; x_wconf 87' lang='lat' dir='ltr'>destinati</span> <span class='ocrx_word' id='word_1_40' title='bbox 935 524 1135 576; x_wconf 77' lang='lat' dir='ltr'>fuerant,</span> <span class='ocrx_word' id='word_1_41' title='bbox 1164 523 1491 577; x_wconf 88' lang='lat' dir='ltr'>practicarunt,</span> <span class='ocrx_word' id='word_1_42' title='bbox 1523 524 1776 565; x_wconf 85' lang='lat' dir='ltr'>tractarunt</span> <span class='ocrx_word' id='word_1_43' title='bbox 1805 524 1851 564; x_wconf 92' lang='lat' dir='ltr'>et</span> 
     </span>
     <span class='ocr_line' id='line_1_6' title="bbox 86 594 1223 650; baseline -0.004 -10"><span class='ocrx_word' id='word_1_44' title='bbox 86 597 358 641; x_wconf 91' lang='lat' dir='ltr'>ordinarunt</span> <span class='ocrx_word' id='word_1_45' title='bbox 384 608 533 650; x_wconf 92' lang='lat' dir='ltr'>usque</span> <span class='ocrx_word' id='word_1_46' title='bbox 563 595 812 639; x_wconf 89' lang='lat' dir='ltr'>adventum</span> <span class='ocrx_word' id='word_1_47' title='bbox 841 595 882 637; x_wconf 93' lang='lat' dir='ltr'>d.</span> <span class='ocrx_word' id='word_1_48' title='bbox 913 594 1059 637; x_wconf 87' lang='lat' dir='ltr'>nostri</span> <span class='ocrx_word' id='word_1_49' title='bbox 1086 605 1223 648; x_wconf 92' lang='lat' dir='ltr'>pape.</span> 
     </span>
    </p>

    <p class='ocr_par' dir='ltr' id='par_1_3' title="bbox 86 663 1853 934">
     <span class='ocr_line' id='line_1_7' title="bbox 203 663 1852 719; baseline -0.003 -9"><span class='ocrx_word' id='word_1_50' title='bbox 203 668 288 710; x_wconf 91' lang='lat' dir='ltr'>Die</span> <span class='ocrx_word' id='word_1_51' title='bbox 323 680 435 710; x_wconf 90' lang='lat' dir='ltr'>vero</span> <span class='ocrx_word' id='word_1_52' title='bbox 470 667 649 710; x_wconf 88' lang='lat' dir='ltr'>sabbati</span> <span class='ocrx_word' id='word_1_53' title='bbox 684 666 874 708; x_wconf 88' lang='lat' dir='ltr'><strong>XXVII.</strong></span> <span class='ocrx_word' id='word_1_54' title='bbox 911 665 1106 719; x_wconf 85' lang='lat' dir='ltr'>predicti</span> <span class='ocrx_word' id='word_1_55' title='bbox 1142 665 1317 707; x_wconf 86' lang='lat' dir='ltr'>mensis</span> <span class='ocrx_word' id='word_1_56' title='bbox 1353 664 1394 706; x_wconf 88' lang='lat' dir='ltr'>d.</span> <span class='ocrx_word' id='word_1_57' title='bbox 1428 667 1588 706; x_wconf 84' lang='lat' dir='ltr'>noster</span> <span class='ocrx_word' id='word_1_58' title='bbox 1623 676 1745 717; x_wconf 90' lang='lat' dir='ltr'>papa</span> <span class='ocrx_word' id='word_1_59' title='bbox 1779 663 1852 705; x_wconf 82' lang='lat' dir='ltr'>Jo-</span> 
     </span>
     <span class='ocr_line' id='line_1_8' title="bbox 86 733 1852 792; baseline -0.004 -10"><span class='ocrx_word' id='word_1_60' title='bbox 86 740 266 783; x_wconf 88' lang='lat' dir='ltr'>hannes</span> <span class='ocrx_word' id='word_1_61' title='bbox 294 738 467 781; x_wconf 87' lang='lat' dir='ltr'><strong>XXIII.</strong></span> <span class='ocrx_word' id='word_1_62' title='bbox 498 749 584 792; x_wconf 90' lang='lat' dir='ltr'>per</span> <span class='ocrx_word' id='word_1_63' title='bbox 616 738 764 780; x_wconf 90' lang='lat' dir='ltr'>lacum</span> <span class='ocrx_word' id='word_1_64' title='bbox 795 736 852 779; x_wconf 90' lang='lat' dir='ltr'>de</span> <span class='ocrx_word' id='word_1_65' title='bbox 884 735 1059 778; x_wconf 88' lang='lat' dir='ltr'>Rineck</span> <span class='ocrx_word' id='word_1_66' title='bbox 1090 735 1300 788; x_wconf 84' lang='lat' dir='ltr'>veniens,</span> <span class='ocrx_word' id='word_1_67' title='bbox 1333 735 1432 778; x_wconf 90' lang='lat' dir='ltr'>solo</span> <span class='ocrx_word' id='word_1_68' title='bbox 1462 734 1503 776; x_wconf 94' lang='lat' dir='ltr'>d.</span> <span class='ocrx_word' id='word_1_69' title='bbox 1536 733 1763 776; x_wconf 86' lang='lat' dir='ltr'>cardinali</span> <span class='ocrx_word' id='word_1_70' title='bbox 1795 733 1852 775; x_wconf 91' lang='lat' dir='ltr'>de</span> 
     </span>
     <span class='ocr_line' id='line_1_9' title="bbox 87 804 1851 853; baseline -0.004 0"><span class='ocrx_word' id='word_1_71' title='bbox 87 809 381 853; x_wconf 89' lang='lat' dir='ltr'>Branchaciis</span> <span class='ocrx_word' id='word_1_72' title='bbox 413 808 514 852; x_wconf 90' lang='lat' dir='ltr'>eius</span> <span class='ocrx_word' id='word_1_73' title='bbox 549 807 711 850; x_wconf 89' lang='lat' dir='ltr'>comite</span> <span class='ocrx_word' id='word_1_74' title='bbox 746 808 945 850; x_wconf 87' lang='lat' dir='ltr'>sociatus</span> <span class='ocrx_word' id='word_1_75' title='bbox 980 806 1038 849; x_wconf 89' lang='lat' dir='ltr'>ad</span> <span class='ocrx_word' id='word_1_76' title='bbox 1072 805 1404 848; x_wconf 90' lang='lat' dir='ltr'>monasterium</span> <span class='ocrx_word' id='word_1_77' title='bbox 1439 804 1583 847; x_wconf 89' lang='lat' dir='ltr'>sancti</span> <span class='ocrx_word' id='word_1_78' title='bbox 1617 804 1761 847; x_wconf 91' lang='lat' dir='ltr'>Ulrici</span> <span class='ocrx_word' id='word_1_79' title='bbox 1795 804 1851 846; x_wconf 92' lang='lat' dir='ltr'>de</span> 
     </span>
     <span class='ocr_line' id='line_1_10' title="bbox 91 876 1853 934; baseline -0.005 -10"><span class='ocrx_word' id='word_1_80' title='bbox 91 880 368 934; x_wconf 84' lang='lat' dir='ltr'>Crutzlini‚¹)</span> <span class='ocrx_word' id='word_1_81' title='bbox 413 879 593 922; x_wconf 89' lang='lat' dir='ltr'>ordinis</span> <span class='ocrx_word' id='word_1_82' title='bbox 636 879 962 921; x_wconf 87' lang='lat' dir='ltr'>canonicorum</span> <span class='ocrx_word' id='word_1_83' title='bbox 1008 877 1307 931; x_wconf 87' lang='lat' dir='ltr'>regularium,</span> <span class='ocrx_word' id='word_1_84' title='bbox 1353 876 1476 929; x_wconf 91' lang='lat' dir='ltr'>quod</span> <span class='ocrx_word' id='word_1_85' title='bbox 1518 878 1589 918; x_wconf 89' lang='lat' dir='ltr'>est</span> <span class='ocrx_word' id='word_1_86' title='bbox 1629 878 1765 917; x_wconf 89' lang='lat' dir='ltr'>extra</span> <span class='ocrx_word' id='word_1_87' title='bbox 1809 877 1853 917; x_wconf 91' lang='lat' dir='ltr'>et</span> 
     </span>
    </p>
   </div>
   <div class='ocr_carea' id='block_1_3' title="bbox 87 946 1854 1075">
    <p class='ocr_par' dir='ltr' id='par_1_4' title="bbox 87 946 1854 1075">
     <span class='ocr_line' id='line_1_11' title="bbox 87 946 1854 1006; baseline -0.004 -12"><span class='ocrx_word' id='word_1_88' title='bbox 87 964 232 1006; x_wconf 89' lang='lat' dir='ltr'>prope</span> <span class='ocrx_word' id='word_1_89' title='bbox 274 954 455 1003; x_wconf 90' lang='lat' dir='ltr'>portam</span> <span class='ocrx_word' id='word_1_90' title='bbox 498 949 772 992; x_wconf 85' lang='lat' dir='ltr'>Constancie</span> <span class='ocrx_word' id='word_1_91' title='bbox 816 949 930 991; x_wconf 89' lang='lat' dir='ltr'>hora</span> <span class='ocrx_word' id='word_1_92' title='bbox 972 959 1277 1001; x_wconf 90' lang='lat' dir='ltr'>vesperorum</span> <span class='ocrx_word' id='word_1_93' title='bbox 1321 946 1543 1000; x_wconf 90' lang='lat' dir='ltr'>applicuit</span> <span class='ocrx_word' id='word_1_94' title='bbox 1587 946 1854 999; x_wconf 90' lang='lat' dir='ltr'>ibidemque</span> 
     </span>
     <span class='ocr_line' id='line_1_12' title="bbox 88 1022 651 1075; baseline -0.002 -10"><span class='ocrx_word' id='word_1_95' title='bbox 88 1025 217 1065; x_wconf 88' lang='lat' dir='ltr'>nocte</span> <span class='ocrx_word' id='word_1_96' title='bbox 245 1022 326 1065; x_wconf 89' lang='lat' dir='ltr'>illa</span> <span class='ocrx_word' id='word_1_97' title='bbox 351 1022 651 1075; x_wconf 90' lang='lat' dir='ltr'>pernoctavit.</span> 
     </span>
    </p>
   </div>
   <div class='ocr_carea' id='block_1_4' title="bbox 89 1089 1856 1288">
    <p class='ocr_par' dir='ltr' id='par_1_5' title="bbox 89 1089 1856 1288">
     <span class='ocr_line' id='line_1_13' title="bbox 206 1089 1855 1144; baseline -0.004 -9"><span class='ocrx_word' id='word_1_98' title='bbox 206 1092 289 1135; x_wconf 92' lang='lat' dir='ltr'>Die</span> <span class='ocrx_word' id='word_1_99' title='bbox 322 1105 434 1135; x_wconf 92' lang='lat' dir='ltr'>vero</span> <span class='ocrx_word' id='word_1_100' title='bbox 466 1092 695 1135; x_wconf 90' lang='lat' dir='ltr'>dominica</span> <span class='ocrx_word' id='word_1_101' title='bbox 726 1091 939 1133; x_wconf 92' lang='lat' dir='ltr'><strong>XXVIII.</strong></span> <span class='ocrx_word' id='word_1_102' title='bbox 971 1089 1167 1144; x_wconf 90' lang='lat' dir='ltr'>predicti</span> <span class='ocrx_word' id='word_1_103' title='bbox 1200 1089 1374 1131; x_wconf 88' lang='lat' dir='ltr'>mensis</span> <span class='ocrx_word' id='word_1_104' title='bbox 1404 1089 1519 1131; x_wconf 90' lang='lat' dir='ltr'>hora</span> <span class='ocrx_word' id='word_1_105' title='bbox 1552 1099 1855 1141; x_wconf 88' lang='lat' dir='ltr'>vesperorum</span> 
     </span>
     <span class='ocr_line' id='line_1_14' title="bbox 91 1156 1856 1217; baseline -0.005 -10"><span class='ocrx_word' id='word_1_106' title='bbox 91 1164 413 1208; x_wconf 89' lang='lat' dir='ltr'>Constanciam</span> <span class='ocrx_word' id='word_1_107' title='bbox 439 1163 524 1206; x_wconf 92' lang='lat' dir='ltr'>sub</span> <span class='ocrx_word' id='word_1_108' title='bbox 549 1163 694 1217; x_wconf 91' lang='lat' dir='ltr'>pallio</span> <span class='ocrx_word' id='word_1_109' title='bbox 718 1161 931 1216; x_wconf 86' lang='lat' dir='ltr'>prefatus</span> <span class='ocrx_word' id='word_1_110' title='bbox 955 1161 996 1203; x_wconf 93' lang='lat' dir='ltr'>d.</span> <span class='ocrx_word' id='word_1_111' title='bbox 1022 1163 1182 1203; x_wconf 89' lang='lat' dir='ltr'>noster</span> <span class='ocrx_word' id='word_1_112' title='bbox 1206 1172 1327 1214; x_wconf 90' lang='lat' dir='ltr'>papa</span> <span class='ocrx_word' id='word_1_113' title='bbox 1352 1171 1523 1212; x_wconf 91' lang='lat' dir='ltr'>equum</span> <span class='ocrx_word' id='word_1_114' title='bbox 1550 1159 1705 1201; x_wconf 91' lang='lat' dir='ltr'>album</span> <span class='ocrx_word' id='word_1_115' title='bbox 1731 1156 1856 1211; x_wconf 91' lang='lat' dir='ltr'>equi-</span> 
     </span>
     <span class='ocr_line' id='line_1_15' title="bbox 89 1229 1856 1288; baseline -0.005 -10"><span class='ocrx_word' id='word_1_116' title='bbox 89 1238 191 1278; x_wconf 89' lang='lat' dir='ltr'>tans</span> <span class='ocrx_word' id='word_1_117' title='bbox 222 1235 462 1288; x_wconf 88' lang='lat' dir='ltr'>ingressus</span> <span class='ocrx_word' id='word_1_118' title='bbox 493 1238 563 1277; x_wconf 91' lang='lat' dir='ltr'>est</span> <span class='ocrx_word' id='word_1_119' title='bbox 593 1237 637 1275; x_wconf 88' lang='lat' dir='ltr'>et</span> <span class='ocrx_word' id='word_1_120' title='bbox 669 1247 694 1276; x_wconf 88' lang='lat' dir='ltr'>a</span> <span class='ocrx_word' id='word_1_121' title='bbox 725 1233 946 1286; x_wconf 87' lang='lat' dir='ltr'>magistro</span> <span class='ocrx_word' id='word_1_122' title='bbox 975 1231 1142 1273; x_wconf 83' lang='lat' dir='ltr'>civium</span> <span class='ocrx_word' id='word_1_123' title='bbox 1174 1234 1219 1273; x_wconf 90' lang='lat' dir='ltr'>et</span> <span class='ocrx_word' id='word_1_124' title='bbox 1250 1230 1517 1272; x_wconf 86' lang='lat' dir='ltr'>consulibus</span> <span class='ocrx_word' id='word_1_125' title='bbox 1547 1229 1856 1283; x_wconf 90' lang='lat' dir='ltr'>pluribusque</span> 
     </span>
    </p>
   </div>
   <div class='ocr_carea' id='block_1_5' title="bbox 9 1299 1857 1357">
    <p class='ocr_par' dir='ltr' id='par_1_6' title="bbox 9 1299 1857 1357">
     <span class='ocr_line' id='line_1_16' title="bbox 9 1299 1857 1357; baseline -0.005 -7"><span class='ocrx_word' id='word_1_126' title='bbox 9 1335 18 1341; x_wconf 92' lang='lat'>-</span> <span class='ocrx_word' id='word_1_127' title='bbox 92 1306 196 1350; x_wconf 88' lang='lat' dir='ltr'>aliis</span> <span class='ocrx_word' id='word_1_128' title='bbox 218 1305 444 1349; x_wconf 88' lang='lat' dir='ltr'>militibus</span> <span class='ocrx_word' id='word_1_129' title='bbox 468 1308 512 1347; x_wconf 92' lang='lat' dir='ltr'>et</span> <span class='ocrx_word' id='word_1_130' title='bbox 534 1304 771 1347; x_wconf 87' lang='lat' dir='ltr'>nobilibus</span> <span class='ocrx_word' id='word_1_131' title='bbox 795 1303 1031 1357; x_wconf 88' lang='lat' dir='ltr'>peditibus</span> <span class='ocrx_word' id='word_1_132' title='bbox 1054 1302 1250 1344; x_wconf 88' lang='lat' dir='ltr'>civitatis</span> <span class='ocrx_word' id='word_1_133' title='bbox 1276 1300 1550 1344; x_wconf 90' lang='lat' dir='ltr'>Constancie</span> <span class='ocrx_word' id='word_1_134' title='bbox 1575 1313 1600 1342; x_wconf 92' lang='lat' dir='ltr'>a</span> <span class='ocrx_word' id='word_1_135' title='bbox 1625 1299 1743 1342; x_wconf 89' lang='lat' dir='ltr'>dicto</span> <span class='ocrx_word' id='word_1_136' title='bbox 1766 1311 1857 1341; x_wconf 92' lang='lat' dir='ltr'>mo-</span> 
     </span>
    </p>
   </div>
   <div class='ocr_carea' id='block_1_6' title="bbox 67 1370 1870 3054">
    <p class='ocr_par' dir='ltr' id='par_1_7' title="bbox 91 1370 1860 1714">
     <span class='ocr_line' id='line_1_17' title="bbox 91 1370 1857 1431; baseline -0.006 -11"><span class='ocrx_word' id='word_1_137' title='bbox 91 1376 295 1420; x_wconf 91' lang='lat' dir='ltr'>nasterio</span> <span class='ocrx_word' id='word_1_138' title='bbox 321 1389 408 1431; x_wconf 94' lang='lat' dir='ltr'>per</span> <span class='ocrx_word' id='word_1_139' title='bbox 433 1376 643 1418; x_wconf 85' lang='lat' dir='ltr'>habenas</span> <span class='ocrx_word' id='word_1_140' title='bbox 671 1375 779 1428; x_wconf 91' lang='lat' dir='ltr'>equi</span> <span class='ocrx_word' id='word_1_141' title='bbox 807 1374 1102 1417; x_wconf 86' lang='lat' dir='ltr'>adexstratus</span> <span class='ocrx_word' id='word_1_142' title='bbox 1130 1377 1176 1415; x_wconf 89' lang='lat' dir='ltr'>et</span> <span class='ocrx_word' id='word_1_143' title='bbox 1203 1373 1260 1415; x_wconf 88' lang='lat' dir='ltr'>ab</span> <span class='ocrx_word' id='word_1_144' title='bbox 1285 1371 1506 1425; x_wconf 91' lang='lat' dir='ltr'>episcopo</span> <span class='ocrx_word' id='word_1_145' title='bbox 1533 1374 1578 1413; x_wconf 91' lang='lat' dir='ltr'>et</span> <span class='ocrx_word' id='word_1_146' title='bbox 1604 1370 1730 1412; x_wconf 89' lang='lat' dir='ltr'>clero</span> <span class='ocrx_word' id='word_1_147' title='bbox 1756 1381 1857 1411; x_wconf 90' lang='lat' dir='ltr'>cum</span> 
     </span>
     <span class='ocr_line' id='line_1_18' title="bbox 94 1439 1857 1501; baseline -0.005 -11"><span class='ocrx_word' id='word_1_148' title='bbox 94 1446 303 1501; x_wconf 88' lang='lat' dir='ltr'>reliquiis</span> <span class='ocrx_word' id='word_1_149' title='bbox 335 1450 380 1489; x_wconf 89' lang='lat' dir='ltr'>et</span> <span class='ocrx_word' id='word_1_150' title='bbox 413 1447 519 1489; x_wconf 89' lang='lat' dir='ltr'>aliis</span> <span class='ocrx_word' id='word_1_151' title='bbox 553 1445 839 1488; x_wconf 88' lang='lat' dir='ltr'>ornamentis</span> <span class='ocrx_word' id='word_1_152' title='bbox 873 1443 1212 1497; x_wconf 88' lang='lat' dir='ltr'>ecclesiasticis,</span> <span class='ocrx_word' id='word_1_153' title='bbox 1244 1446 1293 1485; x_wconf 91' lang='lat' dir='ltr'>ut</span> <span class='ocrx_word' id='word_1_154' title='bbox 1326 1446 1397 1485; x_wconf 91' lang='lat' dir='ltr'>est</span> <span class='ocrx_word' id='word_1_155' title='bbox 1429 1442 1585 1494; x_wconf 89' lang='lat' dir='ltr'>moris,</span> <span class='ocrx_word' id='word_1_156' title='bbox 1618 1453 1766 1494; x_wconf 89' lang='lat' dir='ltr'>usque</span> <span class='ocrx_word' id='word_1_157' title='bbox 1801 1439 1857 1482; x_wconf 90' lang='lat' dir='ltr'>ad</span> 
     </span>
     <span class='ocr_line' id='line_1_19' title="bbox 93 1510 1860 1561; baseline -0.005 0"><span class='ocrx_word' id='word_1_158' title='bbox 93 1518 336 1561; x_wconf 89' lang='lat' dir='ltr'>ecclesiam</span> <span class='ocrx_word' id='word_1_159' title='bbox 358 1517 673 1560; x_wconf 86' lang='lat' dir='ltr'>cathedralem</span> <span class='ocrx_word' id='word_1_160' title='bbox 698 1516 897 1560; x_wconf 89' lang='lat' dir='ltr'>sociatus</span> <span class='ocrx_word' id='word_1_161' title='bbox 919 1519 963 1558; x_wconf 94' lang='lat' dir='ltr'>et</span> <span class='ocrx_word' id='word_1_162' title='bbox 986 1514 1246 1557; x_wconf 84' lang='lat' dir='ltr'>honorifice</span> <span class='ocrx_word' id='word_1_163' title='bbox 1269 1513 1519 1556; x_wconf 87' lang='lat' dir='ltr'>conductus</span> <span class='ocrx_word' id='word_1_164' title='bbox 1542 1515 1626 1554; x_wconf 90' lang='lat' dir='ltr'>est.</span> <span class='ocrx_word' id='word_1_165' title='bbox 1664 1510 1860 1553; x_wconf 91' lang='lat' dir='ltr'>Ibidem-</span> 
     </span>
     <span class='ocr_line' id='line_1_20' title="bbox 93 1580 1860 1648; baseline -0.005 -16"><span class='ocrx_word' id='word_1_166' title='bbox 93 1601 181 1643; x_wconf 89' lang='lat' dir='ltr'>que</span> <span class='ocrx_word' id='word_1_167' title='bbox 215 1587 507 1648; x_wconf 86' lang='lat' dir='ltr'>descendens</span> <span class='ocrx_word' id='word_1_168' title='bbox 539 1588 712 1642; x_wconf 91' lang='lat' dir='ltr'>populo</span> <span class='ocrx_word' id='word_1_169' title='bbox 745 1586 987 1629; x_wconf 85' lang='lat' dir='ltr'>benedixit</span> <span class='ocrx_word' id='word_1_170' title='bbox 1019 1589 1064 1628; x_wconf 87' lang='lat' dir='ltr'>et</span> <span class='ocrx_word' id='word_1_171' title='bbox 1097 1588 1200 1639; x_wconf 89' lang='lat' dir='ltr'>post</span> <span class='ocrx_word' id='word_1_172' title='bbox 1232 1583 1497 1638; x_wconf 90' lang='lat' dir='ltr'>episcopale</span> <span class='ocrx_word' id='word_1_173' title='bbox 1531 1581 1762 1637; x_wconf 87' lang='lat' dir='ltr'>palacium</span> <span class='ocrx_word' id='word_1_174' title='bbox 1795 1580 1860 1624; x_wconf 90' lang='lat' dir='ltr'>in-</span> 
     </span>
     <span class='ocr_line' id='line_1_21' title="bbox 94 1663 393 1714; baseline 0 -12"><span class='ocrx_word' id='word_1_175' title='bbox 94 1672 282 1714; x_wconf 86' lang='lat' dir='ltr'>gressus</span> <span class='ocrx_word' id='word_1_176' title='bbox 309 1663 393 1702; x_wconf 88' lang='lat' dir='ltr'>est.</span> 
     </span>
    </p>

    <p class='ocr_par' dir='ltr' id='par_1_8' title="bbox 97 1723 1868 2562">
     <span class='ocr_line' id='line_1_22' title="bbox 211 1723 1861 1779; baseline -0.006 -5"><span class='ocrx_word' id='word_1_177' title='bbox 211 1730 297 1774; x_wconf 93' lang='lat' dir='ltr'>Die</span> <span class='ocrx_word' id='word_1_178' title='bbox 331 1730 549 1773; x_wconf 91' lang='lat' dir='ltr'>mercurii</span> <span class='ocrx_word' id='word_1_179' title='bbox 584 1729 744 1772; x_wconf 90' lang='lat' dir='ltr'>ultima</span> <span class='ocrx_word' id='word_1_180' title='bbox 780 1729 954 1770; x_wconf 86' lang='lat' dir='ltr'>mensis</span> <span class='ocrx_word' id='word_1_181' title='bbox 990 1726 1211 1779; x_wconf 89' lang='lat' dir='ltr'>Octobris,</span> <span class='ocrx_word' id='word_1_182' title='bbox 1248 1726 1294 1768; x_wconf 92' lang='lat' dir='ltr'>in</span> <span class='ocrx_word' id='word_1_183' title='bbox 1329 1738 1419 1779; x_wconf 89' lang='lat' dir='ltr'>qua</span> <span class='ocrx_word' id='word_1_184' title='bbox 1455 1724 1543 1767; x_wconf 83' lang='lat' dir='ltr'>fuit</span> <span class='ocrx_word' id='word_1_185' title='bbox 1576 1723 1735 1777; x_wconf 84' lang='lat' dir='ltr'>vigilia</span> <span class='ocrx_word' id='word_1_186' title='bbox 1770 1735 1861 1765; x_wconf 92' lang='lat' dir='ltr'>om-</span> 
     </span>
     <span class='ocr_line' id='line_1_23' title="bbox 97 1792 1863 1853; baseline -0.006 -9"><span class='ocrx_word' id='word_1_187' title='bbox 97 1801 221 1844; x_wconf 88' lang='lat' dir='ltr'>nium</span> <span class='ocrx_word' id='word_1_188' title='bbox 247 1804 524 1853; x_wconf 86' lang='lat' dir='ltr'>sanctorum,</span> <span class='ocrx_word' id='word_1_189' title='bbox 550 1800 591 1842; x_wconf 94' lang='lat' dir='ltr'>d.</span> <span class='ocrx_word' id='word_1_190' title='bbox 618 1802 777 1842; x_wconf 91' lang='lat' dir='ltr'>noster</span> <span class='ocrx_word' id='word_1_191' title='bbox 802 1811 924 1852; x_wconf 91' lang='lat' dir='ltr'>papa</span> <span class='ocrx_word' id='word_1_192' title='bbox 949 1797 1189 1840; x_wconf 82' lang='lat' dir='ltr'>Johannes</span> <span class='ocrx_word' id='word_1_193' title='bbox 1214 1796 1387 1838; x_wconf 92' lang='lat' dir='ltr'><strong>XXIII.</strong></span> <span class='ocrx_word' id='word_1_194' title='bbox 1415 1795 1461 1837; x_wconf 92' lang='lat' dir='ltr'>in</span> <span class='ocrx_word' id='word_1_195' title='bbox 1488 1794 1686 1837; x_wconf 91' lang='lat' dir='ltr'>ecclesia</span> <span class='ocrx_word' id='word_1_196' title='bbox 1712 1792 1863 1836; x_wconf 89' lang='lat' dir='ltr'>cathe-</span> 
     </span>
     <span class='ocr_line' id='line_1_24' title="bbox 97 1865 1863 1923; baseline -0.006 -7"><span class='ocrx_word' id='word_1_197' title='bbox 97 1872 214 1916; x_wconf 88' lang='lat' dir='ltr'>drali</span> <span class='ocrx_word' id='word_1_198' title='bbox 266 1871 617 1915; x_wconf 88' lang='lat' dir='ltr'>Constanciensi</span> <span class='ocrx_word' id='word_1_199' title='bbox 668 1882 892 1923; x_wconf 88' lang='lat' dir='ltr'>vesperas</span> <span class='ocrx_word' id='word_1_200' title='bbox 941 1868 1277 1923; x_wconf 85' lang='lat' dir='ltr'>pontificaliter</span> <span class='ocrx_word' id='word_1_201' title='bbox 1326 1865 1593 1908; x_wconf 89' lang='lat' dir='ltr'>celebravit.</span> <span class='ocrx_word' id='word_1_202' title='bbox 1656 1865 1711 1907; x_wconf 88' lang='lat' dir='ltr'>Et</span> <span class='ocrx_word' id='word_1_203' title='bbox 1760 1866 1863 1917; x_wconf 88' lang='lat' dir='ltr'>post</span> 
     </span>
     <span class='ocr_line' id='line_1_25' title="bbox 100 1935 1863 1998; baseline -0.005 -14"><span class='ocrx_word' id='word_1_204' title='bbox 100 1955 335 1998; x_wconf 86' lang='lat' dir='ltr'>vesperas,</span> <span class='ocrx_word' id='word_1_205' title='bbox 379 1942 486 1997; x_wconf 89' lang='lat' dir='ltr'>quia</span> <span class='ocrx_word' id='word_1_206' title='bbox 532 1943 656 1984; x_wconf 90' lang='lat' dir='ltr'>iuxta</span> <span class='ocrx_word' id='word_1_207' title='bbox 702 1953 877 1983; x_wconf 91' lang='lat' dir='ltr'>morem</span> <span class='ocrx_word' id='word_1_208' title='bbox 921 1940 1126 1982; x_wconf 90' lang='lat' dir='ltr'>Romane</span> <span class='ocrx_word' id='word_1_209' title='bbox 1172 1938 1298 1980; x_wconf 90' lang='lat' dir='ltr'>curie</span> <span class='ocrx_word' id='word_1_210' title='bbox 1342 1938 1430 1979; x_wconf 82' lang='lat' dir='ltr'>fuit</span> <span class='ocrx_word' id='word_1_211' title='bbox 1473 1939 1607 1990; x_wconf 89' lang='lat' dir='ltr'>potus</span> <span class='ocrx_word' id='word_1_212' title='bbox 1653 1937 1698 1977; x_wconf 91' lang='lat' dir='ltr'>in</span> <span class='ocrx_word' id='word_1_213' title='bbox 1743 1935 1863 1986; x_wconf 80' lang='lat' dir='ltr'>aula,</span> 
     </span>
     <span class='ocr_line' id='line_1_26' title="bbox 100 2006 1864 2068; baseline -0.006 -11"><span class='ocrx_word' id='word_1_214' title='bbox 100 2017 278 2068; x_wconf 88' lang='lat' dir='ltr'>sumpto</span> <span class='ocrx_word' id='word_1_215' title='bbox 308 2016 417 2068; x_wconf 84' lang='lat' dir='ltr'>potu</span> <span class='ocrx_word' id='word_1_216' title='bbox 451 2013 548 2056; x_wconf 85' lang='lat' dir='ltr'>sive</span> <span class='ocrx_word' id='word_1_217' title='bbox 581 2012 832 2055; x_wconf 86' lang='lat' dir='ltr'>collacione</span> <span class='ocrx_word' id='word_1_218' title='bbox 867 2011 967 2064; x_wconf 90' lang='lat' dir='ltr'>ipse</span> <span class='ocrx_word' id='word_1_219' title='bbox 999 2010 1040 2052; x_wconf 94' lang='lat' dir='ltr'>d.</span> <span class='ocrx_word' id='word_1_220' title='bbox 1073 2012 1232 2052; x_wconf 86' lang='lat' dir='ltr'>noster</span> <span class='ocrx_word' id='word_1_221' title='bbox 1265 2021 1386 2062; x_wconf 90' lang='lat' dir='ltr'>papa</span> <span class='ocrx_word' id='word_1_222' title='bbox 1418 2019 1604 2050; x_wconf 91' lang='lat' dir='ltr'>causam</span> <span class='ocrx_word' id='word_1_223' title='bbox 1638 2006 1864 2049; x_wconf 85' lang='lat' dir='ltr'>adventus</span> 
     </span>
     <span class='ocr_line' id='line_1_27' title="bbox 100 2075 1865 2133; baseline -0.006 -5"><span class='ocrx_word' id='word_1_224' title='bbox 100 2085 168 2127; x_wconf 92' lang='lat' dir='ltr'>sui</span> <span class='ocrx_word' id='word_1_225' title='bbox 197 2085 255 2128; x_wconf 93' lang='lat' dir='ltr'>ad</span> <span class='ocrx_word' id='word_1_226' title='bbox 282 2086 513 2127; x_wconf 90' lang='lat' dir='ltr'>civitatem</span> <span class='ocrx_word' id='word_1_227' title='bbox 541 2083 815 2126; x_wconf 89' lang='lat' dir='ltr'>Constancie</span> <span class='ocrx_word' id='word_1_228' title='bbox 847 2081 1003 2123; x_wconf 79' lang='lat' dir='ltr'>revmis</span> <span class='ocrx_word' id='word_1_229' title='bbox 1032 2081 1079 2122; x_wconf 92' lang='lat' dir='ltr'>in</span> <span class='ocrx_word' id='word_1_230' title='bbox 1108 2080 1213 2122; x_wconf 92' lang='lat' dir='ltr'>Chr.</span> <span class='ocrx_word' id='word_1_231' title='bbox 1243 2093 1285 2133; x_wconf 93' lang='lat' dir='ltr'>p.</span> <span class='ocrx_word' id='word_1_232' title='bbox 1316 2079 1357 2121; x_wconf 91' lang='lat' dir='ltr'>d.</span> <span class='ocrx_word' id='word_1_233' title='bbox 1387 2082 1542 2121; x_wconf 89' lang='lat' dir='ltr'>sancte</span> <span class='ocrx_word' id='word_1_234' title='bbox 1571 2077 1620 2119; x_wconf 83' lang='lat' dir='ltr'>R.</span> <span class='ocrx_word' id='word_1_235' title='bbox 1651 2089 1690 2119; x_wconf 92' lang='lat' dir='ltr'>e.</span> <span class='ocrx_word' id='word_1_236' title='bbox 1719 2075 1865 2118; x_wconf 92' lang='lat' dir='ltr'>cardi-</span> 
     </span>
     <span class='ocr_line' id='line_1_28' title="bbox 102 2148 1866 2209; baseline -0.006 -12"><span class='ocrx_word' id='word_1_237' title='bbox 102 2155 284 2199; x_wconf 91' lang='lat' dir='ltr'>nalibus</span> <span class='ocrx_word' id='word_1_238' title='bbox 307 2158 352 2198; x_wconf 95' lang='lat' dir='ltr'>et</span> <span class='ocrx_word' id='word_1_239' title='bbox 375 2155 481 2198; x_wconf 90' lang='lat' dir='ltr'>aliis</span> <span class='ocrx_word' id='word_1_240' title='bbox 505 2155 701 2209; x_wconf 86' lang='lat' dir='ltr'>prelatis</span> <span class='ocrx_word' id='word_1_241' title='bbox 724 2156 768 2196; x_wconf 92' lang='lat' dir='ltr'>et</span> <span class='ocrx_word' id='word_1_242' title='bbox 793 2151 1172 2207; x_wconf 88' lang='lat' dir='ltr'>procuratoribus</span> <span class='ocrx_word' id='word_1_243' title='bbox 1197 2150 1488 2193; x_wconf 89' lang='lat' dir='ltr'>dominorum</span> <span class='ocrx_word' id='word_1_244' title='bbox 1512 2160 1605 2191; x_wconf 93' lang='lat' dir='ltr'>non</span> <span class='ocrx_word' id='word_1_245' title='bbox 1630 2148 1675 2189; x_wconf 93' lang='lat' dir='ltr'>in</span> <span class='ocrx_word' id='word_1_246' title='bbox 1701 2158 1866 2199; x_wconf 85' lang='lat' dir='ltr'>magno</span> 
     </span>
     <span class='ocr_line' id='line_1_29' title="bbox 102 2218 1865 2276; baseline -0.005 -9"><span class='ocrx_word' id='word_1_247' title='bbox 102 2237 292 2269; x_wconf 92' lang='lat' dir='ltr'>numero</span> <span class='ocrx_word' id='word_1_248' title='bbox 337 2225 509 2268; x_wconf 89' lang='lat' dir='ltr'>ibidem</span> <span class='ocrx_word' id='word_1_249' title='bbox 554 2224 864 2267; x_wconf 89' lang='lat' dir='ltr'>existentibus</span> <span class='ocrx_word' id='word_1_250' title='bbox 910 2223 1126 2276; x_wconf 88' lang='lat' dir='ltr'>exposuit</span> <span class='ocrx_word' id='word_1_251' title='bbox 1172 2221 1228 2263; x_wconf 91' lang='lat' dir='ltr'>ab</span> <span class='ocrx_word' id='word_1_252' title='bbox 1273 2221 1435 2273; x_wconf 91' lang='lat' dir='ltr'>eisque</span> <span class='ocrx_word' id='word_1_253' title='bbox 1483 2218 1737 2262; x_wconf 84' lang='lat' dir='ltr'>sciscitatus</span> <span class='ocrx_word' id='word_1_254' title='bbox 1783 2218 1865 2268; x_wconf 82' lang='lat' dir='ltr'>est,</span> 
     </span>
     <span class='ocr_line' id='line_1_30' title="bbox 103 2286 1867 2350; baseline -0.006 -10"><span class='ocrx_word' id='word_1_255' title='bbox 103 2296 284 2350; x_wconf 91' lang='lat' dir='ltr'>quando</span> <span class='ocrx_word' id='word_1_256' title='bbox 314 2296 551 2339; x_wconf 88' lang='lat' dir='ltr'>videretur</span> <span class='ocrx_word' id='word_1_257' title='bbox 579 2295 771 2347; x_wconf 87' lang='lat' dir='ltr'>eisdem,</span> <span class='ocrx_word' id='word_1_258' title='bbox 802 2294 925 2348; x_wconf 92' lang='lat' dir='ltr'>quod</span> <span class='ocrx_word' id='word_1_259' title='bbox 952 2292 1196 2335; x_wconf 91' lang='lat' dir='ltr'>concilium</span> <span class='ocrx_word' id='word_1_260' title='bbox 1230 2291 1435 2333; x_wconf 90' lang='lat' dir='ltr'>inchoari</span> <span class='ocrx_word' id='word_1_261' title='bbox 1466 2293 1511 2332; x_wconf 92' lang='lat' dir='ltr'>et</span> <span class='ocrx_word' id='word_1_262' title='bbox 1539 2289 1689 2343; x_wconf 89' lang='lat' dir='ltr'>prima</span> <span class='ocrx_word' id='word_1_263' title='bbox 1720 2286 1867 2331; x_wconf 88' lang='lat' dir='ltr'>sessio</span> 
     </span>
     <span class='ocr_line' id='line_1_31' title="bbox 104 2356 1867 2419; baseline -0.006 -9"><span class='ocrx_word' id='word_1_264' title='bbox 104 2366 209 2410; x_wconf 86' lang='lat' dir='ltr'>fieri</span> <span class='ocrx_word' id='word_1_265' title='bbox 249 2367 455 2410; x_wconf 90' lang='lat' dir='ltr'>deberet.</span> <span class='ocrx_word' id='word_1_266' title='bbox 509 2367 727 2419; x_wconf 90' lang='lat' dir='ltr'>Tuncque</span> <span class='ocrx_word' id='word_1_267' title='bbox 770 2376 1046 2418; x_wconf 88' lang='lat' dir='ltr'>responsum</span> <span class='ocrx_word' id='word_1_268' title='bbox 1087 2366 1172 2416; x_wconf 83' lang='lat' dir='ltr'>est,</span> <span class='ocrx_word' id='word_1_269' title='bbox 1213 2361 1335 2415; x_wconf 92' lang='lat' dir='ltr'>quod</span> <span class='ocrx_word' id='word_1_270' title='bbox 1376 2361 1547 2403; x_wconf 90' lang='lat' dir='ltr'>bonum</span> <span class='ocrx_word' id='word_1_271' title='bbox 1590 2362 1703 2412; x_wconf 86' lang='lat' dir='ltr'>erat,</span> <span class='ocrx_word' id='word_1_272' title='bbox 1745 2356 1867 2411; x_wconf 91' lang='lat' dir='ltr'>quod</span> 
     </span>
     <span class='ocr_line' id='line_1_32' title="bbox 104 2430 1867 2491; baseline -0.006 -10"><span class='ocrx_word' id='word_1_273' title='bbox 104 2449 249 2491; x_wconf 89' lang='lat' dir='ltr'>usque</span> <span class='ocrx_word' id='word_1_274' title='bbox 282 2438 329 2480; x_wconf 93' lang='lat' dir='ltr'>in</span> <span class='ocrx_word' id='word_1_275' title='bbox 363 2438 613 2480; x_wconf 89' lang='lat' dir='ltr'>crastinum</span> <span class='ocrx_word' id='word_1_276' title='bbox 650 2436 817 2490; x_wconf 91' lang='lat' dir='ltr'>prelati</span> <span class='ocrx_word' id='word_1_277' title='bbox 854 2447 996 2488; x_wconf 91' lang='lat' dir='ltr'>super</span> <span class='ocrx_word' id='word_1_278' title='bbox 1029 2435 1114 2476; x_wconf 91' lang='lat' dir='ltr'>hoc</span> <span class='ocrx_word' id='word_1_279' title='bbox 1148 2432 1480 2474; x_wconf 89' lang='lat' dir='ltr'>deliberarent.</span> <span class='ocrx_word' id='word_1_280' title='bbox 1527 2430 1656 2482; x_wconf 89' lang='lat' dir='ltr'>Quod</span> <span class='ocrx_word' id='word_1_281' title='bbox 1690 2440 1867 2472; x_wconf 91' lang='lat' dir='ltr'>summo</span> 
     </span>
     <span class='ocr_line' id='line_1_33' title="bbox 105 2500 1868 2562; baseline -0.007 -10"><span class='ocrx_word' id='word_1_282' title='bbox 105 2508 311 2562; x_wconf 81' lang='lat' dir='ltr'>pontifici</span> <span class='ocrx_word' id='word_1_283' title='bbox 334 2509 519 2562; x_wconf 90' lang='lat' dir='ltr'>placuit.</span> <span class='ocrx_word' id='word_1_284' title='bbox 555 2508 644 2550; x_wconf 91' lang='lat' dir='ltr'>Pro</span> <span class='ocrx_word' id='word_1_285' title='bbox 667 2509 799 2560; x_wconf 89' lang='lat' dir='ltr'>parte</span> <span class='ocrx_word' id='word_1_286' title='bbox 825 2507 963 2560; x_wconf 87' lang='lat' dir='ltr'>igitur</span> <span class='ocrx_word' id='word_1_287' title='bbox 987 2504 1028 2546; x_wconf 91' lang='lat' dir='ltr'>d.</span> <span class='ocrx_word' id='word_1_288' title='bbox 1054 2503 1213 2546; x_wconf 83' lang='lat' dir='ltr'>Jacobi</span> <span class='ocrx_word' id='word_1_289' title='bbox 1238 2502 1444 2556; x_wconf 90' lang='lat' dir='ltr'>episcopi</span> <span class='ocrx_word' id='word_1_290' title='bbox 1469 2500 1699 2543; x_wconf 85' lang='lat' dir='ltr'>Lunensis</span> <span class='ocrx_word' id='word_1_291' title='bbox 1722 2510 1868 2542; x_wconf 91' lang='lat' dir='ltr'>came-</span> 
     </span>
    </p>

    <p class='ocr_par' dir='ltr' id='par_1_9' title="bbox 67 2570 1870 2833">
     <span class='ocr_line' id='line_1_34' title="bbox 108 2570 1868 2633; baseline -0.006 -12"><span class='ocrx_word' id='word_1_292' title='bbox 108 2591 203 2621; x_wconf 88' lang='lat' dir='ltr'>ram</span> <span class='ocrx_word' id='word_1_293' title='bbox 244 2578 448 2633; x_wconf 86' lang='lat' dir='ltr'>regentis</span> <span class='ocrx_word' id='word_1_294' title='bbox 488 2581 758 2632; x_wconf 90' lang='lat' dir='ltr'>preceptum</span> <span class='ocrx_word' id='word_1_295' title='bbox 801 2580 872 2618; x_wconf 87' lang='lat' dir='ltr'>est</span> <span class='ocrx_word' id='word_1_296' title='bbox 911 2575 1126 2618; x_wconf 89' lang='lat' dir='ltr'>omnibus</span> <span class='ocrx_word' id='word_1_297' title='bbox 1167 2573 1362 2628; x_wconf 91' lang='lat' dir='ltr'>prelatis</span> <span class='ocrx_word' id='word_1_298' title='bbox 1404 2576 1449 2615; x_wconf 93' lang='lat' dir='ltr'>et</span> <span class='ocrx_word' id='word_1_299' title='bbox 1489 2570 1868 2626; x_wconf 89' lang='lat' dir='ltr'>procuratoribus</span> 
     </span>
     <span class='ocr_line' id='line_1_35' title="bbox 67 2640 1869 2694; baseline -0.006 -3"><span class='ocrx_word' id='word_1_300' title='bbox 67 2642 73 2648; x_wconf 78' lang='grc'><strong>’</strong></span> <span class='ocrx_word' id='word_1_301' title='bbox 107 2648 392 2692; x_wconf 90' lang='lat' dir='ltr'>dominorum</span> <span class='ocrx_word' id='word_1_302' title='bbox 430 2649 475 2691; x_wconf 92' lang='lat' dir='ltr'>in</span> <span class='ocrx_word' id='word_1_303' title='bbox 514 2661 645 2691; x_wconf 90' lang='lat' dir='ltr'>sacro</span> <span class='ocrx_word' id='word_1_304' title='bbox 681 2647 874 2690; x_wconf 89' lang='lat' dir='ltr'>concilio</span> <span class='ocrx_word' id='word_1_305' title='bbox 910 2645 1255 2689; x_wconf 87' lang='lat' dir='ltr'>Constantiensi</span> <span class='ocrx_word' id='word_1_306' title='bbox 1294 2643 1616 2694; x_wconf 87' lang='lat' dir='ltr'>existentibus,</span> <span class='ocrx_word' id='word_1_307' title='bbox 1653 2640 1869 2694; x_wconf 88' lang='lat' dir='ltr'>quatinus</span> 
     </span>
     <span class='ocr_line' id='line_1_36' title="bbox 109 2710 1870 2771; baseline -0.005 -11"><span class='ocrx_word' id='word_1_308' title='bbox 109 2718 155 2761; x_wconf 93' lang='lat' dir='ltr'>in</span> <span class='ocrx_word' id='word_1_309' title='bbox 180 2720 427 2763; x_wconf 88' lang='lat' dir='ltr'>crastinum</span> <span class='ocrx_word' id='word_1_310' title='bbox 457 2719 502 2761; x_wconf 92' lang='lat' dir='ltr'>in</span> <span class='ocrx_word' id='word_1_311' title='bbox 531 2731 698 2762; x_wconf 91' lang='lat' dir='ltr'>aurora</span> <span class='ocrx_word' id='word_1_312' title='bbox 729 2719 774 2760; x_wconf 93' lang='lat' dir='ltr'>in</span> <span class='ocrx_word' id='word_1_313' title='bbox 802 2716 981 2771; x_wconf 90' lang='lat' dir='ltr'>palacio</span> <span class='ocrx_word' id='word_1_314' title='bbox 1011 2715 1262 2770; x_wconf 90' lang='lat' dir='ltr'>apostolico</span> <span class='ocrx_word' id='word_1_315' title='bbox 1290 2727 1376 2768; x_wconf 91' lang='lat' dir='ltr'>pro</span> <span class='ocrx_word' id='word_1_316' title='bbox 1401 2711 1665 2755; x_wconf 91' lang='lat' dir='ltr'>huiusmodi</span> <span class='ocrx_word' id='word_1_317' title='bbox 1695 2710 1870 2753; x_wconf 90' lang='lat' dir='ltr'>delibe-</span> 
     </span>
     <span class='ocr_line' id='line_1_37' title="bbox 111 2789 848 2833; baseline -0.003 -2"><span class='ocrx_word' id='word_1_318' title='bbox 111 2790 292 2833; x_wconf 89' lang='lat' dir='ltr'>racione</span> <span class='ocrx_word' id='word_1_319' title='bbox 325 2790 573 2833; x_wconf 91' lang='lat' dir='ltr'>convenire</span> <span class='ocrx_word' id='word_1_320' title='bbox 607 2789 848 2832; x_wconf 92' lang='lat' dir='ltr'>deberent.</span> 
     </span>
    </p>

    <p class='ocr_par' dir='ltr' id='par_1_10' title="bbox 111 2851 1869 3054">
     <span class='ocr_line' id='line_1_38' title="bbox 226 2851 1869 2915; baseline -0.007 -12"><span class='ocrx_word' id='word_1_321' title='bbox 226 2860 310 2904; x_wconf 92' lang='lat' dir='ltr'>Die</span> <span class='ocrx_word' id='word_1_322' title='bbox 344 2860 481 2915; x_wconf 77' lang='lat' dir='ltr'>igitur</span> <span class='ocrx_word' id='word_1_323' title='bbox 515 2861 631 2903; x_wconf 88' lang='lat' dir='ltr'>iovis</span> <span class='ocrx_word' id='word_1_324' title='bbox 664 2859 815 2913; x_wconf 90' lang='lat' dir='ltr'>prima</span> <span class='ocrx_word' id='word_1_325' title='bbox 848 2858 1023 2900; x_wconf 92' lang='lat' dir='ltr'>mensis</span> <span class='ocrx_word' id='word_1_326' title='bbox 1056 2854 1343 2907; x_wconf 89' lang='lat' dir='ltr'>Novembris,</span> <span class='ocrx_word' id='word_1_327' title='bbox 1378 2855 1424 2896; x_wconf 92' lang='lat' dir='ltr'>in</span> <span class='ocrx_word' id='word_1_328' title='bbox 1458 2866 1547 2907; x_wconf 90' lang='lat' dir='ltr'>qua</span> <span class='ocrx_word' id='word_1_329' title='bbox 1581 2852 1668 2894; x_wconf 85' lang='lat' dir='ltr'>fuit</span> <span class='ocrx_word' id='word_1_330' title='bbox 1700 2851 1869 2893; x_wconf 79' lang='lat' dir='ltr'>festum</span> 
     </span>
     <span class='ocr_line' id='line_1_39' title="bbox 111 2920 1869 2983; baseline -0.006 -11"><span class='ocrx_word' id='word_1_331' title='bbox 111 2930 311 2973; x_wconf 90' lang='lat' dir='ltr'>omnium</span> <span class='ocrx_word' id='word_1_332' title='bbox 346 2933 621 2983; x_wconf 89' lang='lat' dir='ltr'>sanctorum,</span> <span class='ocrx_word' id='word_1_333' title='bbox 658 2931 919 2972; x_wconf 89' lang='lat' dir='ltr'>lucescente</span> <span class='ocrx_word' id='word_1_334' title='bbox 956 2930 1152 2981; x_wconf 82' lang='lat' dir='ltr'>quatuor</span> <span class='ocrx_word' id='word_1_335' title='bbox 1187 2939 1245 2969; x_wconf 89' lang='lat' dir='ltr'>ex</span> <span class='ocrx_word' id='word_1_336' title='bbox 1281 2924 1438 2967; x_wconf 84' lang='lat' dir='ltr'>revmis</span> <span class='ocrx_word' id='word_1_337' title='bbox 1474 2924 1515 2965; x_wconf 93' lang='lat' dir='ltr'>d.</span> <span class='ocrx_word' id='word_1_338' title='bbox 1552 2924 1708 2965; x_wconf 91' lang='lat' dir='ltr'>sancte</span> <span class='ocrx_word' id='word_1_339' title='bbox 1743 2920 1793 2962; x_wconf 89' lang='lat' dir='ltr'>R.</span> <span class='ocrx_word' id='word_1_340' title='bbox 1830 2932 1869 2962; x_wconf 93' lang='lat' dir='ltr'>e.</span> 
     </span>
     <span class='ocr_line' id='line_1_40' title="bbox 111 2990 1869 3054; baseline -0.006 -13"><span class='ocrx_word' id='word_1_341' title='bbox 111 2999 436 3054; x_wconf 83' lang='lat' dir='ltr'>cardinalibus,</span> <span class='ocrx_word' id='word_1_342' title='bbox 468 3000 682 3043; x_wconf 89' lang='lat' dir='ltr'>videlicet</span> <span class='ocrx_word' id='word_1_343' title='bbox 713 2999 755 3042; x_wconf 93' lang='lat' dir='ltr'>d.</span> <span class='ocrx_word' id='word_1_344' title='bbox 788 2999 990 3042; x_wconf 89' lang='lat' dir='ltr'>Antonio</span> <span class='ocrx_word' id='word_1_345' title='bbox 1021 2998 1079 3040; x_wconf 94' lang='lat' dir='ltr'>de</span> <span class='ocrx_word' id='word_1_346' title='bbox 1112 2997 1327 3048; x_wconf 89' lang='lat' dir='ltr'>Challant</span> <span class='ocrx_word' id='word_1_347' title='bbox 1358 2994 1476 3038; x_wconf 86' lang='lat' dir='ltr'>tituli</span> <span class='ocrx_word' id='word_1_348' title='bbox 1509 2995 1664 3037; x_wconf 89' lang='lat' dir='ltr'>sancte</span> <span class='ocrx_word' id='word_1_349' title='bbox 1699 2990 1869 3035; x_wconf 92' lang='lat' dir='ltr'>Cecilie</span> 
     </span>
    </p>
   </div>
   <div class='ocr_carea' id='block_1_7' title="bbox 249 3072 428 3076">
    <p class='ocr_par' dir='ltr' id='par_1_11' title="bbox 249 3072 428 3076">
     <span class='ocr_line' id='line_1_41' title="bbox 249 3072 428 3076; baseline 0 0"><span class='ocrx_word' id='word_1_350' title='bbox 249 3072 428 3076; x_wconf 95' lang='lat' dir='ltr'> </span> 
     </span>
    </p>
   </div>
   <div class='ocr_carea' id='block_1_8' title="bbox 229 3093 834 3137">
    <p class='ocr_par' dir='ltr' id='par_1_12' title="bbox 229 3093 834 3137">
     <span class='ocr_line' id='line_1_42' title="bbox 229 3093 834 3137; baseline -0.003 -9"><span class='ocrx_word' id='word_1_351' title='bbox 229 3096 258 3135; x_wconf 91' lang='lat'>¹)</span> <span class='ocrx_word' id='word_1_352' title='bbox 288 3105 329 3128; x_wconf 82' lang='lat' dir='ltr'>so</span> <span class='ocrx_word' id='word_1_353' title='bbox 357 3095 394 3133; x_wconf 83' lang='lat' dir='ltr'>B,</span> <span class='ocrx_word' id='word_1_354' title='bbox 422 3095 449 3128; x_wconf 85' lang='lat' dir='ltr'><em>C</em></span> <span class='ocrx_word' id='word_1_355' title='bbox 475 3095 538 3137; x_wconf 73' lang='lat' dir='ltr'>fiir</span> <span class='ocrx_word' id='word_1_356' title='bbox 566 3093 834 3135; x_wconf 63' lang='lat' dir='ltr'>Kremlinqen.</span> 
     </span>
    </p>
   </div>
  </div>
 </body>
</html>
