2227 3434
544 169 583 204 B.
630 170 876 206 Avisamente
909 171 978 206 der
1010 169 1327 206 Reformatorien.
1735 174 1818 216 641

25 290 305 341 ·reputatus.
347 288 522 341 Excipe
550 301 720 342 parvos
749 289 1058 343 episcopatUS‚
1089 290 1167 343 qui
1197 302 1290 332 non
1320 290 1577 334 ascendunt
1606 291 1664 333 ad
1693 296 1819 344 quat-

0 391 22 413 ἱ.
50 361 154 401 tuor
178 359 212 401 C
236 358 447 401 florenos
470 362 518 401 ut
541 362 647 401 sunt
671 359 717 400 in
742 360 1005 403 civitatibus
1027 373 1120 402 non
1144 361 1417 414 insignibus.

9 432 19 452 ⁸
166 429 239 471 Ad
272 429 519 482 abbatiam,
550 430 593 471 si
627 433 699 471 est
733 434 868 482 caput
901 431 1080 473 ordinis
1115 432 1188 473 vel
1222 432 1353 485 prior
1387 432 1546 485 abbas,
1580 432 1627 473 id
1661 436 1744 486 est,
1779 434 1816 475 si

50 499 165 542 alias
186 500 365 542 habens
386 500 460 541 vel
482 500 657 542 habere
679 500 857 542 debens
876 505 1153 543 conventum
1173 502 1297 543 XXV
1319 503 1663 556 monachorum,
1682 503 1817 545 suffi-

14 558 33 567 '
47 570 136 613 ciat
170 570 364 613 licencia
399 571 446 612 in
482 571 583 612 iure
618 572 854 623 canoni00‚
889 572 964 613 vel
1001 572 1310 615 bacalariatus
1347 573 1574 616 formatus
1608 574 1655 615 in
1692 574 1816 617 theo-

0 633 182 711 {logia,
214 641 261 682 in
292 641 551 684 minoribus
578 641 763 684 audicio
793 642 1054 684 triennalis.
1098 643 1193 684 Nisi
1226 647 1352 685 esset
1384 643 1708 686 Cisterciensis
1742 645 1815 686 vel

0 703 494 767 {12Premonstratensis
535 712 728 765 ordinis,
771 713 817 753 in
859 712 1027 765 quibus
1067 717 1336 766 competens
1376 715 1673 767 grammatica
1713 728 1814 756 cum

0 774 23 809 ἕ
45 780 166 824 bona
194 781 601 824 administracione
629 782 890 837 sufficiat.³)

0 809 27 903 Ξ,
163 853 216 894 In
249 852 550 906 dignitatibus
582 853 746 906 primis
776 857 881 907 post
913 854 1246 908 pontificalem,
1281 855 1327 896 in
1360 855 1707 898 cathedralibus
1740 857 1814 898 vel

0 910 394 977 {principalibus
430 925 689 977 collegiatis
723 928 769 966 et
803 924 907 967 aliis
942 924 1315 967 iurisdiccionem
1350 926 1630 969 habentibus
1665 927 1813 969 docto-

2 987 25 1049 Ξ
44 998 174 1037 ratus
192 995 267 1036 v-el
290 994 483 1037 licencia
506 995 650 1036 divini
668 999 715 1037 et
737 995 926 1037 humani
946 995 1064 1038 ¹iuris
1085 996 1365 1049 requiratur.
1406 997 1455 1038 In
1478 997 1646 1040 ceteris
1668 997 1813 1050 digni-

43 1064 212 1107 tatibus
237 1065 444 1108 sufficiat
469 1065 805 1108 baccalariatus
827 1078 932 1107 cum
957 1066 1133 1109 lectura
1157 1067 1326 1110 trienii.

3 1191 9 1194 ῃ
162 1135 213 1177 In
243 1137 451 1189 qualibet
479 1136 678 1178 ecclesia
706 1137 963 1178 cathedrali
995 1137 1051 1179 sit
1082 1150 1174 1179 una
1203 1138 1446 1190 prebenda
1475 1151 1563 1191 pro
1591 1140 1811 1192 magistro

21 1204 88 1248 ‘in
109 1206 356 1260 theologia,
380 1206 457 1259 qui
481 1208 646 1249 saltem
669 1207 741 1249 bis
763 1207 809 1248 in
833 1207 1092 1260 septimana
1117 1209 1239 1261 legat
1262 1212 1307 1250 et
1329 1208 1583 1261 aliquando
1601 1209 1810 1262 predicet

39 1279 85 1319 et
112 1289 205 1319 una
229 1289 319 1330 =pro
347 1277 535 1320 doctore
564 1277 682 1320 iuris
710 1278 917 1319 canonici
948 1279 1021 1319 vel
1051 1278 1214 1332 civilis,
1243 1280 1322 1331 qui
1353 1279 1400 1320 in
1430 1280 1582 1322 causis
1612 1280 1809 1321 ecclesie

15 1347 319 1401 ·patrocinari
353 1350 581 1391 teneatur.
629 1349 719 1390 Nec
755 1348 861 1391 aliis
895 1348 1099 1390 conferri
1134 1350 1328 1402 possint.
1378 1350 1551 1403 Excipe
1586 1350 1809 1392 ecclesias

37 1417 265 1474 habentes
290 1418 408 1461 adeo
430 1419 700 1471 prebendas
726 1419 892 1473 exiles,
919 1422 967 1461 ut
993 1432 1085 1461 non
1112 1419 1353 1462 inveniant
1379 1420 1626 1473 doctorem,
1652 1421 1730 1474 qui
1757 1433 1807 1462 se

37 1489 147 1531 velit
178 1489 237 1532 ad
265 1489 495 1542 premissa
525 1489 748 1543 obligare.
794 1490 860 1532 De
893 1490 998 1532 aliis
1029 1503 1141 1532 vero
1170 1491 1427 1544 prebendis
1457 1495 1622 1544 quarta
1652 1490 1803 1546 pars'')

34 1559 271 1613 graduatis
303 1560 530 1602 debeatur
563 1560 610 1601 in
642 1561 875 1614 theologia
905 1560 1007 1602 iure
1041 1562 1264 1603 canonico
1294 1562 1368 1604 vel
1399 1562 1536 1604 civili.
1586 1562 1636 1603 In
1669 1563 1805 1604 colle-

9 1629 170 1683 'giatis
197 1642 312 1673 vero
339 1643 433 1673 non
462 1630 847 1685 cathedralibusss)
882 1635 1047 1684 quarta
1075 1644 1184 1685 pars
1214 1632 1440 1685 predictis
1468 1633 1542 1674 vel
1575 1633 1804 1674 medicine

34 1702 107 1743 vel
132 1701 310 1743 arcium
337 1701 558 1754 magistro
581 1700 825 1744 debeatur.

154 1771 205 1813 In
233 1772 446 1814 ecclesiis
478 1772 838 1825 parochialibus,
869 1785 958 1825 que
991 1776 1097 1815 sunt
1128 1773 1175 1814 in
1205 1773 1330 1815 villis
1362 1773 1623 1827 insignibus
1654 1778 1699 1817 et
1730 1787 1803 1816 va-

9 1841 129 1885 ·lent
156 1842 190 1885 C
216 1842 426 1885 florenos
453 1844 527 1884 vel
556 1843 677 1885 ultra
706 1844 753 1884 in
779 1843 988 1896 portatis,
1015 1844 1282 1896 requiratur
1308 1844 1502 1886 licencia
1529 1845 1646 1887 iuris
1671 1857 1804 1887 cano-

32 1912 121 1955 nici
156 1914 229 1955 vel
265 1913 415 1956 civilis
450 1917 527 1956 aut
561 1913 942 1956 baccalaureatus
975 1913 1201 1957 formatus
1232 1915 1281 1956 in
1316 1915 1563 1968 theologia.
1610 1915 1657 1958 Si
1691 1928 1802 1957 vero

32 1982 174 2026 fuerit
218 1987 353 2027 extra
399 1983 609 2038 insignes
655 1985 806 2037 villas,
855 1984 1061 2027 sufficiat
1107 1985 1279 2038 gradus
1326 1985 1708 2029 baccalaureatus
1754 1986 1801 2027 in

32 2055 244 2097 scienciis
276 2055 498 2108 predictis
527 2068 617 2097 *seu
649 2055 905 2108 magisterii
939 2055 1169 2097 medicine
1202 2057 1276 2097 vel
1311 2056 1498 2098 arcium.
1549 2056 1600 2098 In
1632 2057 1800 2099 ceteris

10 2125 377 2178 'parochialibus
427 2129 471 2168 et
522 2126 627 2168 aliis
679 2125 924 2169 beneficiis
977 2127 1243 2179 requiratur
1294 2139 1482 2180 semper
1532 2131 1800 2181 competens

30 2196 327 2248 grammatica
352 2199 398 2239 et
423 2196 514 2239 alia
543 2197 670 2239 iuxta
696 2196 1055 2250 disposicionem
1079 2197 1198 2240 iuris
1225 2198 1493 2240 communis.

147 2267 201 2309 Et
228 2279 414 2320 semper
440 2267 693 2320 graduatus
720 2280 812 2309 non
839 2267 1065 2321 graduato
1091 2268 1164 2309 vel
1194 2269 1341 2321 magis
1366 2268 1619 2321 graduatus
1647 2268 1798 2310 minus

28 2336 252 2389 graduato
276 2340 325 2379 et
353 2337 642 2390 dyocesanus
668 2350 761 2379 non
790 2337 1053 2390 dyocesano
1080 2338 1349 2391 preferatur
1376 2339 1422 2380 in
1452 2340 1552 2392 pari
1583 2338 1702 2381 data.
1745 2339 1798 2381 Et

29 2407 236 2460 predicta
275 2408 594 2462 intelligantur
631 2408 731 2450 sive
772 2421 856 2462 per
895 2409 1192 2462 eleccionem,
1231 2410 1329 2450 sive
1370 2421 1456 2462 per
1495 2409 1795 2452 collacionem

29 2480 105 2520 aut
133 2478 476 2530 promocionem
507 2479 555 2520 in
583 2479 711 2521 curia
741 2480 814 2520 vel
846 2477 1034 2533 extrafl)

258 2583 298 2627 6.
334 2584 404 2627 De
429 2584 549 2627 taxis
574 2583 876 2626 ecclesiarum
903 2584 1186 2626 reducendis
1210 2585 1268 2626 ad
1293 2584 1557 2640 ‹lebitum.¹)

144 2653 248 2697 Fuit
281 2655 570 2708 propositum
606 2658 651 2696 et
686 2654 869 2706 dictum,
905 2654 1027 2707 quod
1063 2655 1257 2697 materia
1292 2655 1339 2696 in
1375 2668 1424 2697 se
1461 2658 1561 2697 erat
1594 2655 1716 2697 bona
1750 2658 1794 2696 et

25 2725 306 2778 necessaria,
333 2724 415 2767 sed
441 2728 595 2767 tamen
621 2724 890 2767 differenda
915 2737 1063 2778 usque
1090 2737 1182 2778 quo
1205 2737 1290 2778 per
1318 2725 1401 2767 Dei
1426 2726 1628 2779 graciam
1655 2725 1793 2767 habe-

27 2796 128 2836 atur
151 2794 263 2837 unio
289 2798 334 2837 et
357 2795 522 2838 unicus
547 2795 758 2848 pontifex
786 2795 831 2836 in
860 2795 944 2837 Dei
971 2795 1221 2850 ecclesiast)

130 2915 160 2939 a)
192 2908 216 2937 S
245 2909 355 2943 fulyen
385 2916 446 2936 aus
482 2910 633 2936 threaten
666 2911 719 2936 des
752 2910 939 2937 Sana-eibers
969 2911 1019 2937 dle
1048 2910 1159 2937 Ietzten
1187 2910 1295 2937 Wurte
1322 2911 1375 2937 dee
1403 2911 1552 2937 navitatem
1575 2910 1792 2937 Absclmittes:

20 2953 269 2983 ‹baccaiariatus
305 2964 377 2983 cuin
411 2956 539 2983 lectura
571 2957 698 2990 tric-nih
741 2958 801 2984 (lua
827 2957 939 2991 ubl-isle
959 2957 1048 2990 fehlt.
1122 2957 1260 2989 1›)Fehlt
1285 2958 1316 2984 S.
1391 2958 1419 2990 c)
1454 2965 1515 2983 non
1540 2956 1624 2985 cuth.
1660 2956 1739 2990 fehlt
1760 2956 1790 2983 S.

25 2999 57 3034 d)
79 3001 107 3028 D
126 3002 210 3036 folyt
234 3004 430 3031 assumatur.
499 3008 527 3032 e)
550 3004 577 3030 E
603 3011 653 3030 um
678 3005 789 3030 li'umle
811 3011 873 3031 non
896 3004 999 3031 detur.

141 3051 174 3095 1)
198 3050 287 3087 Cod.
310 3051 356 3094 D,
377 3052 417 3094 E,
439 3051 473 3086 S.

94 3117 234 3151 Finke.
256 3120 336 3146 Acta
357 3119 489 3147 concilii
515 3119 791 3147 Coustanciensis.
814 3119 850 3146 11.
1521 3110 1572 3150 4¹1
