2102 3444
200 120 284 161 522
553 119 597 152 ΙΙ.
631 118 840 153 Abschnitt.
883 118 1088 151 Sermones
1119 117 1269 151 concilii
1299 116 1618 152 Constanciensis.

202 237 309 280 Nov.
344 237 411 279 21.
450 264 497 268 -
535 236 871 288 Philippus
918 236 985 277 cle
1043 235 1328 278 Medalia.

320 308 378 340 151-
397 308 462 340 arii
480 307 498 339 h
521 317 538 338 ιι
557 308 567 339 Ι
588 316 597 339 .·
639 306 756 339 Hnrd!
784 305 848 341 ll,
883 305 976 339 l-lss.

323 367 381 407 Iu
403 367 425 407 le
446 379 469 407 (ι
488 367 499 408 l
518 371 530 406 t
549 379 561 407 .·
600 365 809 406 Lobrede
834 364 914 417 auf
936 365 1025 406 den
1050 377 1203 407 vaauen
1227 365 1367 417 Papst
1390 365 1483 407 und
1507 364 1861 408 Glitckwunsch.

318 437 424 487 Qui
471 435 725 487 vicerit,
768 435 994 476 faCIam
1036 434 1213 476 illum
1256 435 1599 477 columnam
1639 434 1697 477 in
1737 435 1970 489 templo

206 508 309 548 Dei
354 507 514 559 (Apoc.
547 506 635 559 III)
668 539 676 547 .
712 538 721 547 .
756 539 765 547 .

201 636 307 677 Nov.
343 635 410 677 25.
449 662 496 666 —
533 634 642 677 Job
694 634 809 676 Ven
831 647 906 677 er.

317 706 376 738 151·
394 715 422 737 n·
439 706 460 738 ἱι·
477 705 496 738 h
518 715 536 737 η
555 706 564 739 ί
585 714 595 738 .·
640 704 893 748 Strallburyer
923 705 1158 740 Stmlmrclaeic
1189 706 1232 739 A.
1262 705 1306 739 A.
1339 706 1452 747 168¹)

204 810 311 852 1⁴17
347 810 452 852 Dez.
490 809 556 852 19.
595 837 643 841 —
679 810 1045 864 Anonymus.

322 880 446 913 Ter!
466 889 476 913 .·
517 880 579 913 Miz·
609 881 720 914 1:542]
743 880 768 923 f.
794 882 881 918 318,-
907 880 976 914 Pal
1000 881 1068 915 607
1092 880 1117 924 f.
1144 882 1196 915 14.

318 938 596 981 Gaudete
636 940 693 980 in
732 940 978 982 domino
1012 952 1272 993 semper.
1313 941 1380 982 Ita
1406 940 1622 983 scribitur
1647 940 1847 994 Phili-pp.
1878 940 1970 982 IIII

200 1010 489 1062 originaliter
516 1014 562 1052 et
592 1010 638 1051 in
667 1011 865 1063 epistola
895 1011 1122 1053 hodierne
1153 1012 1382 1053 dominice
1412 1012 1790 1065 transsumptive.
1834 1011 1972 1054 Pater

203 1080 480 1133 beatissime,
513 1093 690 1123 summe
723 1082 942 1125 sacerdos
971 1086 1015 1125 et
1046 1095 1156 1125 vere
1188 1082 1399 1136 pontifex
1430 1083 1636 1125 Romane
1667 1085 1712 1125 et
1740 1081 1971 1125 katholice

200 1151 409 1204 ecclesie,
439 1155 596 1204 patres
627 1153 1011 1196 reverendissimi
1042 1167 1092 1196 ac
1123 1153 1297 1196 domini
1326 1153 1590 1197 cardinales
1621 1189 1629 1196 .
1925 1164 1927 1166 ·

319 1222 423 1264 Dixi
450 1223 593 1265 tercio
619 1226 664 1265 et
687 1223 852 1266 ultimo
874 1236 980 1267 esse
1006 1224 1235 1267 obiectum
1262 1224 1579 1277 apostolicum,
1606 1225 1730 1277 quod
1754 1227 1825 1279 est
1851 1224 1971 1267 facta

204 1294 311 1335 unio
334 1293 537 1335 omnium
563 1294 866 1336 ecclesiarum
894 1296 940 1336 in
965 1295 1050 1337 hoc
1076 1308 1207 1337 sacro
1232 1295 1426 1337 concilio
1451 1329 1459 1338 .
1495 1329 1503 1337 .
1539 1329 1547 1337 .
1574 1294 1729 1337 Oritur
1753 1294 1972 1349 gaudium

202 1365 385 1405 unicum
424 1365 628 1406 omnium
667 1365 1024 1407 christianorum
1065 1400 1073 1408 .
1110 1400 1117 1408 .
1154 1400 1162 1408 .
1203 1366 1259 1408 de
1299 1366 1384 1408 hac
1410 1379 1553 1408 sacra
1591 1365 1764 1408 unione
1801 1365 1848 1408 in
1885 1365 1972 1408 hac

198 1435 408 1487 generali
439 1435 602 1477 sino-do
630 1448 765 1478 sacra
796 1436 1148 1478 Constanciensi
1182 1437 1302 1479 iacta
1332 1440 1377 1479 et
1409 1437 1465 1478 de
1498 1437 1726 1479 electione
1757 1435 1970 1479 concordi

200 1508 290 1546 tam
320 1505 465 1548 sancti
495 1506 641 1558 patris
673 1544 679 1550 .
717 1540 724 1548 .
761 1541 769 1549 .
813 1507 1000 1549 Factum
1031 1510 1101 1550 est
1130 1507 1349 1561 gaudium
1382 1508 1427 1549 in
1459 1507 1641 1550 civitate
1672 1508 1754 1550 illa
1786 1519 1972 1561 semper

202 1577 427 1618 constanti
452 1611 459 1618 .
495 1611 503 1619 .
539 1611 547 1619 .
584 1578 639 1620 Et
659 1577 705 1619 id
727 1578 946 1630 gaudium
968 1591 1053 1631 per
1075 1578 1248 1621 fideles
1270 1579 1464 1621 nuncios
1482 1579 1647 1632 *procul
1671 1582 1744 1622 est
1764 1578 1971 1621 auditum

201 1651 245 1689 et
272 1647 329 1689 ad
355 1647 478 1690 fines
505 1648 856 1692 christianitatis
882 1649 972 1691 iam
1000 1649 1102 1691 fere
1129 1652 1201 1692 est
1228 1648 1496 1703 diffusum2)
1527 1683 1536 1691 .
1572 1683 1580 1691 .
1616 1683 1624 1691 .
1663 1649 1766 1692 Jam
1791 1649 1903 1692 unio
1928 1652 1973 1691 et

201 1730 292 1770 pax
320 1719 547 1771 completa
575 1718 621 1760 in
649 1720 846 1762 ecclesia
878 1720 961 1761 Dei
990 1720 1046 1762 de
1074 1720 1233 1762 hocin
1262 1732 1465 1773 persona
1493 1719 1663 1762 Christi
1693 1719 1972 1762 sanctissimi

202 1789 346 1841 patris
377 1789 549 1831 domini
584 1790 764 1832 Martini
795 1803 916 1844 pape
947 1791 1093 1844 quinti
1119 1791 1196 1833 ‘hic
1224 1791 1549 1844 principaliter
1577 1790 1836 1844 existentis,
1867 1793 1973 1833 ante

201 1860 331 1901 cuius
361 1860 642 1902 eleccionem
672 1861 890 1903 canonice
915 1865 965 1904 et
992 1861 1212 1904 divinitus
1241 1862 1409 1904 factam
1439 1862 1638 1904 ecclesia
1666 1861 1973 1915 quadraginta

203 1932 338 1973 annis
371 1934 626 1975 sustentata
658 1932 758 1985 fuit,
790 1920 942 1985 ymmo
974 1932 1195 1975 inclinata
1227 1945 1369 1986 super
1401 1936 1502 1975 octo
1529 1933 1803 1986 columpnas
1835 1935 1895 1986 et,
1927 1934 1975 1974 ut

205 2002 359 2043 verius
396 2002 557 2055 dicam,
593 2015 734 2056 super
769 2007 870 2046 octo
903 2004 1035 2056 palos
1072 2016 1155 2046 seu
1191 2005 1373 2057 stipites
1408 2004 1604 2057 fragiles
1636 2016 1742 2046 eam
1776 2004 1974 2057 particu-

204 2072 365 2114 lariter
393 2077 438 2116 et
466 2073 684 2116 debiliter
714 2087 852 2116 manu
881 2077 1096 2118 tenentes
1126 2108 1134 2117 .
1170 2109 1178 2117 .

301 2144 558 2197 ‘Quomodo
583 2144 748 2187 fuisset
772 2145 997 2198 possibile
1025 2180 1031 2187 .
1068 2180 1076 2188 .
1112 2180 1120 2188 .
1146 2146 1257 2188 LIII
1277 2146 1510 2189 »electores
1534 2159 1593 2187 ex
1617 2145 1742 2188 omn‘i
1765 2145 1974 2197 nacione,

205 2227 293 2267 que
317 2215 401 2257 sub
423 2216 525 2257 celo
543 2218 626 2267 est,
648 2220 950 2269 congregatos
972 2218 1018 2258 in
1039 2217 1185 2259 nostri
1205 2217 1353 2270 patris
1373 2220 1580 2259 sanctam
1601 2229 1851 2270 personam
1872 2228 1975 2258 con-

203 2285 436 2338 cordasse,
472 2286 561 2328 nisi
600 2287 843 2339 columpna
880 2287 1017 2330 nubis
1052 2288 1206 2341 gracia
1243 2288 1386 2330 sancti
1426 2287 1618 2340 spiritus
1654 2287 1975 2330 descendisset

205 2359 249 2397 et
279 2357 483 2399 stetisset
511 2356 568 2399 ad
596 2358 762 2399 ostium
791 2358 1080 2400 tabernaculi
1110 2393 1118 2401 .
1154 2393 1162 2401 .
1199 2393 1206 2401 .
1236 2362 1285 2401 ut
1312 2348 1576 2412 figuraliter
1602 2359 1802 2401 habetur
1830 2357 1974 2400 Exod.

205 2426 273 2478 33,
310 2426 544 2480 inspirans
578 2429 873 2482 electoribus,
908 2432 957 2471 ut
989 2430 1129 2471 talem
1164 2429 1348 2471 firmam
1384 2441 1633 2483 personam
1665 2428 1898 2482 eligerent
1929 2427 1976 2470 in

206 2509 388 2549 papam.
429 2498 499 2539 Ad
528 2499 646 2540 hanc
674 2502 827 2541 tamen
859 2512 1035 2542 sacram
1064 2501 1285 2542 unionem
1316 2503 1361 2543 et
1386 2499 1663 2542 ¹concordem
1693 2499 1975 2542 eleccionem

208 2581 297 2609 non
323 2581 515 2621 parvum
541 2572 760 2621 operatus
784 2574 854 2612 est
880 2570 1007 2612 iussu
1032 2584 1082 2613 ac
1107 2571 1323 2613 instinctu
1349 2571 1540 2624 spiritus
1565 2570 1708 2614 sancti
1733 2570 1976 2613 invictissi-

208 2651 307 2681 mus
332 2642 504 2691 noster,
531 2640 861 2683 serenissimus
886 2644 931 2682 et
956 2642 1347 2685 clementissimus
1373 2642 1639 2695 imperator,
1664 2640 1974 2683 Romanorum

207 2714 251 2752 et
283 2709 626 2763 Hungariorum
662 2723 745 2752 rex
779 2724 965 2764 semper
1000 2716 1236 2766 augustus,
1271 2712 1484 2755 dominus
1517 2711 1842 2766 Sigismundus
1876 2712 1977 2753 illu-

209 2779 476 2833 strissimus,
513 2781 589 2833 qui
622 2781 707 2823 hoc
742 2794 922 2823 sacrum
959 2782 1215 2836 concilium,
1252 2783 1296 2824 in
1332 2796 1421 2836 quo
1455 2786 1546 2825 tam
1581 2782 1833 2825 letabunda
1867 2781 1977 2824 unio

328 2899 358 2939 1)
404 2898 476 2938 l'ql.
521 2899 613 2932 (10:11
661 2899 793 2933 kae.
839 2898 1091 2942 Strassbnrqer
1136 2900 1476 2945 ln'leklen-I'rozesl:
1524 2899 1777 2945 Strassburqer
1819 2898 1978 2933 Studien

213 2956 260 2990 ΙΙ,
283 2956 360 2990 424.

326 3016 357 3056 ²)
389 3015 493 3057 Poly!
523 3015 772 3059 Sclzilderwzgl
799 3016 866 3049 des
896 3015 1095 3050 Schisma&
