2227 3434
590 183 628 218 C.
670 184 761 218 Acta
788 184 937 219 concilii
964 185 1033 218 des
1061 184 1102 218 G.
1130 184 1177 218 de
1205 185 1334 218 Turre.
1761 187 1842 229 361

201 303 283 346 Die
308 303 495 344 veneris
522 314 700 345 summo
726 314 860 344 mane
888 302 929 344 d.
957 302 1050 344 dux
1076 301 1271 344 Bavarie
1298 303 1476 345 locutus
1502 306 1571 345 est
1597 316 1699 346 cum
1725 317 1845 357 papa

81 373 139 415 ad
173 377 353 427 partem
384 377 430 415 et
460 375 623 427 postea
657 385 758 414 cum
790 373 907 414 duce
943 373 1131 414 Austrie
1164 376 1210 414 et
1245 373 1395 416 statim
1430 373 1624 416 recessit
1658 373 1716 416 ad
1752 374 1846 416 Fri-

80 443 240 497 burge,
263 443 341 486 ubi
364 443 560 497 reperiit
582 443 942 486 ambassiatores
968 444 1085 486 sacri
1109 443 1292 485 concilii
1315 447 1361 485 et
1384 444 1493 485 dicit
1513 444 1599 497 eis,
1622 445 1745 497 quod
1769 458 1846 487 ex-

79 516 344 569 spectarent
367 513 616 557 adventum
639 526 775 568 pape,
799 515 875 567 qui
899 514 980 556 illa
1004 514 1077 555 die
1105 514 1275 556 ibidem
1300 515 1460 556 venire
1486 515 1700 567 debebat,
1724 516 1845 568 quod

76 585 182 628 dicti
207 585 248 628 d.
274 585 639 630 ambassiatores
663 584 888 627 fecerunt.

196 656 252 698 Et
278 656 359 699 1113
386 655 460 698 die
490 655 616 698 venit
643 668 765 709 papa
794 656 841 697 in
869 656 1098 709 Friburgo
1125 659 1170 697 et
1198 656 1303 697 dicti
1334 656 1694 700 ambassiatores
1722 657 1846 698 exie-

78 729 185 768 runt
209 726 297 770 sibi
323 726 506 769 obviam
533 730 577 769 et
603 726 811 768 finaliter
836 726 1101 769 habuerunt
1126 739 1404 780 responsum
1431 727 1488 769 ab
1514 727 1678 770 eodem
1704 741 1845 782 super

78 809 160 839 sua
188 797 311 840 dicta
341 797 621 840 ambassiata
652 797 726 839 die
756 796 971 839 XXVIII.
1003 797 1245 840 continens
1275 799 1322 839 in
1350 797 1541 851 effectu,
1572 798 1695 852 quod
1723 811 1845 852 papa

76 870 177 909 erat
205 872 448 921 promptus
476 868 591 910 dare
621 869 991 921 procuratorium
1022 868 1068 910 in
1099 867 1250 911 forma
1279 868 1422 922 petita
1453 870 1499 911 in
1531 869 1744 912 manibus
1777 883 1846 912 co·

77 938 199 980 mitis
231 937 437 981 Bertoldi
467 942 513 980 et
541 938 739 992 ipsemet
768 939 954 981 volebat
983 939 1261 981 renunciare
1293 952 1409 992 pure
1441 944 1486 981 et
1516 940 1666 982 libere
1698 941 1845 982 tribus

75 1009 208 1061 prius
238 1008 325 1052 sibi
356 1010 603 1062 concessis,
633 1009 783 1063 primo
813 1010 937 1062 quod
967 1010 1055 1052 sibi
1085 1010 1387 1063 provideatur
1418 1011 1474 1052 de
1507 1014 1628 1053 statu
1657 1025 1754 1063 suo,
1785 1024 1844 1053 ne

76 1079 121 1121 in
149 1079 308 1122 futuro
334 1083 468 1134 egeat
496 1081 544 1122 in
571 1080 873 1134 opprobrium
901 1080 1136 1134 dignitatis
1162 1081 1364 1134 papalis;
1395 1081 1599 1124 secundo
1627 1082 1749 1135 quod
1777 1095 1845 1125 sa-

75 1162 202 1192 crum
230 1150 474 1193 concilium
503 1150 643 1194 faciat
670 1164 832 1205 pacem
863 1152 983 1193 inter
1012 1164 1170 1205 regem
1198 1152 1511 1194 Romanorum
1539 1156 1584 1194 et
1611 1152 1844 1206 prefatum

76 1220 238 1263 ducem
262 1221 465 1274 Austrie‚
489 1234 597 1264 nam
624 1222 686 1265 ita
710 1235 813 1264 cum
839 1222 959 1265 dicto
984 1222 1101 1264 duce
1124 1226 1423 1275 convenerat3
1451 1223 1594 1265 tercio
1620 1224 1742 1277 quod
1766 1224 1845 1266 ha-

75 1291 208 1335 beret
242 1292 537 1335 securitatem
570 1296 617 1335 et
651 1293 914 1336 libertatem
949 1294 1034 1336 hoc
1068 1293 1284 1336 faciendi.
1333 1294 1387 1336 Et
1419 1297 1526 1336 tunc
1559 1295 1745 1338 volebat
1780 1295 1845 1336 di-

75 1362 258 1406 mittere
284 1362 562 1406 vestimenta
589 1364 779 1417 papalia
803 1367 851 1406 et
878 1364 1089 1417 recipere
1118 1364 1349 1417 capellum
1379 1365 1574 1407 rubeum
1604 1368 1649 1407 et
1677 1368 1843 1408 statum

74 1432 389 1477 cardinalatus
426 1438 474 1477 et
510 1447 596 1488 pro
635 1435 882 1478 securitate
922 1435 1256 1488 premissorum
1296 1435 1487 1478 tradidit
1524 1436 1735 1478 cedulam
1776 1449 1844 1479 se-

74 1506 310 1557 quentem:

193 1575 245 1617 In
266 1575 453 1618 nomine
477 1580 633 1619 sancte
655 1581 701 1619 et
724 1577 962 1619 individue
985 1578 1205 1620 trinitatis
1230 1612 1237 1619 .
1274 1612 1281 1619 .
1318 1612 1325 1619 .
1362 1577 1475 1620 Cum
1494 1577 1677 1631 pridem
1702 1612 1709 1620 .
1746 1612 1754 1620 .
1790 1578 1839 1631 .¹)

193 1658 432 1701 Dominica
457 1661 685 1712 sequenti,
713 1673 801 1713 que
828 1660 916 1701 fuit
942 1663 1047 1702 ante
1074 1660 1331 1713 penultima
1358 1660 1548 1714 Aprilis,
1576 1662 1701 1702 venit
1729 1660 1844 1703 Con-

74 1730 249 1772 stancie
281 1730 322 1772 d.
356 1730 615 1773 Ludovicus
647 1731 740 1772 dux
772 1731 969 1773 Bavarie
1000 1734 1045 1773 et
1076 1731 1247 1783 retulit,
1280 1732 1481 1784 qualiter
1509 1745 1632 1785 papa
1662 1736 1763 1775 erat
1797 1733 1842 1774 in

75 1800 303 1855 Friburgo
328 1805 375 1844 et
400 1801 486 1844 sub
512 1801 634 1844 bona
661 1801 869 1844 custodia
894 1805 939 1844 et
965 1802 1088 1855 quod
1115 1802 1208 1844 dux
1234 1803 1423 1845 Austrie
1450 1806 1551 1845 erat
1576 1803 1623 1844 in
1650 1803 1843 1846 Scafusa

74 1874 118 1913 et
138 1874 239 1914 erat
258 1876 500 1925 promptus
522 1873 683 1914 venire
707 1873 765 1915 ad
786 1873 827 1914 d.
850 1885 1007 1926 regem
1030 1873 1341 1915 Romanorum
1363 1886 1449 1927 pro
1469 1887 1583 1927 pace
1604 1875 1842 1917 tractanda

73 1941 232 1984 habito
252 1955 338 1996 per
357 1943 489 1996 prius
514 1944 644 1986 salvo
663 1943 902 1995 conductu,
926 1957 1061 1996 quem
1086 1943 1167 1986 1113
1190 1944 1264 1986 die
1289 1944 1437 1987 dictus
1461 1944 1500 1988 d.
1528 1958 1610 1986 rex
1634 1945 1841 1998 graciose

74 2012 162 2055 sibi
185 2013 413 2056 concessit
436 2047 445 2056 .
480 2047 489 2057 .
525 2048 533 2056 .

192 2083 275 2126 Die
300 2085 518 2126 mercurii
541 2086 690 2138 prima
716 2086 823 2128 Maii
848 2086 1175 2139 applicuerunt
1198 2087 1565 2139 supranominati
1592 2088 1842 2130 ambassia-

74 2156 198 2197 tores
232 2158 277 2196 et
313 2155 428 2197 iovis
464 2155 522 2197 de
557 2169 692 2198 mane
728 2156 941 2199 fecerunt
975 2158 1258 2199 relacionem
1292 2161 1337 2199 et
1371 2157 1444 2199 die
1481 2158 1561 2200 illa
1595 2158 1684 2200 fuit
1716 2161 1842 2200 tenta

72 2225 221 2268 sessio
252 2259 259 2267 .
296 2259 304 2267 .
340 2260 348 2267 .
394 2226 601 2270 Fuerunt
630 2227 677 2269 in
709 2227 828 2270 dicta
860 2227 1070 2270 sessione
1101 2241 1262 2270 omnes
1293 2228 1556 2271 cardinales
1587 2229 1736 2271 tribus
1766 2241 1843 2271 ex-

73 2296 232 2350 ceptis,
261 2297 512 2350 nonaginta
539 2298 710 2350 prelati
741 2333 749 2340 .
786 2334 793 2341 .
830 2333 837 2340 .

194 2366 306 2410 Item
338 2367 503 2410 eadem
534 2368 698 2411 citacio
728 2369 815 2411 fuit
846 2369 1081 2423 publicata
1113 2371 1161 2412 in
1195 2370 1404 2413 sessione
1438 2374 1484 2412 et
1516 2371 1563 2412 in
1598 2371 1840 2413 audiencia

73 2437 459 2481 contradictarum
482 2443 530 2482 et
553 2439 629 2482 die
655 2441 843 2482 veneris
870 2441 1083 2493 sequenti
1108 2441 1197 2483 fuit
1222 2440 1370 2484 affixa
1397 2441 1442 2483 in
1469 2442 1617 2484 valvis
1642 2441 1839 2484 ecclesie

74 2507 275 2561 maioris,
298 2510 443 2552 sancti
464 2510 703 2563 Stephani,
725 2511 889 2554 domus
909 2512 1194 2565 episcopalis
1215 2515 1261 2554 et
1282 2512 1329 2553 in
1350 2516 1484 2565 porta
1507 2513 1704 2555 civitatis
1727 2512 1841 2554 Con-

72 2578 348 2624 stanciensis
379 2614 387 2623 .
423 2613 431 2623 .
467 2614 476 2623 .
1681 2581 1686 2585 ’

193 2650 275 2693 Die
312 2651 490 2694 sabbati
532 2653 638 2694 IIII.
681 2653 785 2695 Maii
820 2653 908 2695 fuit
941 2657 1067 2696 tenta
1105 2655 1266 2707 sessio,
1307 2655 1350 2695 in
1387 2667 1475 2707 qua
1513 2654 1703 2696 fuerunt
1736 2667 1839 2707 pre-

73 2723 229 2763 sentes
249 2721 291 2763 d.
313 2722 578 2775 imperator,
599 2723 640 2765 d.
662 2723 926 2767 cardinales
947 2728 993 2766 et
1013 2724 1091 2767 alii
1111 2725 1279 2778 prelati
1302 2728 1346 2767 et
1365 2724 1589 2767 nominati
1611 2725 1658 2766 in
1679 2737 1839 2777 super-

71 2790 282 2842 proxima
313 2793 538 2835 sessione.
582 2793 708 2836 Fecit
737 2807 1000 2837 sermonem
1032 2795 1073 2837 d.
1105 2795 1429 2847 Tholonensis,
1461 2796 1507 2837 in
1539 2808 1630 2848 quo
1661 2796 1837 2837 locutus

72 2864 142 2903 est
168 2861 446 2905 mirabiliter
473 2863 529 2905 de
557 2865 701 2917 gestis
727 2877 847 2918 pape
877 2865 1174 2918 reprobando
1202 2865 1296 2918 illa,
1324 2878 1413 2918 que
1443 2865 1693 2918 scripserat
1721 2866 1838 2918 regi-

72 2929 158 2973 bus
186 2935 232 2974 et
258 2932 548 2986 principibus
576 2938 733 2977 contra
762 2935 1005 2978 concilium
1034 2939 1081 2978 et
1108 2937 1253 2979 eciam
1283 2939 1441 2979 contra
1470 2935 1571 2979 eius
1601 2948 1835 2978 recessum

192 3085 222 3125 ¹)
255 3083 378 3119 Manse·
407 3084 564 3121 XXVII.
592 3087 668 3122 622.
