2102 3444
221 125 278 169 34
743 126 767 161 I.
809 127 1019 162 Abschnitt.
1073 127 1472 174 Konzilstagebiicher.

341 246 525 288 Pluries
547 247 787 299 conquesti
810 250 916 289 sunt
938 247 1202 291 cardinales
1223 249 1281 291 de
1304 253 1568 304 contemptu
1589 254 1634 293 et
1656 251 1859 293 finaliter
1879 252 1993 305 peti-

223 320 401 369 verunt,
432 317 569 370 quod,
598 330 699 359 cum
730 322 888 360 essent
918 319 965 360 in
995 319 1189 361 concilio
1223 320 1315 362 IIII
1345 322 1580 374 naciones,
1610 335 1702 364 una
1731 322 1914 376 AngHe,
1946 324 1992 365 in

223 400 313 440 qua
351 401 443 430 non
480 393 615 431 erant
652 389 735 430 XX
771 391 936 443 capita,
974 390 1031 432 de
1069 391 1238 443 quibus
1274 395 1369 435 tres
1407 393 1556 435 solum
1594 393 1778 446 prelati,
1815 397 1861 436 et
1897 406 1993 436 car-

222 459 405 502 dinales
428 464 587 502 essent
611 461 759 515 XVIss)
787 465 832 503 et
855 461 933 503 alii
960 462 1119 515 futuri,
1144 463 1201 504 de
1226 463 1394 516 quibus
1420 465 1581 517 plures
1607 465 1760 518 magni
1786 467 1830 507 et
1855 464 1993 519 insig-

168 547 173 552 ’
223 543 306 573 nes
333 532 545 574 doctores
572 536 731 585 preter
758 533 1043 586 dignitatem,
1070 537 1114 576 et
1140 535 1387 587 collegium
1414 536 1610 578 haberet
1637 548 1795 578 vocem
1820 539 1866 578 et
1892 549 1994 579 auc-

221 604 453 645 torita-tem
492 607 680 657 tantam,
720 605 836 647 sicut
875 606 1008 647 nacio
1047 606 1317 660 Anglicana‚
1357 607 1480 660 quod
1518 607 1608 648 fuit
1646 610 1908 650 recusatum
1949 610 1994 650 et

222 674 405 728 dictum,
430 676 553 728 quod
577 676 792 718 venirent
817 676 874 718 ad
899 689 1007 719 suas
1031 678 1266 720 naciones.
1308 678 1468 731 Itaque
1491 679 1668 720 nullam
1693 679 1867 721 habent
1891 691 1994 721 auc-

220 746 463 790 toritatem.
505 747 681 798 Quibus
710 750 865 789 tamen
895 748 983 789 fuit
1012 748 1196 802 dictum,
1226 749 1349 801 quod
1377 749 1712 791 constituerent
1740 762 1800 792 ex
1829 762 1879 792 se
1909 762 1992 792 sex

222 817 480 871 deputatos,
505 818 582 870 qui
607 822 784 860 starent
808 822 853 861 et
877 822 1070 872 agerent
1094 832 1196 861 cum
1221 820 1326 863 aliis
1350 820 1583 874 deputatis
1607 819 1910 874 nacionum.'')

341 890 425 930 Die
461 889 641 931 sabbati
676 893 839 943 quarta
879 890 982 932 Maii
1020 891 1152 933 sedet
1185 892 1430 933 concilium
1465 904 1607 945 super
1641 892 1883 935 erroribus
1917 892 1994 934 de-

221 960 365 1002 functi
392 961 620 1002 Johannis
647 961 817 1002 Wiclef
844 962 1039 1014 Anglici,
1065 962 1216 1015 primo
1244 975 1385 1016 super
1413 963 1533 1005 XLV
1562 963 1784 1016 articulis,
1810 963 1889 1017 qui
1915 963 1994 1005 diu

221 1031 409 1073 fuerant
433 1032 701 1084 examinati,
728 1036 772 1074 et
800 1045 942 1086 super
968 1033 1232 1086 dampnatis
1259 1034 1394 1076 libris
1420 1037 1465 1076 et
1491 1034 1618 1077 illius
1644 1034 1881 1077 memoria.

340 1104 454 1145 Item
479 1116 628 1157 super
659 1103 896 1157 CCLXVI,
927 1117 1042 1157 quos
1072 1105 1253 1158 Anglici
1285 1105 1342 1147 de
1372 1118 1493 1148 novo
1521 1105 1828 1148 tradiderunt.
1874 1105 1994 1147 Fuit-

221 1187 310 1227 que
335 1188 420 1216 rex
444 1187 642 1228 presens
666 1179 713 1217 ut
738 1188 880 1228 supra
903 1179 948 1217 et
970 1176 1180 1229 presedit
1203 1176 1450 1229 episcopus
1475 1177 1728 1219 cardinalis
1751 1176 1992 1219 Ostiensis.

221 1246 323 1288 Fuit
350 1247 469 1289 lecta
499 1247 736 1289 sentencia
766 1247 823 1288 de
852 1247 972 1289 XLV
1001 1247 1209 1290 articulis
1238 1251 1283 1290 et
1310 1247 1737 1301 condempnacione
1766 1247 1992 1290 librorum

219 1321 265 1360 et
288 1319 525 1360 memorie.
561 1319 659 1370 Qua
683 1319 801 1361 lecta
826 1318 1031 1361 surrexit
1054 1319 1308 1361 cardinalis
1332 1319 1477 1361 sancti
1505 1319 1643 1361 Marci
1668 1322 1713 1361 et
1737 1319 1866 1361 illam
1890 1331 1993 1362 sen-

218 1390 416 1432 tenciam
449 1390 599 1443 arguit
631 1391 677 1431 in
709 1390 943 1443 aliquibus
977 1393 1022 1433 et
1050 1402 1144 1432 non
1176 1390 1389 1433 transivit
1421 1391 1468 1432 in
1501 1403 1599 1432 rem
1631 1390 1890 1442 iudicatam,
1923 1392 1994 1432 set

221 1461 306 1502 fuit
330 1461 513 1513 dictum,
538 1461 661 1514 quod
685 1460 1036 1503 reformaretur.

341 1533 465 1574 Inter
494 1534 579 1574 hec
609 1533 833 1585 agebatur
861 1532 918 1574 de
948 1545 1061 1585 pace
1092 1533 1220 1574 ducis
1250 1532 1437 1574 Austrie
1470 1532 1706 1574 Frederici
1735 1544 1836 1574 cum
1866 1544 1990 1585 rege,

219 1604 296 1656 qui
326 1604 419 1645 dux
445 1616 613 1657 papam
642 1604 901 1646 adduxerat
928 1604 985 1645 de
1014 1604 1304 1657 Constancia,
1331 1604 1402 1645 cui
1430 1616 1515 1645 rex
1541 1606 1733 1657 propter
1757 1604 1857 1656 hoc,
1885 1603 1992 1645 licet

219 1676 336 1717 alias
369 1687 532 1717 causas
565 1675 752 1728 diceret,
785 1676 911 1717 bella
945 1675 1193 1728 inferebat,
1225 1687 1456 1728 quemque
1490 1675 1584 1716 dux
1616 1674 1812 1716 Bavarie
1845 1673 1993 1715 Ludo-

218 1746 358 1788 wicus
392 1746 629 1799 predictus
666 1747 751 1789 sub
788 1747 917 1788 salvo
951 1746 1178 1788 conductu
1212 1746 1336 1799 regis
1373 1745 1696 1788 Constanciam
1731 1745 1992 1787 adduxerat

219 1820 262 1859 et
289 1830 374 1870 pro
402 1817 483 1860 illa
510 1830 622 1870 pace
653 1818 973 1870 componenda
1001 1817 1147 1859 eciam
1175 1820 1392 1870 respectu
1420 1816 1601 1858 concilii
1629 1829 1714 1858 rex
1741 1814 1991 1869 postulavit

219 1902 243 1931 a
271 1889 544 1931 nacionibus
574 1889 663 1930 sibi
691 1889 791 1931 dari
821 1889 1065 1941 deputatos
1095 1889 1152 1930 de
1181 1888 1389 1941 qualibet
1415 1889 1626 1941 nacione,
1655 1888 1733 1941 qui
1761 1887 1991 1929 haberent

219 1961 538 2002 auctoritatem
559 1960 741 2002 concilii
764 1960 811 2001 in
832 1960 953 2002 facto
974 1960 1100 2001 illius
1122 1960 1264 2013 pacis,
1287 1959 1394 2012 quia
1418 1959 1574 2012 aliqua
1595 1961 1775 2001 secreta
1796 1957 1990 1999 inmine-

219 2032 328 2073 bant
354 2045 446 2074 non
473 2031 769 2085 publicanda.
810 2032 864 2073 Et
890 2031 983 2073 dati
1011 2034 1129 2073 sunt.

337 2103 421 2144 Die
461 2103 690 2145 dominica
728 2103 805 2144 VI.
850 2102 952 2144 Maii
992 2103 1039 2143 in
1076 2101 1289 2154 vesperis
1326 2104 1423 2143 acta
1463 2104 1533 2143 est
1570 2113 1663 2154 pax
1701 2099 1807 2142 dicti
1844 2099 1988 2151 ducis,

217 2174 451 2227 publicata
477 2174 601 2227 apud
627 2174 800 2216 fratres
832 2173 1046 2225 Minores,
1073 2173 1152 2214 ubi
1179 2173 1237 2214 ad
1264 2185 1421 2225 regem
1450 2172 1691 2214 sedentem
1718 2183 1820 2212 cum
1845 2170 1989 2224 pluri-

217 2247 303 2289 bus
332 2246 569 2288 nobilibus
599 2258 650 2287 ac
681 2245 876 2298 prelatis
906 2247 952 2286 et
981 2244 1214 2297 deputatis
1244 2244 1490 2285 nacionum
1520 2243 1647 2284 venit
1677 2242 1771 2284 dux
1800 2240 1988 2283 Austrie

217 2317 468 2370 predictus,
495 2315 733 2359 associatis
761 2316 865 2358 aliis
892 2315 1099 2367 ducibus,
1126 2318 1169 2357 et
1195 2318 1265 2357 ter
1290 2327 1412 2368 genu
1438 2314 1568 2356 flexo
1593 2325 1751 2367 regem
1779 2313 1988 2355 salutans

218 2388 410 2430 accessit
433 2399 577 2440 seque
601 2390 645 2428 et
669 2387 823 2428 omnia
848 2399 945 2438 sua,
969 2385 1191 2438 civitates,
1215 2388 1380 2438 castra,
1404 2384 1556 2438 opida,
1579 2387 1745 2437 terras,
1769 2382 1987 2435 dominia,

216 2460 444 2501 vassallos
469 2462 514 2500 et
540 2458 774 2500 subdictos
800 2458 923 2499 nude
949 2456 1173 2498 voluntati
1200 2457 1323 2509 regis
1350 2455 1577 2508 submisit,
1602 2454 1786 2497 veniam
1811 2453 1987 2507 suppli-

215 2543 325 2572 cans
351 2530 408 2572 de
434 2530 610 2571 offensa
636 2528 758 2582 regis
783 2532 827 2570 et
852 2540 1234 2581 quorumcunque
1259 2528 1457 2570 aliorum
1482 2529 1619 2579 atque
1645 2526 1703 2568 de
1727 2523 1986 2567 commissis

216 2602 261 2643 in
295 2602 502 2654 prelatos
535 2600 874 2642 ecclesiasticos
908 2603 953 2641 et
988 2611 1215 2652 personas
1250 2599 1501 2650 seculares,
1536 2597 1689 2639 omnia
1724 2595 1984 2650 reformare

216 2676 261 2715 et
282 2672 529 2714 restituere
552 2671 826 2724 promittens
848 2670 905 2713 ad
928 2671 1211 2712 voluntatem
1234 2670 1359 2722 regis
1381 2669 1427 2710 in
1449 2668 1553 2721 hiis,
1575 2680 1665 2721 que
1686 2666 1985 2721 pertinebant

216 2744 273 2785 ad
303 2756 433 2786 suam
465 2742 792 2795 cognicionem.
843 2742 891 2783 In
924 2741 1013 2783 hiis
1043 2753 1169 2793 vero,
1201 2753 1290 2793 que
1323 2739 1621 2793 pertinebant
1651 2738 1710 2781 ad
1741 2736 1984 2780 concilium

216 2814 427 2857 submisit
454 2826 504 2855 se
533 2813 725 2855 concilio
753 2811 1056 2865 promisitque
1083 2815 1128 2853 et
1156 2811 1323 2853 iuravit
1349 2822 1518 2863 papam
1546 2809 1658 2852 dare
1687 2811 1731 2851 et
1758 2808 1983 2850 reducere

216 2887 287 2927 vel
318 2885 475 2927 reduci
507 2885 663 2926 facere
694 2883 1030 2935 Constanciam,
1061 2882 1331 2935 supplicans
1359 2885 1515 2923 tamen
1544 2881 1601 2922 de
1631 2880 1723 2922 vita
1753 2877 1983 2922 servanda

318 3032 347 3051 ui
369 3028 407 3050 Νι»
430 3029 460 3057 «¹,
484 3026 521 3052 ΙΙ,
544 3026 587 3057 fis
608 3031 671 3050 ηιιι·
693 3025 718 3050 R
738 3023 832 3050 XVII.
871 3023 903 3050 b»
926 3023 1039 3049 Die-ser
1060 3024 1137 3049 snt:
1157 3030 1221 3048 nur
1245 3023 1278 3048 Β.
1301 3021 1354 3048 Ob.
1376 3029 1418 3047 an
1440 3021 1497 3047 der
1520 3020 1643 3047 rechten
1656 3017 1772 3047 Stelle?
