2102 3444
239 126 324 169 744
675 122 742 156 III.
774 120 985 155 Abschnitt.
1026 119 1180 154 Reform
1213 120 1290 154 und
1322 119 1571 164 Verfassung.

241 242 500 285 nuncianda
548 241 619 283 vel
668 241 848 282 litteras
894 237 1145 280 bullandas
1193 237 1442 280 conficiant
1487 241 1534 280 et
1580 238 1781 282 minutas
1827 238 2009 292 signent

242 317 454 367 quattuor
488 311 655 354 notarii
693 313 737 352 et
773 308 1050 360 cardinales,
1089 321 1204 361 qua-s
1240 308 1425 351 tradant
1462 312 1678 362 quattuor
1714 309 2007 363 presidentes

241 384 524 437 nacionum⁸)
560 385 602 424 et
635 382 848 433 legantur
881 380 925 421 in
958 379 1246 421 nacionibus.

362 455 471 496 Item
497 453 776 505 deputentur
799 451 910 492 certi
932 449 1116 502 notarii,
1140 451 1217 502 qui
1242 450 1396 492 omnia
1415 450 1724 503 <pronunciata
1745 450 1794 492 in
1817 449 2008 494 concilio

240 525 466 577 recipiant
493 526 536 565 et
566 523 610 564 in
640 521 862 574 regestris
891 520 1103 573 redigant
1131 523 1176 562 et
1204 521 1402 573 signent,
1429 524 1479 563 ut
1502 524 1667 573 postea
1695 520 1885 564 dicetur.

2024 45 2102 208 A

359 596 471 636 Item
511 593 679 635 notarii
720 593 965 634 nacionum
1007 591 1222 644 redigant
1259 591 1309 633 in
1352 591 1535 644 scriptis
1575 595 1679 634 vota
1721 591 2007 646 singulorum
2069 613 2074 615 -

240 665 606 707 deliberancium
631 676 731 705 cum
757 662 1060 704 denotacione
1085 662 1321 715 dignitatis
1346 665 1391 704 et
1414 662 1587 715 gradus
1611 665 1656 704 et
1680 663 1878 705 aliarum
1901 675 2009 717 qua-

239 736 429 788 litatum,
454 738 611 787 utpote
638 733 912 775 nunciorum
938 733 1012 775 vel
1038 735 1406 785 procuratorum.

359 806 470 848 Item
500 805 713 858 redigant
743 805 788 846 in
820 803 1004 857 scriptis
1034 803 1378 846 conclusionem
1406 817 1492 846 sue
1523 803 1732 847 nacionis
1761 807 2009 858 receptam,

239 890 374 929 quam
403 876 586 929 publice
615 875 771 928 legant
800 876 846 916 in
872 874 1082 927 nacione,
1111 887 1170 916 ne
1199 875 1335 916 aliter
1370 873 1518 929 [plus]
1554 875 1629 916 vel
1658 875 1812 918 minus
1841 874 2010 917 scriba-

238 951 311 990 tur
345 960 480 999 quam
514 946 656 988 fuerit
690 946 969 990 conclusum.

356 1018 470 1060 Item
506 1016 788 1069 deputentur
824 1017 869 1058 in
905 1016 1113 1069 qualibet
1147 1017 1343 1059 nacione
1379 1019 1597 1069 quattuor
1628 1019 1676 1059 et
1709 1029 1830 1059 unus
1863 1016 2010 1060 cardi-

238 1088 370 1141 nalis,
400 1087 476 1141 qui
506 1100 606 1129 cum
635 1087 921 1141 presidente,
947 1086 1173 1140 quociens
1201 1090 1306 1130 vota
1334 1087 1562 1139 ferentur,
1590 1087 1638 1129 in
1668 1087 1880 1131 diversas
1908 1100 2010 1130 sen-

238 1159 412 1202 tencIas
441 1159 741 1200 collacionem
771 1157 944 1201 faciant
970 1161 1181 1200 votorum
1208 1158 1500 1201 conferendo
1529 1159 1694 1212 zelum,
1724 1158 1937 1201 meritum
1965 1161 2010 1202 et

236 1242 479 1271 numerum
515 1242 837 1282 personarum.
886 1230 942 1272 Et
974 1242 1228 1282 numquam
1264 1229 1351 1272 fiat
1385 1229 1633 1283 conclusio,
1667 1229 1760 1272 nisi
1797 1230 1844 1272 in
1881 1229 2008 1272 illam

236 1300 504 1343 notabiliter
535 1300 681 1342 maior
711 1313 822 1353 pars
854 1301 1159 1353 consenserit,
1192 1303 1262 1343 set
1292 1300 1459 1343 iterum
1488 1300 1783 1343 deliberetur
1810 1303 1858 1343 et
1885 1299 2009 1343 vide-

237 1375 353 1424 atur,
377 1371 414 1413 si
432 1384 522 1424 *per
544 1371 857 1413 accessionem
881 1371 973 1413 voti
997 1371 1056 1414 ad
1078 1374 1234 1414 votum
1254 1374 1477 1425 poterunt
1497 1371 1781 1414 concordari.

354 1454 420 1495 De
463 1453 694 1507 deputatis
733 1458 888 1497 *autem
926 1454 988 1496 *ad
1025 1454 1375 1497 ‹exorbitamtas
1416 1454 1615 1508 videtur,
1656 1454 1781 1508 quod
1821 1467 2006 1497 cessare

236 1523 436 1567 debeant
464 1527 509 1567 et
536 1524 659 1578 quod
687 1525 841 1567 omnia
868 1525 981 1568 talia
1011 1525 1101 1568 sint
1128 1525 1441 1578 relinquenda
1469 1525 1630 1568 futuro·
1653 1538 1835 1568 summo
1861 1526 2008 1579 ponti-

235 1595 327 1648 fici,
350 1595 568 1648 quoniam
591 1596 704 1638 talia
726 1609 819 1638 non
843 1601 1072 1649 generant
1094 1596 1185 1638 nisi
1210 1596 1468 1639 discordias
1490 1599 1537 1639 et
1557 1594 2008 1650 occupa-ciones'fru-

237 1667 490 1710 stratarias.
539 1666 755 1718 Quelibet
788 1667 915 1710 enim
953 1680 1078 1721 pars,
1117 1680 1206 1721 que
1245 1668 1463 1722 tangitur,
1501 1668 1680 1721 reperit
1717 1667 1926 1711 fautores
1962 1670 2009 1711 et

236 1737 538 1781 auxiliatores
573 1741 619 1780 et
651 1738 794 1780 nichil
827 1738 1075 1791 perficitur
1111 1739 1350 1792 magisque
1387 1739 1433 1780 in
1471 1739 1566 1782 illis
1603 1738 1846 1782 concilium
1880 1751 2008 1782 occu-

233 1811 390 1860 patum
421 1821 557 1861 quam
588 1808 634 1850 in
663 1808 1004 1862 principalibus
1035 1809 1191 1853 rebus.

354 1891 468 1933 Item
509 1891 565 1933 de
606 1894 822 1944 quattuor
862 1892 1092 1934 iudicibus
1131 1891 1315 1935 uidetur
1355 1892 1492 1945 quod,
1531 1905 1632 1934 cum
1671 1893 1732 1935 sit
1768 1891 1844 1934 hic
1879 1892 2006 1934 curia

235 1965 410 2014 aperta,
446 1963 558 2005 satis
594 1966 700 2005 sunt
734 1962 910 2005 iudices
945 1966 990 2005 et
1025 1964 1091 2005 illi
1131 1963 1378 2016 superflui,
1414 1964 1524 2016 quin
1560 1964 1706 2006 eciam
1742 1964 1884 2006 multa
1919 1962 2005 2005 sibi

236 2032 503 2086 attribuunt,
527 2046 616 2086 que
639 2046 733 2075 non
756 2037 952 2087 possunt
973 2037 1019 2077 et
1040 2034 1227 2087 quando
1249 2034 1443 2077 fuerunt
1464 2034 1685 2088 deputati,
1710 2034 1836 2077 curia
1859 2033 2007 2077 adhuc

234 2106 394 2155 aperta
420 2116 515 2146 non
542 2107 657 2147 erat.

356 2173 468 2216 Ideo
507 2175 726 2217 videntur
768 2176 1032 2229 revocandi,
1075 2177 1222 2218 eciam
1266 2176 1374 2229 quia
1417 2176 1560 2230 aliqui
1603 2189 1663 2218 ex
1708 2176 1802 2220 illis
1843 2175 2007 2218 nolunt

235 2244 434 2297 amplius
461 2245 578 2287 illud
605 2245 813 2288 officium
837 2259 1078 2290 exercere.

350 2316 524 2358 Verum
546 2330 631 2370 pro
650 2318 961 2361 terminandis
983 2318 1134 2361 causis
1157 2318 1302 2371 ceptis
1321 2331 1477 2360 coram
1500 2319 1584 2372 eis,
1605 2330 1695 2372 que
1717 2322 1824 2362 sunt
1843 2319 2004 2371 parate

235 2386 291 2427 ad
323 2388 626 2440 sentenciam,
658 2388 945 2441 deputentur
981 2392 1198 2442 quattuor
1232 2390 1469 2432 auditores
1506 2390 1579 2431 vel
1615 2389 1697 2432 *alii
1730 2388 2004 2431 *iudiciorum

234 2457 429 2509 experti,
457 2458 533 2511 qui
561 2471 661 2501 cum
684 2459 782 2501 illis
805 2459 1039 2502 ›iudi-cibus
1064 2463 1275 2514 regestra
1300 2460 1489 2503 videant
1514 2463 1560 2503 et
1585 2460 1802 2503 iudicent.
1838 2459 2004 2503 Cetere

234 2539 371 2569 cause
395 2541 489 2570 non
516 2532 678 2581 parate
706 2529 763 2572 ad
792 2530 1076 2573 sentenciam
1102 2531 1162 2574 ad
1190 2531 1518 2574 cancellariam
1545 2531 1853 2574 remittantur.

351 2599 405 2640 Et
429 2599 516 2641 hec
542 2599 599 2642 de
624 2600 855 2653 personis.

351 2669 430 2711 De
482 2670 670 2713 rebus
721 2672 1025 2725 gerendis
1078 2673 1137 2714 in
1189 2672 1480 2716 concilio.
1533 2672 1744 2725 Videtur,
1785 2671 1907 2725 quod
1946 2669 2003 2713 ad

234 2740 455 2791 generale
492 2741 735 2784 concilium
772 2744 1040 2796 pertineant
1078 2744 1227 2786 solum
1261 2756 1342 2786 res
1378 2744 1642 2797 generaleS,
1679 2743 1726 2786 id
1761 2746 1835 2786 est
1868 2754 2003 2796 gene-

235 2810 396 2853 raliter
438 2812 681 2854 ecclesiam
723 2817 1073 2867 concernentes,
1116 2812 1316 2869 utpofeb)
1363 2815 1422 2857 ad
1462 2815 1607 2857 fidem
1649 2817 1696 2857 et
1736 2827 1904 2868 mores,
1945 2811 2001 2855 ad

232 2880 451 2923 unionem
494 2883 705 2937 ecclesie,
748 2884 806 2926 ad
847 2884 933 2926 Dei
976 2885 1147 2928 cultum
1188 2888 1234 2928 et
1275 2885 1484 2928 officium
1522 2885 1903 2938 ecclesiasticum,
1943 2882 2001 2926 ad

339 3032 368 3062 a)
392 3033 435 3059 Hs
456 3032 676 3066 presidantcS.
750 3036 782 3063 1))
804 3035 849 3062 Ils
873 3035 957 3068 solat
979 3035 1106 3069 Laidem
1128 3036 1165 3061 ob
1186 3036 1392 3071 pertinentes
1414 3045 1451 3064 :u
1471 3037 1650 3071 crffl‘inzcn?
