2102 3444
213 116 268 162 18
732 117 758 154 1.
798 119 1010 155 Abschnitt.
1062 118 1463 167 Konzilstagebiicher.

329 238 426 290 Qua
471 238 636 282 cedula
680 239 914 292 publicata
959 240 1211 284 cardinalis
1256 244 1401 285 sancti
1452 243 1589 285 Marci
1635 243 1814 297 videns,
1859 243 1982 297 quod

212 309 411 351 hostium
445 313 657 362 apertum
689 314 814 353 esset
845 311 892 352 in
924 311 1125 365 domino,
1158 313 1280 366 quod
1312 317 1466 356 tamen
1499 315 1658 357 nullus
1689 315 1874 357 volebat
1905 318 1983 358 aut

212 392 304 422 non
337 381 538 423 audebat
571 381 767 434 ingredi,
800 394 901 423 cum
936 395 1101 436 magne
1135 383 1393 427 simultates
1426 388 1471 427 et
1503 386 1793 428 turbationes
1824 388 1983 428 essent

213 452 334 493 inter
367 464 536 505 papam
570 455 615 494 et
649 465 806 505 regem
841 456 886 495 et
921 454 1044 506 quod
1079 454 1136 496 de
1172 456 1343 497 unione
1379 459 1479 498 erat
1515 456 1766 509 silentium,
1800 456 1982 510 Anglici

212 522 350 569 etiam
380 526 425 564 et
454 522 617 564 Poloni
648 527 889 577 venerant,
919 525 997 577 qui
1027 526 1333 578 proponendo
1363 528 1506 569 multa
1536 527 1752 569 dixerant
1781 527 1840 570 de
1869 540 1982 580 pace

212 594 425 646 ecclesie,
448 596 517 636 set
538 593 680 635 nichil
704 607 949 647 expresse:
985 596 1197 638 cedulam
1220 597 1490 650 composuit,
1513 610 1649 650 quam
1673 598 1801 640 dedit
1822 598 1865 640 d.
1888 611 1983 640 car-

213 663 357 705 dinali
387 664 728 718 Cameracensi,
757 666 834 719 qui
865 666 1068 709 laudavit
1097 671 1143 709 et
1172 669 1447 721 approbavit
1476 669 1618 710 illam.

330 747 386 789 Et
412 746 584 789 factum
612 751 696 801 est,
725 749 848 801 quod
876 750 1004 791 venit
1032 749 1090 791 ad
1117 762 1282 792 manus
1310 751 1447 804 regis.
1488 751 1633 802 Quam
1662 763 1828 804 magna
1855 752 1985 793 exul-

212 818 385 859 tatione
415 821 650 871 receptam
679 820 832 861 statim
861 820 985 862 misit
1012 822 1365 874 transscriptam
1394 822 1453 864 ad
1481 834 1642 864 omnes
1671 823 1984 875 congregatio-

212 901 297 930 nes
322 890 527 931 omnium
551 890 805 933 nationum.
843 891 898 933 Et
922 891 1050 933 illam
1075 892 1399 934 favorabiliter
1424 896 1718 946 receperunt.
1757 893 1811 935 Et
1834 893 1985 947 publi-

212 963 312 1002 cata
341 963 411 1003 est
441 973 590 1013 usque
621 961 679 1003 ad
710 961 883 1004 domini
913 975 1035 1015 pape
1066 963 1287 1005 notitiam.

330 1043 400 1085 Ex
427 1056 519 1096 quo
546 1045 690 1086 multa
719 1044 977 1087 animorum
1006 1046 1211 1099 plurium
1240 1047 1441 1089 turbatio
1470 1050 1633 1100 sequta
1661 1050 1733 1089 est
1759 1047 1846 1101 eta)
1879 1046 1985 1089 aliis

212 1118 435 1167 generata
472 1115 632 1158 letitia.
683 1116 738 1158 Et
774 1117 906 1158 scivit
943 1117 985 1158 d.
1022 1130 1158 1170 papa,
1196 1118 1319 1170 quod
1355 1118 1522 1159 dictam
1558 1118 1770 1160 cedulam
1807 1118 1985 1160 fecerat

213 1186 359 1228 dictus
385 1186 637 1229 cardinalis
665 1187 810 1229 sancti
840 1187 992 1230 Marci.
1032 1186 1207 1242 Unde'*)
1239 1189 1439 1230 maxime
1467 1189 1679 1231 turbatus
1705 1188 1793 1231 fuit
1818 1191 1864 1231 et
1889 1201 1985 1231 car-

213 1257 417 1299 dinalem
447 1258 553 1300 odio
582 1258 756 1300 habuit.
804 1258 1025 1312 Idemque
1057 1259 1309 1302 cardinalis
1339 1260 1424 1301 hoc
1456 1260 1613 1302 audito
1642 1272 1812 1313 papam
1843 1260 1985 1302 adivit

212 1332 257 1371 et
286 1329 416 1371 illam
444 1329 616 1372 fecisse
645 1342 731 1383 pro
759 1342 873 1383 pace
904 1330 1100 1372 ecclesie
1131 1331 1332 1373 asseruit
1360 1334 1406 1373 et
1434 1343 1528 1372 non
1556 1331 1754 1384 negavit.

331 1412 484 1454 Tenor
517 1415 671 1454 autem
705 1412 824 1454 dicte
857 1413 1022 1454 cedule
1054 1413 1162 1455 talis
1193 1416 1281 1455 est:
1333 1413 1384 1454 In
1416 1413 1628 1467 generali
1660 1413 1854 1455 concilio
1887 1447 1895 1455 .
1931 1447 1940 1455 .
1975 1446 1984 1455 .

212 1482 415 1525 finaliter
441 1484 688 1538 evenire.¹)

332 1566 502 1609 Contra
528 1579 665 1619 quam
692 1566 922 1608 cedulam:
966 1566 1017 1607 In
1041 1566 1253 1620 generali
1279 1566 1467 1619 quidam
1493 1566 1776 1620 adulatores,
1800 1569 1850 1609 ut
1873 1578 1984 1608 vere

213 1636 403 1691 dicatur,
435 1638 724 1690 scripserunt
752 1637 1005 1679 invectivas
1035 1638 1226 1680 cedulas
1257 1650 1308 1680 ac
1337 1637 1479 1679 nichil
1511 1637 1738 1680 audentes
1768 1649 1985 1680 asserere

213 1708 503 1751 dictaverunt
532 1721 617 1761 per
646 1709 832 1750 modum
863 1708 1171 1761 questionum.

331 1792 538 1833 Tenores
568 1794 721 1835 autem
751 1791 977 1833 dictarum
1006 1791 1277 1833 cedularum
1307 1794 1413 1834 sunt
1440 1791 1573 1833 tales.
1615 1791 1771 1833 Prima
1799 1789 1982 1832 cedula:

211 1862 271 1905 Ut
302 1863 365 1905 ait
396 1862 576 1905 Tullius
611 1896 618 1904 .
654 1896 663 1904 .
699 1896 707 1904 .
739 1862 933 1904 heretici
966 1866 1070 1904 sunt
1103 1863 1341 1905 censendi.
1385 1862 1599 1904 Secunda
1629 1862 1812 1903 cedula:
1858 1860 1985 1903 Licet

211 1947 297 1987 per
328 1933 584 1976 doctrinam
617 1967 625 1975 .
661 1967 670 1975 .
705 1967 714 1975 .
746 1933 935 1974 minime
966 1933 1216 1975 dubitetur.
1260 1933 1488 1976 Secuntur
1519 1933 1639 1975 tituli
1669 1932 1982 1986 questionum:

212 2005 259 2047 Si
285 2005 530 2047 concilium
554 2005 776 2047 Pisanum
803 2038 811 2046 .
848 2037 856 2046 .
891 2038 900 2046 .
929 2005 1020 2047 sint
1045 2004 1281 2048 censendi.
1322 2005 1486 2047 Tercia
1511 2003 1694 2046 cedula:
1733 2004 1820 2046 Via
1845 2003 1985 2045 cessi-

213 2076 314 2119 onis
344 2110 352 2118 .
388 2110 397 2118 .
432 2110 441 2119 .
471 2079 628 2118 sancta
657 2075 757 2118 Dei.
798 2076 969 2127 Quarta
997 2076 1180 2128 precise
1208 2075 1411 2117 continet
1438 2075 1559 2117 viam
1588 2074 1702 2116 belli
1730 2075 1856 2130 etc.²)

331 2159 503 2202 Contra
540 2159 685 2201 dictas
723 2158 914 2200 cedulas
953 2157 1137 2211 scripsit
1175 2158 1217 2199 d.
1256 2158 1508 2200 cardinalis
1549 2157 1901 2200 Cameracensis
1939 2158 1984 2198 et

212 2231 361 2285 secits')
409 2230 622 2272 cedulam
671 2229 951 2271 contrariam
998 2229 1335 2281 responsivam,
1383 2229 1514 2271 cuius
1560 2231 1694 2270 tenor
1739 2226 1846 2270 talis
1892 2229 1980 2269 est:

211 2302 516 2354 Summopere
543 2304 737 2343 caveant
763 2334 772 2343 .
807 2334 816 2342 .
851 2334 860 2342 .
888 2299 1172 2342 audientiam
1199 2299 1367 2353 darefl)

332 2382 707 2437 Conclusionesd)
737 2382 886 2436 posite
913 2395 999 2436 per
1025 2381 1309 2424 cardinalem
1339 2394 1374 2423 s.
1407 2381 1544 2423 Marci
1572 2384 1730 2423 contra
1756 2381 1877 2433 illos,
1905 2380 1983 2433 qui

212 2456 388 2509 primas
420 2456 753 2508 impugnabant
783 2457 828 2496 et
857 2454 1094 2506 eligebant
1124 2453 1245 2494 viam
1277 2452 1578 2494 reductionis:
1624 2452 1749 2493 Licet
1778 2452 1853 2493 via
1885 2485 1893 2493 .
1929 2484 1937 2492 .
1973 2484 1982 2492 .

212 2527 485 2581 amoveref)

326 2703 356 2735 a)
388 2702 422 2728 et
444 2723 450 2729 .
473 2720 479 2727 .
500 2720 507 2728 .
531 2699 642 2727 letitia
672 2699 752 2733 fehlt
786 2700 817 2733 Ο,
851 2700 888 2727 D.
938 2698 970 2732 b)
1004 2697 1093 2726 Unde
1109 2688 1120 2725 ¹.
1141 2719 1146 2724 .
1171 2718 1176 2723 .
1206 2697 1330 2724 habuit
1356 2696 1436 2730 fehlt
1464 2698 1494 2730 ζ’,
1522 2698 1562 2724 D.
1607 2700 1636 2727 c)
1671 2697 1704 2723 et
1736 2696 1815 2723 fecit
1845 2695 1925 2730 fehlt
1957 2695 1987 2723 C'.

210 2748 242 2777 d)
264 2747 341 2775 Sat:
363 2748 443 2781 fehlt
464 2749 500 2775 B.

330 2809 361 2852 1)
391 2808 511 2843 Hardt
539 2808 589 2851 II,
615 2809 702 2851 208,-
731 2808 857 2842 Mansa·
885 2807 1042 2848 XXVII,
1069 2808 1148 2842 553.

331 2880 362 2922 2)
392 2880 512 2914 Hardt
540 2879 590 2921 II,
616 2879 797 2921 214—195
826 2879 952 2912 Mansz'
978 2876 1137 2918 XXVII,
1164 2877 1241 2911 556.

333 2950 364 2992 ³)
390 2950 510 2984 Hardt
535 2949 585 2991 II,
610 2949 726 2993 2207&
753 2949 879 2983 Mansi
903 2947 1062 2989 XXVII,
1086 2948 1165 2982 559.

330 3020 362 3062 ⁴)
388 3020 508 3054 Hardt
533 3020 583 3061 Il,
607 3019 722 3063 222&
749 3020 875 3054 Mansi
899 3018 1057 3060 XXVII,
1081 3018 1159 3053 560.
