2227 3434
535 167 579 201 A.
619 166 816 202 Fillastres
845 165 961 201 Gesta
988 166 1139 201 concilii
1165 165 1480 202 Constantiensis.
1834 168 1890 210 97

124 288 171 328 et
190 284 538 338 procedendum
561 285 607 326 in
630 297 768 327 causa
791 284 977 327 unionis
999 284 1206 338 predicte
1229 288 1274 326 et
1297 284 1415 337 aliis,
1437 284 1495 326 de
1518 284 1686 337 quibus
1709 285 1889 337 agitur‘?

126 355 194 398 De
227 368 422 409 quorum
456 355 601 398 eciam
635 359 862 409 potestate
897 355 1004 397 dicti
1039 359 1248 398 oratores
1285 355 1527 397 informari
1563 359 1608 397 et
1642 354 1889 397 certificari

125 427 311 469 debent.
350 427 403 469 Et
427 439 580 478 causa,
605 426 727 479 quod
752 426 896 479 aliqui
921 426 1234 479 predictorum
1261 439 1422 479 regum
1448 429 1492 468 et
1515 427 1891 468 communitatum

125 509 218 539 non
240 498 468 550 venerint,
493 497 531 539 si
556 497 731 538 fuerint
754 497 901 539 vocati
924 500 969 538 et
994 497 1206 549 requisiti
1231 497 1413 538 decenti
1439 497 1591 548 modo;
1619 497 1676 539 de
1702 508 1892 549 respon-

125 567 334 611 sionibus
361 567 649 609 eorundem?

246 639 359 681 Item
382 640 419 682 si
442 639 674 692 contingat
696 638 755 681 ad
776 639 1051 680 electionem
1075 638 1240 681 summi
1263 638 1407 680 futuri
1430 637 1666 691 pontificis
1688 637 1892 692 procedi,

126 710 230 763 quis
265 711 354 752 erit
390 713 542 753 custos
579 710 824 761 conclavis,
862 710 909 751 in
946 722 1036 762 quo
1073 710 1302 751 electores
1339 709 1512 751 debent
1548 708 1796 751 convenire
1835 708 1892 750 ad

123 781 400 822 electionem
427 779 714 833 predictam?

246 851 359 894 Item
382 864 472 905 que
493 851 722 894 certitudo
744 851 893 904 datur,
916 864 976 893 ne
998 851 1081 893 fiat
1104 851 1352 904 impressio
1373 863 1458 893 nec
1481 851 1616 893 timor
1640 850 1892 892 incuciatur

125 922 259 965 dictis
292 922 589 975 electoribus,
626 923 689 964 ita
725 922 848 974 quod
885 923 975 964 sint
1013 923 1059 963 in
1095 923 1236 975 plena
1273 922 1488 964 libertate
1526 922 1585 964 ad
1618 921 1892 963 electionem

124 992 391 1036 canonicam
416 993 562 1035 futuri
587 993 753 1035 summi
779 992 1015 1046 pontificis
1041 992 1403 1035 celebrandam?

243 1064 358 1106 Item
391 1064 448 1106 de
481 1064 630 1106 modis
663 1067 709 1106 et
740 1064 1010 1105 tractatibus
1043 1063 1214 1106 habitis
1246 1076 1388 1116 super
1420 1063 1642 1116 predictis
1674 1066 1719 1105 et
1752 1074 1893 1115 super

122 1134 259 1178 modo
287 1138 333 1178 et
359 1136 433 1177 via
447 1135 664 1177 tenendis
676 1138 724 1176 et
739 1134 1047 1177 observandis
1062 1136 1183 1177 circa
1197 1134 1365 1176 dictam
1381 1134 1655 1176 electionem
1671 1132 1892 1175 fiendam.

245 1205 358 1248 Item
392 1205 450 1247 de
484 1205 711 1247 eiectione
746 1209 791 1247 et
826 1205 1184 1247 renunciacione
1219 1205 1445 1247 Johannis
1479 1208 1523 1246 et
1558 1205 1616 1247 de
1652 1204 1892 1246 renuncia-

124 1275 255 1319 cione
286 1275 502 1330 Gregorii
534 1277 597 1319 sic
628 1277 675 1318 in
707 1289 791 1318 sua
821 1276 1097 1318 obediencia
1126 1279 1510 1329 nuncupatorum.

245 1347 358 1390 Item
386 1347 444 1389 de
472 1359 696 1401 processu
722 1351 768 1389 et
795 1346 931 1389 modo
957 1347 1198 1389 eiectionis
1228 1347 1403 1389 domini
1432 1346 1669 1388 Benedicti
1696 1346 1743 1387 in
1770 1358 1892 1397 caSU,

123 1430 215 1472 quo
240 1418 410 1461 debeat
435 1417 558 1460 fieri.

242 1488 417 1531 Eadem
439 1489 643 1542 capitula
662 1489 835 1542 prefati
857 1489 996 1542 legati
1020 1489 1223 1531 Castelle
1246 1488 1539 1530 tradiderunt
1562 1487 1892 1538 cardinalibus,

124 1563 169 1602 et
191 1559 424 1614 deputatis
445 1560 692 1602 nacionum
714 1562 928 1613 petentes
951 1559 1096 1602 eciam
1119 1572 1260 1613 super
1284 1559 1378 1601 illis
1401 1571 1679 1612 responsum
1701 1558 1892 1600 habere.

240 1631 341 1672 Rex
367 1631 628 1673 convocatis
654 1631 1005 1684 presidentibus
1033 1634 1078 1672 et
1106 1630 1339 1683 deputatis
1366 1630 1613 1671 nacionum
1639 1611 1779 1682 peciit
1806 1628 1893 1671 sibi

124 1701 225 1744 dari
255 1702 515 1754 consilium,
546 1702 776 1755 quomodo
805 1701 938 1744 dictis
969 1701 1184 1754 capitulis
1216 1701 1334 1743 datis
1365 1713 1450 1754 per
1481 1701 1658 1754 legatos
1689 1700 1892 1743 Castelle

125 1772 447 1826 responderet.
484 1772 634 1826 Super
659 1785 749 1825 quo
773 1772 860 1814 fuit
884 1785 969 1826 per
993 1772 1257 1814 cardinales
1281 1775 1326 1813 et
1350 1771 1397 1813 in
1420 1771 1694 1813 nacionibus
1719 1770 1893 1812 delibe-

125 1846 273 1885 ratum
303 1846 349 1886 et
377 1843 471 1886 dati
501 1843 708 1896 deputati
739 1843 798 1885 ad
826 1842 1093 1896 ponendum
1125 1843 1172 1884 in
1203 1842 1386 1896 scriptis
1415 1841 1659 1884 concilium
1690 1840 1892 1883 dandum

126 1915 238 1968 regi,
265 1917 312 1956 et
337 1917 595 1967 posuerunt
620 1918 665 1956 et
693 1913 924 1956 dederunt
950 1926 1179 1967 responsa
1204 1913 1394 1955 cuilibet
1422 1913 1629 1955 articulo.
1671 1913 1726 1954 Et
1752 1924 1894 1964 quan-

125 1987 219 2027 tum
251 1985 310 2028 ad
339 1986 541 2038 primum
574 1985 630 2026 de
664 1986 912 2026 securitate
944 1988 990 2026 et
1020 1984 1251 2037 libertate,
1284 1984 1362 2037 qui
1394 1984 1616 2026 articulus
1649 1983 1893 2025 videbatur

126 2055 361 2108 respicere
392 2056 542 2098 solum
570 2059 754 2108 tempus
784 2055 1005 2108 futurum,
1037 2056 1145 2108 quia
1175 2055 1315 2108 legati
1347 2054 1550 2097 Castelle
1582 2054 1639 2096 de
1670 2052 1893 2107 preterito

126 2138 290 2180 parum
315 2126 553 2179 curabant,
579 2126 666 2168 fuit
689 2129 865 2168 tantum
893 2139 1185 2179 responsum,
1211 2139 1296 2179 per
1323 2138 1484 2167 omnes
1510 2125 1745 2177 naciones,
1771 2123 1893 2177 quod

127 2197 174 2238 in
201 2197 397 2240 concilio
426 2197 581 2239 fuerat
609 2200 654 2239 et
684 2200 784 2239 erat
813 2197 955 2250 plena
985 2197 1179 2238 libertas
1208 2200 1253 2238 et
1283 2196 1521 2239 securitas.
1564 2195 1642 2238 Set
1671 2195 1779 2248 quia
1810 2206 1893 2236 rex

126 2269 306 2310 notorie
329 2281 379 2311 se
401 2268 582 2310 dicebat
603 2269 783 2310 hostem
804 2268 928 2321 regis
952 2267 1160 2320 Francie,
1181 2267 1270 2309 fuit
1290 2280 1376 2320 per
1397 2279 1559 2309 omnes
1581 2266 1727 2308 eciam
1749 2265 1894 2307 cardi-

128 2338 260 2381 nales
286 2338 506 2392 additum,
531 2338 655 2392 quod
680 2351 764 2380 rex
791 2338 1121 2392 respondendo
1146 2337 1345 2380 offerret
1371 2337 1482 2380 dare
1509 2336 1697 2390 'plenam
1726 2336 1895 2379 securi-

127 2410 266 2451 tatem
296 2413 342 2451 et
374 2409 637 2451 libertatem
670 2410 717 2451 in
747 2412 872 2451 certa
903 2409 1054 2451 forma
1084 2421 1169 2462 per
1201 2421 1362 2451 omnes
1394 2407 1670 2450 concordata
1702 2410 1747 2449 et
1777 2407 1894 2448 lecta

129 2491 280 2522 coram
311 2492 380 2522 eo.
424 2480 479 2522 Et
508 2480 618 2533 quia
647 2481 981 2532 responsiones
1013 2479 1071 2522 ad
1102 2483 1281 2521 ceteros
1313 2478 1531 2521 articulos
1562 2481 1608 2520 et
1636 2478 1783 2520 eciam
1813 2477 1894 2519 illa

130 2549 308 2593 oblacio
335 2563 454 2593 nove
485 2541 865 2593 36611Υ11311511011
895 2550 1142 2603 placebant
1171 2549 1274 2602 sibi,
1305 2549 1412 2602 quia
1442 2549 1562 2591 inter
1591 2551 1747 2591 cetera
1776 2547 1894 2589 dice-

129 2618 277 2674 batur,
299 2621 423 2674 quod
444 2621 502 2663 de
525 2622 753 2663 electione
778 2621 836 2663 ad
858 2633 964 2662 eum
987 2633 1079 2663 non
1102 2621 1381 2674 pertinebat,
1404 2619 1534 2672 dixit,
1557 2619 1680 2673 quod
1703 2630 1894 2671 respon-

129 2689 318 2733 deretur
345 2691 433 2734 sibi
460 2691 518 2734 de
545 2692 793 2734 securitate
822 2691 1032 2745 preteriti
1058 2692 1301 2744 temporis;
1331 2691 1388 2732 de
1417 2689 1584 2732 ceteris
1612 2692 1765 2731 autem
1794 2689 1893 2741 ipse

131 2760 250 2804 bene
274 2762 596 2816 responderet.
634 2763 813 2815 Anglici
841 2765 994 2804 autem
1020 2762 1252 2812 dixerunt,
1279 2761 1401 2814 quod
1428 2761 1760 2814 responsiones
1787 2770 1894 2801 suas

130 2829 359 2874 dederunt
389 2833 487 2886 regi
519 2833 578 2875 ad
609 2836 789 2886 partem
821 2832 1087 2886 finaliterss).
1133 2832 1205 2873 Ad
1237 2832 1404 2873 multas
1438 2830 1688 2873 instancias
1720 2828 1894 2881 recepit

133 2902 405 2955 scripturam
448 2903 506 2945 de
549 2903 700 2946 forma
744 2904 1041 2946 securitatum
1086 2903 1349 2956 petitarum.
1406 2902 1459 2943 Et
1501 2900 1791 2954 postmodum
1835 2911 1893 2940 ex

131 2975 261 3023 parte
288 2973 533 3016 nacionum
560 2973 647 3015 fuit
674 2974 764 3015 sibi
791 2986 1083 3026 responsum,
1112 2973 1236 3026 quod
1263 2972 1402 3014 fieret
1430 2973 1570 3025 plena
1599 2970 1822 3012 securitas
1849 2971 1893 3010 et

234 3067 265 3097 a)
287 3046 318 3098 ζ’,
338 3065 387 3092 1).·
405 3064 600 3093 formaliter.

199 3133 341 3168 rinke,
362 3135 444 3163 Acta
465 3135 598 3164 concilii
620 3135 896 3163 Constanciensis.
918 3134 954 3161 11.
1659 3122 1681 3161 7
