2102 3444
244 166 329 209 352
783 167 805 200 l.
833 166 1042 201 Abschnitt.
1082 166 1481 210 Konzilstagebiicher.

364 285 588 328 Dominus
623 288 781 326 noster
815 284 1066 326 novissime
1101 284 1230 338 dixit,
1263 285 1385 338 quod
1419 285 1519 339 ipse
1553 286 1741 328 omnino
1775 286 1870 328 vult
1903 285 2016 327 dare

247 367 406 408 pacem
435 355 646 398 ecclesie.

364 427 619 485 Novissime
653 439 738 479 per
771 426 1056 468 cardinalem
1089 440 1123 469 s.
1159 427 1298 469 Marci
1333 427 1544 470 ordinata
1579 427 1666 469 fuit
1698 427 1863 469 cedula
1895 440 2016 481 pape

248 501 427 539 secreto
450 497 747 550 porrigenda,
773 497 903 539 cuius
927 501 1061 539 tenor
1085 497 1190 540 talis
1213 501 1301 540 est:

365 568 638 610 Beatissime
664 570 810 621 pater.
850 568 921 609 Ad
946 568 1156 622 gloriam,
1184 569 1369 611 laudem
1396 573 1441 611 et
1469 570 1692 611 honorem
1720 569 1805 611 Dei
1832 572 1877 612 et
1903 569 2017 611 fidei

247 640 469 681 catholice
510 642 554 680 et
594 639 790 680 ecclesie
831 639 1052 692 Romane,
1092 652 1287 692 quarum
1329 640 1452 682 vices
1493 653 1577 693 per
1617 643 1709 682 tam
1748 639 2016 682 diuturnum

247 710 468 764 scisma‚³¹)
508 710 566 751 ad
603 710 726 762 quod
763 710 1132 752 submovendum
1169 711 1327 753 nullus
1366 711 1514 753 adhuc
1552 723 1836 753 summorum
1870 711 2018 764 ponti-

248 781 385 822 ficum
419 781 734 834 cuiuscunque
767 781 1042 823 obediencie
1075 781 1165 824 nisi
1199 782 1413 824 simulate
1449 782 1692 836 laboravit,
1726 781 1786 824 ad
1816 781 2018 835 graciam

248 852 332 893 Dei
357 855 401 893 et
424 852 677 904 hominum,
703 852 761 894 ad
784 852 1016 905 premium
1041 856 1268 905 eternum,
1294 853 1352 895 ad
1377 852 1564 895 vitanda
1588 852 1798 906 pericula
1818 855 1868 895 et
1891 865 2018 896 scan-

247 923 366 975 dala,
404 936 492 976 que
531 922 773 966 imminent
808 926 899 965 tam
937 923 1133 965 ecclesie
1169 923 1375 966 Romane
1414 937 1550 976 quam
1585 923 1844 966 universali
1880 935 2018 977 quam

249 995 440 1046 insuper
480 1005 682 1046 persone
725 994 980 1037 sanctitatis
1022 998 1175 1037 vestre
1217 998 1261 1036 et
1300 995 1445 1037 tocius
1487 995 1684 1047 collegii,
1725 994 2018 1037 considerato

247 1068 369 1106 motu
402 1065 606 1106 omnium
640 1065 997 1107 christianorum
1030 1069 1075 1107 et
1107 1078 1205 1119 spe,
1238 1078 1375 1119 quam
1409 1066 1583 1108 habent
1612 1065 1659 1107 in
1691 1066 1780 1107 isto
1811 1065 2018 1118 concilio,

247 1139 418 1178 attenta
444 1135 589 1178 eciam
615 1135 922 1178 inclinacione
949 1136 1088 1178 huius
1111 1137 1347 1189 presentis
1373 1136 1554 1178 concilii
1580 1136 1639 1178 ad
1664 1149 1807 1178 unum
1833 1136 2018 1178 modum

248 1207 432 1248 unionis
457 1206 654 1249 ecclesie
678 1219 764 1260 pro
787 1219 901 1260 pace
926 1210 970 1249 et
995 1208 1332 1260 tranquillitate
1357 1220 1558 1260 persone
1585 1207 1840 1250 sanctitatis
1864 1209 2017 1249 vestre

246 1277 427 1320 videtur
475 1277 837 1320 ferventissimis
886 1277 1168 1320 zelatoribus
1218 1281 1375 1320 sancte
1424 1278 1621 1320 ecclesie
1669 1281 1716 1320 et
1763 1278 2018 1320 sanctitatis

246 1351 414 1401 vestre,
460 1349 583 1401 quod
627 1349 842 1391 omnibus
887 1349 1155 1392 carnalibus
1201 1348 1440 1391 affectibus
1484 1349 1755 1402 post-possitis
1801 1349 2020 1391 sanctitas

248 1423 401 1463 vestra
425 1420 594 1463 debeat
616 1419 859 1462 attendere
883 1432 1000 1473 pure
1024 1423 1069 1462 et
1091 1420 1274 1462 sincere
1299 1420 1357 1462 ad
1380 1432 1541 1473 pacem
1564 1423 1610 1462 et
1631 1420 1852 1462 unionem
1875 1420 2019 1462 eccle-

247 1491 313 1532 sie
342 1503 427 1544 per
455 1490 641 1533 modum
670 1490 1036 1544 infrascriptum,
1065 1491 1187 1533 ultra
1216 1491 1290 1532 vel
1319 1493 1479 1544 preter
1507 1503 1644 1544 quem
1672 1491 1804 1533 nulla
1831 1491 2019 1533 omnino

248 1574 356 1614 spes
381 1565 452 1605 est
476 1563 605 1615 pacis
630 1565 674 1604 et
697 1562 883 1604 unionis
909 1562 1108 1604 ecclesie
1134 1565 1179 1604 et
1203 1561 1422 1615 quicquid
1447 1575 1532 1615 per
1559 1561 1696 1604 aliam
1721 1561 1842 1604 viam
1867 1561 2019 1615 queri-

246 1636 332 1685 tur,
361 1633 627 1675 simulatum
653 1633 813 1686 pocius
839 1634 913 1674 vel
942 1633 1181 1686 diffugium
1208 1636 1462 1686 reputatur.

365 1703 568 1746 Primum
600 1707 645 1746 et
674 1705 948 1758 precipuum
980 1707 1063 1757 est,
1094 1704 1217 1757 quod
1247 1718 1281 1746 s.
1314 1718 1353 1746 v.
1384 1704 1630 1757 premissis
1661 1703 1781 1745 bene
1812 1702 2021 1746 conside-

248 1776 360 1816 ratis
381 1787 497 1828 pure
520 1778 563 1817 et
584 1775 765 1818 sincere
787 1776 991 1817 animum
1014 1774 1263 1817 intendens
1285 1775 1345 1817 ad
1365 1775 1531 1817 dictam
1552 1787 1714 1828 pacem
1734 1777 1780 1816 et
1799 1773 2019 1816 unionem

247 1848 626 1899 postponensque
656 1858 816 1888 omnes
845 1847 1059 1888 carnales
1086 1845 1285 1889 affectus
1313 1859 1406 1888 non
1433 1848 1690 1899 expectata,
1717 1844 1840 1899 quod
1864 1845 2020 1899 pulse-

248 1920 320 1959 tur
345 1917 402 1959 ab
427 1917 662 1970 aliquibus
686 1917 760 1959 vel
785 1931 811 1960 a
833 1920 928 1960 toto
951 1917 1144 1960 concilio
1169 1918 1253 1960 sed
1276 1920 1510 1970 tamquam
1535 1930 1561 1959 a
1585 1929 1714 1959 mera
1736 1915 2019 1959 liberalitate

248 1994 291 2030 et
314 1991 439 2030 motu
460 1989 652 2041 proprio
675 1988 849 2031 offerat
868 1989 990 2030 viam
1009 1988 1238 2031 cessionis
1260 1988 1604 2042 practicandam
1627 1991 1673 2030 et
1693 1987 2018 2041 exequendam

249 2058 503 2100 secundum
527 2059 771 2101 consilium
794 2059 974 2102 concilii
998 2060 1072 2101 vel
1096 2059 1378 2113 prudentum
1402 2062 1446 2100 et
1469 2058 1695 2101 iustorum
1717 2058 2019 2112 prelatorum,

249 2129 499 2182 doctorum,
527 2130 780 2172 zelatorum
807 2131 936 2184 pacis
964 2133 1008 2172 et
1036 2130 1222 2173 unionis
1249 2130 1461 2182 ecclesie,
1490 2130 1636 2172 eciam
1663 2141 1749 2183 per
1777 2127 2019 2171 concilium

249 2200 616 2253 approbandum.

366 2271 573 2314 Practica
611 2275 764 2314 autem
803 2272 1099 2314 execucionis
1139 2272 1277 2315 huius
1316 2271 1388 2313 vie
1428 2271 1653 2314 cessionis
1691 2270 1875 2313 videtur
1913 2282 2018 2314 esse

248 2340 372 2383 talis:

366 2412 534 2467 Primo,
562 2425 662 2454 cum
691 2412 1052 2456 ambassiatores
1079 2413 1204 2455 Petri
1232 2414 1289 2456 de
1317 2413 1447 2455 Luna
1474 2413 1716 2466 requirant
1742 2415 1787 2455 et
1813 2412 2019 2455 offerant
2042 2445 2047 2448 .

248 2482 607 2526 convencionem
640 2484 764 2536 regis
797 2484 1107 2526 Romanorum
1139 2497 1240 2525 cum
1273 2496 1383 2538 rege
1416 2485 1682 2537 Aragonum
1716 2486 1760 2526 et
1792 2483 1931 2526 Petro
1961 2483 2019 2525 de

250 2553 379 2597 Luna
410 2555 455 2595 in
486 2554 625 2608 Nicia,
657 2554 785 2596 illam
814 2555 1174 2596 convencionem
1207 2557 1447 2607 acceptare
1479 2554 1634 2597 velitis
1663 2554 1944 2597 declarative
1975 2557 2021 2596 et

249 2624 605 2667 determinative
637 2625 696 2667 ad
726 2625 857 2666 illum
890 2625 1034 2666 finem
1069 2625 1253 2668 unionis
1284 2625 1480 2667 ecclesie
1511 2638 1598 2678 per
1629 2626 1750 2667 viam
1781 2624 2020 2677 cessionis,

249 2695 370 2749 quia,
399 2696 437 2738 si
465 2695 565 2739 sine
593 2696 673 2738 tali
703 2694 1010 2748 expressione
1039 2698 1372 2748 acceptaretur,
1400 2696 1531 2738 nulla
1557 2696 1647 2738 erit
1673 2695 1861 2749 fiducia,
1889 2694 2019 2737 nulla

250 2778 360 2819 spes
387 2766 444 2809 de
470 2767 644 2809 unione
670 2767 899 2820 paucique
927 2767 1217 2820 convenient,
1246 2767 1377 2809 nulla
1405 2767 1608 2820 denique
1636 2780 1675 2808 v.
1704 2779 1739 2809 s.
1767 2767 1916 2820 gloria
1942 2769 2021 2808 aut

249 2838 405 2890 gracia
441 2840 510 2880 set
546 2837 750 2891 suspicio
783 2840 976 2891 propter
1011 2837 1359 2890 experienciam
1397 2837 1608 2891 duorum,
1644 2838 1722 2891 qui
1759 2849 1902 2890 super
1934 2837 2020 2879 hoc

250 2908 541 2960 tergiversati
570 2911 689 2962 sunt,
716 2908 861 2951 eciam
886 2911 1078 2962 propter
1104 2907 1456 2961 negligenciam,
1483 2920 1572 2961 que
1598 2908 1645 2950 in
1670 2908 1756 2950 hoc
1780 2907 2019 2961 hucusque

250 2978 409 3020 habita
428 2981 511 3031 est,
533 2993 592 3021 ex
613 2992 702 3032 qua
724 2982 823 3021 orta
842 2982 912 3021 est
933 2979 1072 3031 fama,
1095 2978 1217 3031 quod
1237 2992 1277 3020 v.
1300 2992 1334 3021 s.
1357 2978 1559 3032 refugiat
1576 2978 1710 3020 illum
1730 2977 1929 3020 modum.

355 3090 384 3109 ut
406 3090 440 3109 ευ
463 3083 515 3109 ΙΙκ.
