2227 3434
541 175 580 210 E.
621 176 700 211 Der
723 176 824 211 liber
847 178 1041 220 gestorum
1069 177 1138 211 des
1164 175 1406 212 Cerretanus.
1772 179 1857 222 313

91 295 295 337 occulata
324 293 420 336 fide
451 293 650 336 vidimus
681 297 726 336 et
754 294 1048 347 palpavimus
1078 294 1124 336 in
1153 295 1238 336 hoc
1269 307 1427 348 regn0‚
1457 298 1701 348 postquam
1732 297 1858 338 veni-

91 378 206 418 mus,
231 365 432 407 maxime
456 365 684 408 novitates
708 368 900 418 propter
925 368 1118 407 mortem
1144 365 1185 406 d.
1212 365 1336 418 regis
1361 365 1627 419 Aragonum
1652 366 1856 412 fuerunt.

90 447 219 488 quas,
244 448 387 477 unum
413 438 596 488 tempus
623 434 724 487 fuit,
752 435 852 477 sine
881 435 1111 477 bellorum
1138 448 1393 489 congressu
1419 439 1465 478 et
1491 436 1690 479 maxima
1714 437 1858 479 homi-

89 519 198 548 num
225 509 378 560 strage
402 507 667 559 putavimus
690 519 782 548 non
809 519 948 559 posse
974 505 1227 559 pacificari,
1254 507 1472 560 quoniam
1497 507 1572 549 hic
1597 507 1733 550 simul
1759 508 1857 549 fue-

88 580 195 619 runt
222 577 343 620 ultra
371 577 436 619 VI
463 576 593 619 milia
618 577 857 618 hominum
887 580 1169 619 armatorum
1198 577 1297 620 sine
1325 577 1563 630 peditibus
1590 581 1637 620 et
1663 578 1857 620 homini-

87 647 174 691 bus
207 647 264 689 de
296 650 457 700 tractu,
491 647 548 689 de
581 647 748 700 quibus
781 647 867 689 fuit
901 660 1066 701 magna
1100 648 1356 690 multitudo.
1403 648 1618 691 Attamen
1650 661 1736 703 per
1769 649 1853 691 Dei

87 719 281 771 gratiam
308 717 553 771 pacificata
582 721 687 760 sunt
714 718 867 761 omnia
894 731 979 771 pro
1006 719 1229 771 presenti,
1259 720 1469 772 quamvis
1499 732 1523 762 a
1552 720 1709 763 multis
1734 720 1856 762 hesi-

85 791 221 842 tetur,
249 801 318 831 an-
338 789 508 831 durare
538 789 720 842 possint
747 789 812 832 sic
841 789 927 832 ista
955 789 1153 842 negotia,
1182 789 1289 842 quia
1319 790 1527 843 regimen
1555 790 1693 833 huius
1722 792 1853 845 regni

87 863 132 902 et
152 859 362 903 custodia
383 872 587 913 persone
611 861 735 914 regis
759 873 818 902 ex
842 863 936 902 toto
958 863 1131 903 mutata
1155 864 1260 903 sunt
1283 864 1329 903 et
1353 860 1550 903 deventa
1575 861 1633 903 ad
1659 861 1853 904 aliorum

85 942 223 983 quam
254 942 341 984 per
372 931 504 984 prius
536 931 724 984 penitus
757 943 936 983 manus,
969 944 1054 984 per
1087 943 1282 984 quorum
1314 932 1568 985 potentiam
1602 935 1646 974 et
1679 932 1855 975 subtili-

85 1003 205 1045 tates
228 1014 390 1044 omnes
415 1001 493 1044 alii
520 1003 658 1044 amoti
685 1005 804 1055 sunt,
830 1006 876 1045 et
899 1002 1030 1044 multi
1057 1015 1116 1044 ex
1140 1002 1255 1055 ipsis
1281 1003 1419 1045 etiam
1444 1004 1688 1056 utriusque
1715 1016 1855 1046 sexus

85 1076 130 1116 et
158 1072 281 1115 bene
312 1072 466 1126 magni
498 1073 544 1114 in
575 1085 720 1126 regno
752 1074 839 1115 isto
870 1072 1011 1115 coacti
1043 1072 1236 1116 fuerunt
1267 1086 1325 1115 ex
1356 1076 1450 1116 toto
1480 1074 1598 1116 hanc
1631 1074 1853 1116 deserere

84 1143 272 1195 curiam,
297 1156 356 1186 ex
382 1143 550 1197 quibus
575 1144 706 1186 multi
731 1144 852 1186 bene
879 1144 1031 1198 magni
1059 1147 1275 1186 asserunt
1300 1145 1557 1186 honoribus
1583 1146 1680 1188 suis
1704 1145 1853 1188 fuisse

84 1226 221 1267 quam
247 1213 501 1267 plurimum
532 1214 800 1257 detractum.
843 1215 994 1266 Quare
1025 1215 1071 1256 in
1100 1218 1243 1258 totum
1274 1215 1535 1258 mirandum
1566 1228 1731 1258 revera
1760 1229 1852 1258 non

84 1287 166 1338 est,
196 1285 234 1328 si
262 1285 478 1338 expediri
506 1299 599 1328 non
627 1287 928 1339 potuerimus.
974 1286 1088 1328 Item
1117 1286 1355 1339 noveritis,
1385 1286 1508 1339 quod
1535 1287 1607 1329 hic
1636 1290 1706 1329 est
1732 1300 1853 1329 unus

87 1355 216 1399 filius
241 1356 498 1410 iniquitatis
523 1360 773 1410 pretensus
801 1357 1234 1411 Cesaraugustanus
1260 1357 1369 1399 olim
1395 1357 1441 1399 in
1468 1357 1735 1411 primordiis
1762 1370 1857 1399 cre-

86 1426 254 1470 ationis
280 1427 406 1470 Petri
434 1427 491 1470 de
519 1428 649 1470 Luna
678 1428 826 1471 dictus
854 1428 1128 1471 Franciscus
1157 1428 1425 1482 Clementis,
1454 1429 1531 1482 qui
1558 1429 1632 1470 hic
1660 1441 1709 1472 se
1738 1428 1857 1483 gerit

86 1510 171 1552 pro
196 1498 363 1552 legato,
391 1499 564 1552 quique
592 1502 763 1552 quanta
789 1503 835 1541 et
862 1487 1018 1552 qualia
1046 1499 1247 1553 dampna
1275 1503 1367 1542 tam
1392 1512 1480 1553 per
1504 1499 1855 1553 promissioneS,

85 1581 223 1622 quam
251 1569 373 1613 dona
398 1573 446 1612 et
472 1569 564 1613 alia
588 1582 675 1624 per
702 1584 811 1613 suas
838 1570 1022 1624 iniquas
1051 1571 1250 1613 astucias
1278 1574 1323 1612 et
1349 1583 1435 1624 per
1463 1571 1706 1613 suasiones
1733 1570 1855 1613 falsa

87 1644 132 1683 et
162 1640 415 1684 falsissima
450 1641 724 1684 seminando
757 1645 801 1683 et
835 1642 1056 1684 seminari
1091 1641 1307 1684 faciendo
1341 1641 1580 1684 mendacia
1615 1641 1693 1684 det
1725 1654 1854 1684 sacre

86 1711 260 1764 unioni,
290 1712 526 1765 explicare
559 1725 650 1755 non
683 1713 906 1764 valemus,
939 1712 1046 1766 quia
1076 1725 1161 1754 nec
1192 1713 1396 1755 calamus
1428 1712 1632 1755 scribere
1665 1716 1740 1755 aut
1771 1712 1856 1754 lin-

85 1795 173 1835 gua
204 1783 442 1836 explicare
473 1786 643 1836 posset.
693 1783 843 1837 Ipsius
872 1787 1027 1826 tamen
1058 1784 1216 1826 verbis
1246 1784 1461 1836 reprobis
1493 1787 1537 1825 et
1569 1783 1740 1837 iniquis
1769 1797 1856 1837 per

88 1853 288 1896 medium
324 1853 537 1896 fidelium
571 1855 823 1896 zelatorum
859 1867 989 1897 sacre
1023 1854 1208 1897 unionis
1240 1867 1326 1896 nec
1357 1867 1451 1896 non
1483 1858 1744 1897 vestrarum
1778 1854 1857 1896 du-

87 1924 193 1967 dum
223 1938 308 1979 per
338 1925 572 1978 prefatum
605 1925 646 1967 d.
677 1925 937 1968 Johannem
971 1926 1027 1967 de
1059 1925 1212 1978 Opizis
1242 1929 1286 1967 et
1316 1925 1498 1967 noviter
1527 1938 1613 1979 per
1643 1925 1860 1968 nuntium·

89 1995 129 2037 d.
163 1995 322 2039 Didaci
356 1996 413 2038 de
445 1995 686 2047 Quinionis
720 1996 760 2038 d.
796 1997 893 2050 regi
926 2000 973 2039 et
1003 1997 1165 2050 regine
1198 1997 1478 2038 directarum
1512 2009 1562 2039 ac
1593 1996 1732 2039 etiam
1764 1997 1856 2050 pri-

89 2069 295 2109 vatarum
330 2067 478 2120 ipsius
513 2067 570 2110 de
604 2067 848 2118 Quinionis
882 2067 1141 2109 litterarum
1175 2071 1220 2109 et
1254 2080 1339 2121 per
1372 2080 1458 2110 nos
1492 2080 1541 2110 ac
1578 2067 1695 2110 alias
1727 2067 1854 2109 iuxta

89 2150 226 2190 posse
262 2137 503 2180 obviamus
539 2141 584 2180 et
621 2139 709 2180 iam
746 2138 880 2181 trinis
916 2139 1089 2181 nostris
1125 2138 1274 2181 literis
1309 2138 1497 2192 prefato
1532 2138 1573 2180 d.
1610 2138 1708 2192 regi
1744 2138 1856 2180 Ara-

87 2220 255 2261 gonum
291 2209 598 2262 supplicando
634 2209 918 2262 scripsimus,
953 2213 1000 2251 ut
1036 2209 1186 2262 ipsum
1223 2209 1281 2252 ab
1316 2209 1401 2251 hoc
1437 2222 1581 2263 regno
1616 2212 1856 2252 revocaret

88 2279 159 2321 vel
187 2279 431 2322 ecclesiam
459 2279 910 2333 Cesaraugustanam
935 2283 981 2322 et
1005 2280 1106 2322 eius
1131 2280 1253 2322 bona
1279 2280 1336 2322 ad
1364 2293 1548 2323 manum
1575 2293 1705 2323 suam
1730 2280 1855 2322 iuxta

88 2351 459 2393 constitutionem
487 2352 532 2392 in
559 2351 871 2393 subtractione
899 2354 1112 2393 contenta
1137 2355 1278 2404 ponat
1301 2355 1349 2394 et
1374 2351 1489 2394 alias
1514 2351 1667 2404 ipsum
1694 2351 1856 2394 Cesar-

90 2424 393 2474 augustanum
415 2425 462 2464 et
483 2422 651 2464 dictum
674 2422 731 2464 de
754 2421 883 2465 Luna
907 2435 1108 2475 suosque
1133 2423 1317 2475 iniquos
1339 2422 1587 2475 complices
1609 2423 1748 2464 etiam
1771 2435 1855 2475 per

89 2491 345 2544 captionem
373 2505 679 2546 personarum
708 2496 1018 2546 persequatur
1045 2496 1090 2535 et
1118 2493 1338 2546 persequi
1367 2492 1517 2535 faciat.
1563 2493 1689 2535 Idem
1717 2493 1854 2535 etiam

89 2562 358 2615 scripsimus
387 2563 845 2606 Barchinonensibus
873 2568 918 2606 et
949 2564 1104 2606 multis
1134 2563 1252 2617 aliis,
1283 2577 1397 2617 quos
1427 2566 1642 2617 putamus
1670 2564 1855 2617 negotio

91 2632 328 2685 prodesse.
365 2634 429 2676 Ac
451 2635 589 2676 etiam
612 2647 698 2688 per
722 2635 913 2676 latorem
939 2635 1228 2688 presentium
1251 2647 1372 2676 nunc
1396 2634 1641 2676 scribimus
1666 2638 1709 2676 et
1734 2634 1853 2687 quod

90 2703 226 2745 etiam
255 2704 431 2758 absque
459 2717 528 2757 eo,
556 2705 679 2758 quod
706 2706 903 2747 ulterius
931 2708 1143 2758 expectet
1171 2706 1531 2748 ambassiatores
1560 2705 1695 2746 huius
1724 2704 1853 2758 regni

91 2786 197 2816 suos
228 2774 587 2818 ambassiatores
617 2779 661 2818 et
691 2776 898 2829 prelatos
928 2779 973 2818 et
1004 2776 1120 2818 alios
1150 2776 1356 2818 conciliis
1385 2775 1685 2829 generalibus
1717 2775 1855 2816 inter-

91 2855 194 2887 esse
230 2849 474 2888 consuetos
509 2847 568 2889 ad
603 2860 683 2889 vos
718 2846 1008 2890 transmittat.
1059 2847 1187 2889 idem
1223 2847 1361 2889 etiam
1398 2846 1642 2887 scribimus
1679 2845 1719 2887 d.
1755 2847 1851 2899 regi

91 2913 294 2958 Navarre
325 2919 370 2959 et
399 2917 521 2970 quod
551 2917 682 2960 vobis
713 2917 986 2960 documenta
1018 2930 1103 2971 per
1134 2917 1323 2959 eosdem
1357 2930 1464 2959 suos
1495 2916 1855 2959 ambassiatores

93 2995 233 3037 super
260 2986 570 3030 subtractione
601 2988 744 3030 mittat
773 2991 818 3030 et
843 3001 930 3042 per
959 3001 1066 3029 suos
1095 2988 1168 3029 hic
1196 2988 1452 3029 existentes
1480 2987 1854 3032 ambassiatores,

94 3055 185 3108 qui,
207 3055 308 3099 fere
332 3058 505 3101 mensis
528 3062 611 3110 est,
634 3058 706 3100 hic
730 3062 836 3101 sunt
858 3062 903 3101 et
925 3059 999 3100 vix
1026 3058 1143 3101 dicta
1169 3058 1243 3100 die
1267 3057 1454 3100 veneris
1476 3060 1579 3111 post
1602 3070 1686 3100 nos
1711 3057 1852 3100 auditi
