2227 3434
519 168 557 203 B.
597 170 673 204 Der
696 168 796 204 liber
817 170 1010 213 gestorum
1036 168 1104 203 des
1128 165 1370 202 Cerretanus.
1745 168 1827 211 193

0 319 2 327 ,
61 286 314 342 flagitabat.
363 287 477 340 Illis,
509 288 587 340 qui
620 287 792 329 subditi
825 289 962 340 atque
994 285 1170 329 seducti
1202 285 1320 328 foris
1353 288 1487 338 stant,
1520 285 1828 339 principatum

0 404 2 414 ἰ
62 362 189 401 tuum
214 359 372 412 utique
397 358 655 401 salvificam
681 357 1012 409 reductionem,
1037 360 1196 410 pastor
1220 357 1355 408 bone,
1380 356 1661 409 disposuisti.
1703 356 1829 397 Multi

62 429 303 483 querendo
327 429 523 483 gloriam
550 441 694 482 suam,
720 428 869 481 inquit
894 428 1195 482 Augustinus,
1222 440 1333 470 oves
1360 426 1530 470 Christi
1557 429 1831 480 sparserunt

61 501 214 554 potius
245 512 384 554 quam
416 502 833 553 congregaverunt;
866 502 916 541 tu
948 511 1059 541 vero
1092 499 1150 541 ob
1183 498 1427 540 ecclesiam
1459 496 1828 551 congregandam

62 571 356 625 temetipsum
378 570 695 613 exinaniendo
717 582 1001 624 congregare
1024 569 1351 623 disposuisti,³)
1375 568 1612 622 propriam
1634 568 1829 621 gloriam

61 642 263 695 calcasti,
288 645 447 695 partes
472 642 704 694 reliquisti
732 641 1075 683 amantissimas
1102 653 1152 682 ac
1178 640 1260 682 tibi
1285 639 1505 692 notiores,
1530 651 1678 693 genus
1702 642 1829 680 tuum

63 712 259 767 insigne,
279 712 634 755 consistenciam
653 712 782 766 pacis
801 711 1006 766 proprie,
1027 712 1287 753 ubertatem
1309 709 1615 764 singularium
1637 722 1831 752 commo-

61 783 240 837 dorum,
268 783 347 826 ubi
375 783 625 837 presertim
651 783 799 826 hostis
828 782 1015 836 quidem
1043 785 1148 825 tuus
1178 785 1222 823 et
1251 781 1448 824 ecclesie
1478 780 1634 823 divino
1659 779 1831 822 'iudicio

62 855 381 898 succubuerat.
417 855 532 897 Ecce
556 853 786 907 reliquisti
809 854 963 896 omnia
987 866 1038 895 ac
1060 853 1182 895 ultro
1204 865 1290 906 per
1311 852 1500 905 Alpium
1524 852 1761 894 cacumina
1784 851 1830 892 in

61 926 220 980 algore
249 926 392 968 multo
416 924 592 968 nivium
619 928 664 967 et
690 924 954 978 pluviarum
981 924 1069 966 huc
1096 923 1341 976 advenisti,
1369 926 1553 965 secutus
1582 922 1830 973 Christum,

0 987 10 1003 ⁸
37 996 192 1039 'cuius
219 1009 390 1051 sponse
417 996 611 1049 gloriam
641 995 997 1038 reformacionis
1023 1008 1074 1037 ac
1101 995 1379 1047 integritatis
1408 995 1630 1035 honorem
1657 993 1831 1035 cunctis

62 1069 205 1112 rebus
230 1072 276 1111 et
301 1068 480 1110 tibimet
505 1068 593 1121 ipsi
621 1067 837 1121 preferre
868 1101 875 1108 .
912 1101 919 1108 .
956 1101 964 1108 .
992 1066 1274 1119 proposuisti
1305 1100 1313 1107 .
1350 1099 1357 1106 .
1394 1099 1401 1106 .

179 1139 290 1193 Eya,
313 1139 510 1182 insistite
534 1138 770 1192 principes
794 1172 801 1180 .
838 1172 846 1180 .
882 1172 890 1180 .
913 1138 1122 1180 Audistis
1146 1138 1237 1179 iam
1259 1137 1475 1190 primitus
1497 1136 1553 1178 de
1577 1135 1831 1177 ierarchico

7 1230 10 1233 ·
62 1211 339 1264 principatu,
369 1213 540 1263 quanto
568 1210 744 1252 honore
776 1209 948 1262 suscipi
978 1208 1147 1250 debeat
1176 1242 1184 1250 .
1220 1242 1228 1249 .
1265 1242 1272 1249 .
1314 1206 1544 1260 Scriptum
1572 1209 1659 1248 est:
1703 1204 1832 1246 Prin-

4 1339 6 1341 ·
62 1281 210 1335 cipem
239 1282 401 1335 populi
432 1281 497 1323 tui
526 1294 619 1323 non
651 1280 955 1335 maledices.¹)
1002 1279 1198 1332 Culpam
1232 1279 1368 1332 igitur
1400 1277 1565 1320 summi
1596 1275 1832 1330 pontificis

62 1352 348 1406 redarguere
390 1355 664 1406 arroganter
704 1364 841 1394 nemo
881 1350 1064 1403 audeat,
1106 1350 1250 1392 veluti
1288 1348 1526 1391 cuiusdam
1570 1348 1832 1401 allegantur

0 1473 2 1478 λ
62 1426 192 1478 gesta
229 1423 457 1466 Bonifacii
497 1423 715 1466 martiris.
767 1422 910 1464 Nemo
949 1421 1123 1475 quippe
1160 1419 1382 1462 iudicabit
1420 1419 1617 1473 primam
1656 1417 1831 1469 sedem,

63 1495 126 1537 ait
166 1494 476 1546 Innocentius,
513 1493 643 1537 cuius
679 1491 967 1536 reformandi
1005 1491 1220 1545 superior
1257 1489 1504 1534 auctoritas
1542 1489 1588 1531 in
1627 1489 1726 1532 sola
1762 1500 1832 1530 ec-

62 1566 205 1609 clesia
233 1563 498 1619 consistit.¹¹)
542 1565 762 1618 Alioquin
791 1577 884 1606 non
911 1566 1037 1606 esset
1066 1565 1211 1605 status
1242 1563 1287 1603 in
1317 1561 1581 1614 principatu
1609 1563 1654 1602 et
1683 1559 1831 1613 quivis

0 1654 4 1658 ·
61 1649 147 1691 pro
181 1636 312 1679 libito
345 1636 493 1690 ipsius
527 1635 855 1678 excellentiam
891 1634 1147 1677 deflectere
1183 1633 1438 1684 moliretur,
1474 1631 1605 1674 sicuti
1641 1632 1732 1673 iam
1768 1629 1832 1671 id-

63 1708 229 1762 ipsum,
255 1707 380 1761 quod
407 1706 567 1750 officio
594 1706 780 1749 unionis
808 1705 1005 1748 ecclesie
1034 1703 1267 1758 quondam
1295 1702 1546 1746 iustissime
1576 1701 1831 1744 exercitum

0 1814 2 1817 .
63 1779 252 1832 exstitit,
292 1778 564 1821 obediencie
606 1776 967 1820 subtractionem
1005 1788 1126 1818 nunc
1165 1773 1402 1828 vaniloqui
1441 1776 1486 1815 et
1525 1782 1832 1827 perversores

62 1848 223 1892 officio
250 1861 333 1892 sue
360 1848 577 1892 fabulose
606 1847 983 1891 comminacionis
1011 1847 1073 1889 sic
1103 1845 1387 1888 acomodant.
1429 1843 1524 1886 Nisi
1551 1843 1637 1885 fiat
1665 1843 1729 1885 sic
1757 1842 1830 1883 vel

64 1921 142 1974 sic,
165 1919 486 1963 obedienciam
510 1919 877 1971 substrahemus,
900 1917 1127 1971 inquiunt.
1164 1917 1380 1958 Fructum
1403 1927 1462 1957 ex
1485 1927 1541 1957 ea
1563 1916 1694 1968 parte
1719 1915 1832 1956 attu-

64 1990 115 2034 lit
142 1991 410 2034 uberiorem
439 1990 792 2034 substractionis
822 1988 1095 2041 remedium,
1123 2000 1215 2041 qua
1244 1986 1449 2029 disiectis
1478 1983 1832 2028 contensoribus

0 2065 3 2099 ἰ
63 2061 120 2105 de
144 2063 409 2117 principatu
432 2061 721 2115 principatus
746 2060 847 2114 ipse
863 2058 1192 2101 reformacioni
1207 2056 1371 2109 extitit,
1388 2055 1472 2099 sed
1487 2055 1617 2098 multi
1632 2054 1833 2108 trepida-

0 2145 4 2198 }
65 2145 189 2187 vere,
216 2146 276 2175 ne
306 2133 520 2175 fortassis
549 2132 669 2174 viam
700 2132 1005 2184 apperuerint
1036 2129 1404 2171 inconstantibus
1433 2126 1712 2178 hominibus,
1744 2136 1833 2178 qua

0 2227 7 2264 ε

0 2315 7 2373 f
30 2351 31 2354 ,

0 2379 11 2413 ἡ

0 2433 24 2510 ᾗ.

0 3007 22 3055 *9¹1
0 2932 16 2993 m
0 2616 17 2906 wwvxwvssrq'T‘
0 2542 20 2588 5'3‘4

0 3145 42 3434 mistim-W*-
14 3124 18 3126 ι

66 2204 325 2258 principatu
345 2204 558 2257 neglecto
578 2215 699 2245 nunc
720 2201 980 2253 substracti,
1001 2213 1122 2242 nunc
1145 2199 1322 2242 attracti
1344 2201 1452 2241 eant
1471 2198 1673 2240 vicissim
1696 2209 1745 2239 ac
1769 2197 1833 2237 in-

66 2275 294 2318 stabiliter
316 2275 372 2317 de
394 2288 486 2317 uno
505 2276 554 2316 in
577 2275 788 2316 alterum.
823 2272 1004 2325 Videte,
1027 2271 1257 2324 quomodo
1279 2271 1410 2312 ulcus
1433 2268 1676 2311 divisionis
1699 2279 1832 2310 secus

64 2347 224 2400 plures
240 2346 410 2389 Christi
427 2346 662 2399 sponsasss)
686 2347 943 2396 enumerat,
965 2343 1073 2385 dum
1088 2345 1201 2385 nutu
1218 2341 1481 2384 adulterino
1497 2338 1678 2392 configit
1695 2339 1740 2379 in
1757 2350 1833 2390 pa-

61 2429 180 2471 pam,
195 2418 272 2471 qui
290 2417 434 2470 magis
450 2416 676 2469 placuerit
693 2414 970 2466 inductione,
988 2412 1253 2463 duracione,
1269 2410 1488 2465 opinione
1505 2409 1754 2451 veterrima
1773 2442 1779 2449 .
1799 2442 1806 2449 .
1826 2442 1832 2448 .

186 2488 280 2531 Iam
316 2487 602 2541 perstrepuit
637 2486 928 2540 quorundam
966 2485 1205 2527 iactancia:
1255 2495 1348 2524 non
1385 2494 1471 2535 per
1507 2481 1591 2523 hec
1629 2478 1832 2533 synodus

68 2558 328 2612 spiritualia
351 2570 473 2612 pene
499 2558 705 2610 collapsa
730 2555 1019 2609 reformabit,
1045 2567 1130 2608 pro
1155 2553 1336 2607 exiguis
1360 2552 1592 2595 habentur
1618 2551 1718 2593 ista.
1754 2548 1833 2592 Set

69 2629 153 2684 ius,
185 2628 309 2684 quod
342 2629 555 2683 inquiunt
588 2629 659 2671 ius
691 2626 1069 2677 vetustissimum,
1103 2624 1265 2666 redeat
1298 2625 1518 2677 quantum
1553 2621 1611 2664 ad
1643 2633 1700 2663 ea
1731 2619 1831 2670 cito,

68 2711 156 2753 que
187 2712 281 2743 non
313 2698 587 2742 correctioni
619 2697 702 2741 sed
736 2697 1085 2750 locupletationi
1119 2695 1327 2747 attinent,
1360 2693 1439 2736 ubi
1473 2690 1752 2745 disceptacio
1787 2690 1830 2731 in

68 2769 254 2824 longum
293 2771 394 2812 iret.
445 2769 543 2812 Non
583 2782 678 2822 vos,
717 2767 977 2810 honorandi
1016 2765 1117 2818 viri,
1156 2766 1241 2808 hec
1279 2764 1521 2807 convolute
1562 2761 1830 2805 subducant.

72 2839 252 2883 Modum
280 2843 478 2892 servate,
506 2852 643 2893 quem
671 2841 921 2881 tenuerunt
947 2840 1106 2891 patres
1132 2836 1293 2887 nostri,
1321 2838 1369 2876 ut
1396 2834 1452 2876 de
1481 2831 1687 2875 conciliis
1716 2831 1830 2883 lego.

172 2962 202 2989 a)
223 2926 413 2990 disgregari·
434 2955 666 2989 composuisti}
689 2955 724 2981 Β.
780 2954 812 2981 b»
842 2955 899 2980 Am
929 2954 1039 2979 winulos
1068 2960 1125 2978 vnn
1162 2951 1264 2979 gelbes
1292 2951 1407 2976 Hand.-
1448 2949 1598 2983 }·2x1·ri111··
1620 2947 1728 2981 aptius
1752 2946 1833 2971 lianc

69 3001 171 3029 solam
192 3001 366 3030 ecclesiam
389 3007 418 3027 vt
442 3002 493 3029 :lic
518 3003 548 3028 in
570 3002 643 3028 solo
666 3001 732 3028 Deo
755 3001 860 3036 ipsun·
886 3007 1046 3027 summum
1073 2999 1258 3034 pontificem
1287 2997 1490 3024 instituente.
1560 3004 1587 3020 «ἰ
1624 3000 1775 3028 sponsam
1802 2992 1825 3017 lt

187 3063 216 3106 ¹)
240 3063 356 3099 Exod.
380 3062 437 3106 22,
459 3063 514 3098 28.

139 3129 279 3162 Finke.
302 3132 380 3158 Acta
402 3130 535 3157 concilii
561 3129 836 3157 constanciensis.
858 3128 895 3154 11.
1572 3112 1620 3150 13
