2102 3444
304 120 388 163 128
840 121 861 154 1.
889 120 1099 155 Abschnitt.
1141 120 1538 165 Konzilstagebiicher.

304 238 682 291 archiepiscopus
717 238 1096 290 Mediolanensis,
1128 239 1376 292 episcopus
1408 240 1684 292 Aniciensis,
1718 240 1965 293 episcopus
1995 239 2073 283 Sa-

306 309 607 350 risberiensis
628 312 672 350 et
694 309 881 362 quidam
905 310 983 351 alii
1008 321 1246 362 sequaces.
1283 310 1336 351 Et
1358 322 1440 351 rex
1462 310 1641 362 videns,
1664 310 1787 362 quod
1809 309 2073 352 cardinales

305 391 531 431 superare
567 391 658 420 non
695 382 889 432 poterat,
924 379 1000 432 qui
1038 380 1126 421 iam
1163 383 1295 422 erant
1331 380 1445 422 uniti
1481 394 1582 422 cum
1619 381 1766 422 tribus
1801 380 2074 422 nacionibus

307 449 471 501 Ytalie,
503 449 654 491 Gallie
686 453 731 491 et
762 450 1002 502 Hispanie,
1036 450 1144 492 fecit
1176 452 1362 492 tractari
1394 464 1494 492 cum
1526 451 1844 493 cardinalibus
1875 450 1933 493 de
1965 452 2074 494 ami—

304 521 415 562 cicia
446 523 490 561 et
521 520 764 561 federibus
797 521 980 572 mutuiS,
1013 520 1157 563 eciam
1189 524 1236 562 ut
1267 522 1590 574 promitterent
1619 521 1796 574 eligere
1829 522 1875 563 in
1904 533 2073 575 papam

304 591 458 643 talem,
485 590 542 632 de
568 603 658 643 quo
686 590 785 644 ipse
813 595 936 633 esset
964 595 1219 634 contentus.
1261 592 1327 634 De
1354 593 1562 634 amicicia
1587 595 1632 634 et
1660 591 1904 635 federibus
1928 587 2074 634 c'ardi-

304 662 436 703 nales
471 661 592 703 bene
627 662 873 703 voluerunt
910 662 1168 714 intendere,
1203 662 1260 703 de
1295 663 1530 704 eleccione
1566 665 1719 705 autem
1754 662 1884 705 nullo
1919 662 2072 715 modo;

304 735 495 784 propter
528 732 650 785 quod
684 735 904 774 tractatus
937 733 1116 785 pluries
1151 736 1313 786 ruptus
1348 733 1445 775 fuit.
1494 732 1749 775 Novissime
1784 736 1939 775 autem
1972 745 2075 775 con-

304 802 519 845 cordatus
551 806 622 844 est
652 806 872 846 tractatus
903 803 1107 845 amicicie
1139 807 1183 845 et
1216 804 1429 845 federum
1463 816 1548 857 per
1583 803 1765 845 unicum
1796 815 2075 846 consensum

305 876 348 914 et
377 873 595 915 reductus
623 874 671 915 in
698 874 883 927 scriptis
912 875 956 915 in
984 874 1135 917 forma
1163 875 1394 927 sequenti:

421 943 536 996 Quia
564 944 790 986 bonorum
818 944 1031 987 laborum
1059 945 1185 987 iuxta
1216 946 1500 987 sentenciam
1530 945 1817 998 sapiencium
1843 945 2075 998 gloriosus

304 1018 373 1056 cst
400 1015 592 1067 fructus,
620 1014 972 1057 considerantes
999 1029 1032 1057 s.
1061 1015 1110 1057 R.
1137 1028 1176 1057 e.
1205 1015 1482 1069 cardinales,
1510 1019 1681 1068 quanto
1709 1015 1950 1069 religionis
1975 1015 2076 1057 zelo

304 1085 512 1138 fideique
546 1085 733 1127 fervore
769 1085 1098 1128 serenissimus
1133 1090 1177 1128 et
1212 1086 1627 1129 christianissimus
1662 1086 1704 1128 d.
1740 1085 2075 1140 Sygismundus

305 1156 616 1198 Romanorum
649 1159 693 1198 et
726 1156 1018 1209 Ungarorum
1052 1170 1135 1198 rex
1168 1170 1355 1211 semper
1388 1160 1610 1210 augustus
1643 1156 1701 1199 ad
1731 1156 2075 1210 procurandum

305 1239 465 1279 pacem
488 1230 532 1268 et
557 1228 775 1269 unionem
798 1227 995 1269 ecclesie
1018 1228 1170 1270 studia
1193 1231 1238 1270 et
1260 1228 1447 1270 labores
1468 1229 1612 1269 nullis
1633 1240 1831 1281 parcens
1852 1226 2075 1281 periculis

304 1298 378 1338 vel
407 1297 630 1351 expensis
657 1297 952 1351 impenderit,
979 1299 1299 1352 volentesque,
1326 1302 1374 1340 ut
1401 1299 1547 1340 eciam
1573 1301 1791 1340 tenentur
1818 1311 1878 1339 ex
1905 1297 2075 1350 debito,

305 1372 526 1421 quantum
549 1369 596 1410 in
619 1369 688 1410 eis
712 1371 796 1421 est,
818 1372 1094 1422 perpetuam
1115 1370 1256 1412 tantis
1280 1370 1458 1412 meritis
1481 1369 1810 1422 gratitudinem
1833 1368 2075 1421 exhibere,

305 1442 355 1482 et.
369 1443 416 1481 ut
437 1440 558 1481 inter
579 1440 833 1482 Romanam
855 1440 1101 1482 ecclesiam
1122 1443 1167 1482 et
1187 1439 1434 1493 imperium
1456 1453 1507 1482 ac
1528 1441 1598 1482 eis
1618 1439 1916 1493 presidentes
1937 1441 2075 1492 atque

304 1510 610 1552 cardinalium
644 1510 890 1563 collegium
924 1523 1030 1564 pax,
1066 1510 1270 1553 amicicia
1305 1514 1443 1564 atque
1476 1510 1721 1552 concordia
1754 1512 2076 1564 perseverent,

305 1581 458 1622 eidem
496 1582 800 1624 serenissimo
838 1582 936 1634 regi
974 1584 1139 1634 sponte
1177 1584 1222 1623 et
1259 1581 1410 1623 libera
1448 1582 1685 1623 voluntate
1722 1580 1995 1634 promittunt
2031 1582 2076 1622 et

307 1652 460 1694 iurant
502 1653 804 1705 singulariter
847 1652 1034 1705 singuli,
1074 1652 1198 1705 quod
1242 1652 1331 1705 ipsi
1374 1654 1556 1704 statum,
1598 1651 1808 1705 gloriam,
1849 1651 2075 1694 honorem

306 1723 520 1775 bonaque
543 1726 589 1764 et
609 1723 710 1765 iura
731 1735 933 1776 persone
956 1736 1054 1775 sue,
1075 1722 1259 1776 imperii
1281 1725 1325 1764 et
1348 1735 1597 1776 regnorum
1621 1734 1808 1765 suorum
1831 1735 1915 1764 suo
1935 1734 2076 1776 posse

305 1793 648 1835 conservabunt
669 1797 713 1835 et
736 1794 782 1834 in
807 1794 992 1835 illorum
1016 1793 1375 1835 conservacione
1400 1794 1620 1836 assistent
1642 1793 1883 1835 favoribus
1905 1795 1951 1834 et
1973 1804 2076 1834 con-

305 1864 425 1906 siliis
449 1864 704 1917 oportunis,
726 1877 811 1905 nec
836 1877 1052 1917 umquam
1076 1865 1391 1917 procurabunt
1414 1863 1590 1917 aliquid
1613 1876 1766 1917 neque
1789 1863 2076 1917 procuranti-

307 1935 392 1977 bus
431 1934 670 1986 auxilium,
710 1935 953 1976 consilium
993 1936 1066 1976 vel
1105 1935 1315 1977 favorem
1354 1938 1430 1977 aut
1469 1941 1747 1977 consensum
1785 1933 2075 1988 prestabunt,

305 2005 427 2058 quod
458 2005 514 2048 sit
545 2005 590 2046 in
621 2006 981 2047 diminucionem
1012 2019 1094 2047 seu
1125 2006 1351 2047 lesionem
1382 2008 1542 2058 status,
1571 2005 1733 2059 glorie,
1762 2005 1968 2058 honoris,
1998 2005 2076 2047 bo-

304 2089 468 2117 norum
502 2079 545 2118 et
577 2076 745 2117 iurium
778 2089 980 2128 persone
1013 2088 1110 2129 sue,
1144 2076 1261 2118 sacri
1295 2077 1480 2129 imperii
1513 2079 1557 2118 et
1588 2088 1838 2129 regnorum
1871 2087 2074 2118 suorum.

305 2147 533 2198 Quantum
557 2147 603 2188 in
627 2147 696 2189 eis
720 2146 821 2199 erit,
848 2147 969 2188 idem
994 2147 1308 2199 procurabunt
1333 2147 1456 2199 apud
1481 2146 1688 2188 futurum
1712 2159 1941 2188 summum
1964 2158 2075 2199 pon-

305 2218 478 2260 tificem
518 2221 563 2259 et
602 2230 710 2259 suos
750 2229 1059 2269 successores,
1100 2220 1148 2259 ut
1187 2220 1231 2258 et
1272 2217 1360 2270 ipsi
1400 2218 1565 2259 summi
1604 2216 1853 2270 pontifices
1892 2219 2074 2268 statum,

304 2288 514 2342 gloriam,
538 2289 761 2330 honorem
788 2288 908 2329 bona
931 2291 976 2329 et
1002 2288 1102 2329 iura
1126 2291 1402 2329 conservent
1425 2290 1469 2329 et
1494 2287 1696 2329 eundem
1720 2287 2074 2330 serenissimum

307 2371 464 2412 regem
488 2359 534 2400 in
559 2358 694 2400 filiali
720 2362 764 2400 et
789 2358 979 2411 speciali
1004 2361 1048 2399 et
1072 2357 1309 2400 caritativa
1334 2357 1583 2399 dilectione
1607 2357 1810 2400 habeant
1832 2360 1878 2400 et
1901 2357 2075 2411 specia-

306 2430 429 2472 libus
450 2429 690 2471 t‘avoribus
713 2431 1070 2482 prosequantur.
1110 2428 1329 2481 Idemque
1353 2429 1685 2470 serenissimus
1707 2440 1805 2481 rex,
1828 2429 1905 2481 qui
1929 2429 2075 2482 speci-

306 2501 392 2543 alis
425 2500 673 2542 advocatus
706 2502 937 2553 protector
970 2502 1015 2541 et
1047 2499 1270 2540 defensor
1304 2498 1739 2557 ecclesiebRomane
1772 2499 1944 2552 existit,
1975 2498 2073 2540 vice

307 2574 462 2613 mutua
485 2570 706 2624 promittit
730 2570 825 2611 fide
851 2570 978 2622 regia
1003 2573 1047 2611 et
1069 2569 1190 2622 jurat
1212 2569 1416 2611 Romane
1441 2568 1638 2612 ecclesie
1659 2572 1706 2612 et
1728 2569 1906 2612 eisdem
1929 2568 2075 2611 cardi-

306 2642 506 2694 nalibus,
534 2641 656 2693 quod
684 2644 865 2692 statum,
893 2641 1103 2693 gloriam,
1130 2640 1354 2682 honorem
1382 2640 1502 2682 bona
1528 2642 1573 2681 et
1600 2640 1701 2682 iura
1729 2653 1763 2682 s.
1791 2639 1841 2682 R.
1868 2652 1908 2681 e.
1936 2642 2074 2693 atque

303 2713 487 2765 collegii
514 2711 820 2753 cardinalium
846 2714 891 2752 et
918 2710 1172 2764 sigularum
1199 2722 1507 2763 personarum
1535 2711 1741 2763 ipsorum
1767 2709 2073 2752 cardinalium

306 2783 671 2835 subscriptorum
701 2795 784 2824 suo
814 2794 950 2835 posse
981 2781 1275 2823 conservabit
1302 2784 1347 2822 et
1376 2780 1422 2822 in
1451 2781 1637 2822 illorum
1664 2781 2072 2823 conservacionem

307 2853 491 2895 assistet
529 2853 770 2895 favoribus
808 2855 851 2893 et
891 2851 1098 2893 consiliis
1136 2851 1391 2904 oportunis,
1430 2863 1514 2892 nec
1552 2863 1769 2904 umquam
1806 2851 2074 2904 procurabit

307 2924 482 2976 aliquid
508 2927 583 2966 aut
610 2923 967 2975 procurantibus
992 2921 1257 2963 consenciet
1281 2933 1433 2974 neque
1461 2921 1701 2974 auxilium,
1728 2921 1972 2963 concilium
1998 2921 2072 2962 vel

305 2994 514 3036 favorem
548 2993 787 3046 prestabit,
821 2993 943 3046 quod
975 2993 1032 3035 sit
1064 2992 1110 3033 in
1143 2991 1502 3033 diminucionem
1537 3003 1621 3034 seu
1654 2992 1881 3033 lesionem
1913 2993 2072 3043 status,
