2102 3444
251 146 308 193 20
772 148 798 185 1.
838 149 1049 185 Abschnitt.
1102 149 1502 196 Konzilstagebiicher.

370 268 456 310 Die
486 268 681 323 sabbati,
712 282 801 322 que
831 269 917 312 fuit
946 270 1067 312 XVI.
1098 272 1274 313 mensis
1305 272 1609 326 Februariist),
1638 284 1759 325 papa
1789 271 2023 314 mandavit

252 340 497 381 concilium
532 340 589 381 de
625 353 744 382 sero.
792 341 846 382 Et
879 345 1099 394 presente
1135 355 1244 396 rege
1279 343 1590 385 Romanorum
1625 347 1669 385 et
1702 346 1795 385 toto
1828 343 2022 386 concilio

252 410 402 462 primo
430 410 618 463 quidem
645 411 887 464 proposuit
914 412 972 454 de
999 412 1072 455 via
1100 413 1338 466 cessionis,
1366 417 1528 467 postea
1555 414 1781 456 commisit
1807 414 1850 456 d.
1877 414 2023 456 cardi-

253 481 347 523 nali
373 481 657 535 Florentino,
681 486 728 524 ut
751 483 836 525 hoc
859 487 1238 536 prosequeretur.
1273 485 1358 537 Qui
1382 486 1494 527 satis
1517 486 1760 538 eleganter
1781 486 2024 538 proposuit

217 557 220 562 '
252 554 298 593 et
325 552 437 605 legit
464 552 676 594 cedulam
703 566 789 606 per
815 566 984 606 papam
1015 568 1157 608 super
1185 555 1269 597 hoc
1298 556 1572 609 ordinatam,
1601 555 1731 598 cuius
1757 559 1891 598 tenor
1917 555 2024 598 talis

253 625 341 665 est:
375 623 703 666 Sanctissimus
722 625 763 666 d.
784 628 944 667 noster
964 638 1085 678 papa
1105 626 1177 668 hic
1197 639 1409 680 presens,
1430 639 1709 680 quamquam
1730 626 1873 669 nullis
1891 627 2024 680 votis,

254 693 541 747 iuramentis,
571 692 690 749 aut¹')
722 696 1112 748 promissionibus
1143 697 1201 739 ad
1233 698 1532 751 infrascripta
1561 698 1831 740 nullatenus
1861 698 2026 740 astrin-

253 767 401 818 gatur,
427 768 583 807 tamen
608 769 801 819 propter
827 767 1030 820 quietem
1058 769 1218 821 populi
1245 769 1485 811 christiani
1512 769 1754 822 proposuit
1778 771 1824 810 et
1850 768 2026 810 delibe-

254 836 424 891 rabatc)
456 840 620 890 sponte
649 841 695 880 et
722 837 984 880 liberaliter
1011 839 1123 881 dare
1152 852 1312 892 pacem
1339 841 1552 893 ecclesie,
1581 837 1761 894 etiamd)
1792 852 1878 893 per
1903 839 2024 881 viam

255 908 496 961 cessionis,
522 908 561 950 si
586 911 631 950 et
655 908 702 949 in
728 912 949 961 quantum
977 910 1142 952 Petrus
1166 911 1224 952 de
1250 911 1380 952 Luna
1406 914 1451 952 et
1474 911 1684 964 Angelus
1710 910 1917 963 Corario,
1941 922 2028 964 per

256 991 438 1020 sacrum
472 971 692 1021 Pisanum
725 980 970 1022 concilium
1005 981 1062 1022 de
1097 983 1311 1023 scismate
1347 985 1391 1024 et
1424 982 1582 1024 heresi
1618 981 1855 1034 dampnati
1889 984 1935 1024 et
1968 981 2026 1023 de

253 1052 427 1103 papatu
456 1050 606 1103 eiecti,
637 1051 741 1103 iuri,
771 1052 895 1104 quod
924 1052 1209 1104 pretendunt
1237 1053 1284 1094 in
1313 1056 1500 1106 papatu,
1532 1052 1827 1094 sufficienter
1857 1065 2028 1094 renun-

255 1120 388 1165 cient.
429 1121 484 1163 Et
509 1122 594 1164 hoc
620 1115 722 1163 cum
748 1123 897 1164 modis
923 1126 969 1165 et
994 1124 1358 1166 circumstanciis
1385 1137 1468 1166 suo
1493 1127 1702 1177 tempore
1731 1123 2027 1166 declarandis

254 1195 300 1234 et
320 1193 655 1236 concludendis
675 1193 722 1234 in
742 1196 937 1236 tractatu
960 1207 1102 1247 super
1122 1195 1207 1236 hoc
1228 1208 1314 1248 per
1335 1195 1537 1236 eundem
1560 1194 1796 1236 dominum
1817 1197 2026 1237 nostrum

254 1265 329 1305 vel
351 1277 460 1306 suos
481 1264 774 1317 deputandos
795 1278 898 1306 cum
918 1265 1199 1318 deputandis
1220 1279 1305 1319 per
1327 1279 1407 1308 vos
1423 1266 1626 1318 posthoc
1642 1265 1794 1307 statim
1809 1265 2026 1307 tenendo.

373 1335 549 1377 Verum
578 1335 686 1388 quia
715 1335 881 1378 cedula
910 1336 1119 1389 predicta
1147 1350 1239 1378 non
1271 1337 1383 1379 satis
1413 1337 1658 1378 videbatur
1687 1336 1954 1390 exprimere
1984 1338 2030 1378 et

255 1419 349 1448 non
382 1406 651 1448 sufficiebat
685 1407 893 1460 concilio,
928 1407 1051 1449 idem
1086 1407 1300 1450 dominus
1334 1411 1493 1450 noster
1529 1408 1604 1449 die
1639 1407 1756 1450 iovis
1789 1407 1912 1449 XXI.
1947 1407 2030 1448 Fe-

255 1476 435 1518 bruarii
461 1477 589 1519 dedit
615 1477 753 1519 aliam
781 1477 1007 1520 cedulam.
1048 1478 1190 1521 Cuius
1215 1482 1350 1520 tenor
1375 1479 1482 1520 talis
1509 1481 1597 1520 est:

375 1548 704 1591 Sanctissimus
723 1549 765 1591 d.
786 1552 946 1591 noster
965 1549 1204 1591 Johannes
1224 1562 1346 1603 papa
1365 1550 1553 1602 XXIII.,
1574 1561 1854 1603 quamquam
1874 1548 2031 1591 multis

258 1619 389 1672 votis,
431 1620 705 1662 iuramentis
748 1623 825 1662 aut
866 1620 1258 1673 promissionibus
1300 1621 1598 1674 astringatur,
1640 1623 1796 1663 tamen
1838 1622 2031 1673 propter

259 1689 462 1743 quietem
498 1691 660 1744 populi
697 1691 937 1733 christiani
974 1691 1237 1745 profitetur,
1275 1692 1475 1745 spondet
1510 1694 1556 1733 et
1592 1691 1816 1745 promittit
1851 1691 1951 1733 Deo
1985 1693 2032 1732 et

260 1762 458 1804 ecclesie
496 1765 659 1814 sponte
696 1765 742 1804 et
778 1762 1040 1804 liberaliter
1076 1763 1189 1805 dare
1225 1775 1387 1816 pacem
1426 1763 1516 1816 ipsi
1552 1763 1751 1804 ecclesie
1787 1774 1874 1815 per
1908 1762 2031 1804 viam

258 1832 484 1875 cessionis
511 1845 593 1875 sue
618 1845 704 1886 per
729 1846 780 1875 se
805 1834 879 1874 vel
905 1837 1233 1886 procuratores
1259 1834 1491 1887 legitimos
1515 1846 1658 1875 unum
1683 1833 1759 1875 vel
1784 1833 1947 1886 plures
1972 1832 2031 1874 ad

258 1904 344 1946 hoc
371 1903 742 1946 irrevocabiliter
769 1904 1053 1958 constitutos,
1082 1906 1119 1947 si
1148 1908 1192 1946 et
1220 1905 1267 1946 in
1296 1908 1519 1958 quantum
1547 1905 1713 1947 Petrus
1742 1904 1800 1946 de
1827 1903 1959 1946 Luna
1987 1905 2033 1945 et

259 1975 467 2029 Angelus
504 1975 737 2028 Corrario,
771 1988 856 2028 per
892 1988 1072 2017 sacrum
1108 1976 1328 2018 Pisanum
1364 1976 1609 2018 concilium
1643 1975 1701 2017 de
1737 1975 1952 2017 scismate
1986 1976 2032 2016 et

258 2047 417 2089 heresi
444 2046 681 2100 dampnati
708 2049 754 2089 et
780 2047 838 2088 de
864 2050 1038 2099 papatu
1065 2047 1199 2088 eiecti
1225 2048 1430 2101 papatui,
1458 2059 1596 2100 quem
1621 2045 1920 2100 pretendunt,
1945 2057 2032 2099 per

260 2130 310 2159 se
341 2118 416 2160 vel
448 2120 775 2170 procuratores
808 2118 1038 2171 legitimos
1071 2117 1285 2159 similiter
1316 2118 1496 2171 cedant,
1528 2120 1574 2159 et
1604 2118 1690 2160 hoc
1722 2116 1846 2159 infra
1877 2115 2032 2158 termi-

259 2201 387 2241 num3
415 2192 460 2231 et
485 2189 543 2230 de
568 2188 791 2241 predictis
815 2189 973 2230 facere
1000 2201 1138 2230 unam
1164 2189 1238 2229 vel
1265 2189 1426 2241 plures
1452 2188 1631 2230 litteras
1657 2188 1704 2229 in
1729 2188 1859 2230 bulla
1884 2187 2032 2240 plum-

258 2260 360 2312 bea,
387 2262 525 2313 prout
550 2259 827 2312 expedierit.
867 2260 922 2301 Et
949 2259 1227 2312 attendatur,
1255 2256 1413 2313 quodf)
1443 2272 1502 2300 ex
1529 2271 1651 2300 nunc
1678 2259 1959 2300 innoventur
1985 2260 2031 2299 et

261 2332 572 2383 aggraventur
598 2342 847 2383 processus
876 2330 1034 2372 Pisani
1063 2329 1246 2371 concilii
1273 2332 1431 2372 contra
1459 2329 1604 2372 dictos
1631 2329 1907 2382 dampnatos
1935 2341 2032 2370 sus-

261 2401 511 2453 pendendo
537 2404 693 2443 tamen
719 2400 942 2443 effectum
969 2413 1240 2454 processum
1267 2413 1414 2453 usque
1443 2400 1502 2442 ad
1529 2403 1727 2453 tempus,
1755 2399 1878 2452 quod
1905 2398 2033 2441 dabi-

260 2475 334 2514 tur
361 2473 430 2514 eis
458 2472 515 2514 ad
543 2471 814 2516 cessionem.

384 2543 496 2584 Item
524 2542 647 2595 quod
673 2555 758 2584 rex
784 2543 1096 2584 Romanorum
1124 2545 1169 2584 et
1196 2542 1370 2584 domini
1397 2545 1645 2595 presentes
1671 2554 1723 2584 ac
1750 2553 1912 2583 omnes
1940 2553 2032 2583 am-

261 2613 530 2656 baxiatores
575 2614 691 2666 regii
737 2616 782 2655 et
828 2613 906 2655 alii
955 2626 1006 2656 ac
1050 2616 1193 2655 totum
1241 2613 1484 2655 concilium
1530 2613 1801 2665 promittant
1845 2611 2032 2654 domino

260 2687 433 2737 nostro,
460 2684 507 2726 in
535 2697 658 2737 casu,
687 2685 809 2737 quod
838 2684 906 2726 illi
934 2685 1171 2737 dampnati
1199 2697 1292 2726 non
1321 2696 1371 2726 se
1399 2683 1645 2725 humilient
1671 2683 1729 2725 ad
1755 2683 2031 2734 cessionem,

262 2755 377 2798 sicut
414 2756 514 2808 ipse
552 2756 676 2808 facit,
714 2755 935 2798 assistere
974 2768 1056 2798 sue
1084 2755 1323 2798 ,sanctitati
1361 2757 1590 2808 perpetuo
1626 2756 1785 2796 contra
1821 2753 1948 2807 ipsos
1985 2755 2031 2796 et

260 2838 421 2868 eorum
453 2827 735 2868 adherentes
768 2830 860 2868 tam
893 2826 1217 2879 spiritualibus
1247 2825 1488 2868 favoribus
1522 2837 1659 2878 quam
1691 2824 2030 2878 temporalibus

261 2897 463 2939 auxiliis.

366 3015 395 3043 a)
416 3019 478 3046 que
499 3033 505 3038 .
527 3031 533 3039 .
556 3034 562 3040 .
586 3012 756 3040 Februarii
777 3013 857 3046 fehlt
876 3015 902 3040 ζ’.
939 3013 970 3043 b)
991 3012 1071 3046 fehlt
1096 3013 1131 3039 B.
1162 3016 1191 3046 e)
1214 3013 1242 3039 ζ’.
1258 3011 1424 3039 deliberat
1463 3011 1495 3040 ‹1›
1515 3010 1596 3044 fehlt
1611 3011 1648 3038 B.
1679 3011 1708 3044 e)
1730 3011 1760 3040 0.
1774 3009 2033 3038 constituendos.

258 3059 282 3091 s)
302 3059 382 3092 fehlt
405 3060 441 3086 B.
