2102 3444
306 222 390 265 690
741 216 804 250 111.
839 212 1046 249 Abschnitt.
1091 210 1242 245 Reform
1276 210 1351 244 und
1386 207 1635 253 Veriassung.

482 349 518 390 2.
571 346 729 388 Oblata
767 341 1151 387 reformatoribus
1187 340 1232 382 in
1269 338 1547 382 Constancia
1581 350 1667 392 per
1703 337 1896 381 nuncios

814 412 1174 464 unive1·sitatis²¹)
1217 407 1557 463 Parisiensisb)

424 511 550 563 Quia,
591 506 967 551 reverendissimi
1008 509 1166 558 patres
1203 508 1248 546 et
1288 504 1496 557 insignes
1536 502 1725 555 domini,
1765 503 1886 545 alma
1926 504 2073 544 mater

310 586 462 623 nostra
494 580 768 621 universitas
799 577 936 620 studii
968 574 1248 618 l'arisiensis
1279 587 1465 627 semper
1494 574 1656 615 habuit
1684 576 1728 615 et
1755 573 1896 615 habet
1923 573 2073 614 zelum

310 654 423 704 legis
456 656 498 693 ct
533 650 642 691 fidei
678 649 915 700 tociusque
948 647 1055 688 boni
1089 645 1358 697 communis,
1389 645 1491 698 ipsa
1524 656 1712 697 semper
1743 643 1918 686 studuit
1947 643 2074 685 iuxta

309 735 435 763 suam
465 720 804 773 professionem
832 721 876 759 et
903 731 927 759 a
956 717 1053 759 Deo
1082 716 1169 759 sibi
1196 715 1366 758 tradita
1393 715 1567 757 talenta
1594 715 1803 757 doctrine
1831 714 2074 756 veritatem

307 803 595 844 promovere,
625 802 713 842 que
741 789 798 831 ad
826 800 986 841 pacem
1017 797 1122 830 sunt
1149 790 1194 828 et
1221 785 1629 828 conservacionem
1659 788 1804 828 status
1832 783 2074 827 ierarchici

310 862 544 903 militantis
580 861 775 902 ecclesie
812 863 856 900 et
891 872 976 912 pro
1010 858 1188 899 viribus
1221 860 1490 899 constanter
1523 857 1716 899 obviare
1750 856 1997 898 contrariis
2031 858 2076 898 et

309 945 481 984 ponere
511 944 560 973 se
588 943 672 983 pro
701 943 832 971 muro
859 929 1032 971 domini
1066 928 1212 970 Israel
1243 927 1470 969 adversus
1498 939 1674 981 omnes,
1700 926 1781 980 qui
1809 929 2076 980 querentes,

307 1016 395 1055 que
429 1015 508 1044 sua
542 1005 660 1053 sunt,
692 1000 949 1041 affeccione
980 999 1158 1041 comodi
1189 1001 1235 1040 et
1266 1011 1373 1040 ceca
1404 997 1663 1040 ambicione
1693 997 1839 1040 eciam
1868 1009 1962 1039 non
1989 1009 2076 1039 sua

307 1072 683 1125 concupiscentes
713 1083 874 1124 pacem
902 1073 1103 1111 statuum
1136 1072 1180 1110 et
1211 1069 1423 1110 ordinem
1455 1068 1800 1123 ierarchicumC)
1834 1065 2074 1122 ecclesied)

308 1143 598 1195 conturbare,
633 1142 890 1194 infringere
926 1141 999 1182 vel
1033 1152 1263 1181 enervare
1298 1142 1659 1192 presumptuosa
1691 1138 1952 1181 temeritate
1986 1151 2078 1180 mo-

310 1214 535 1268 liuntur.⁴‘)
590 1212 790 1254 Proinde
830 1211 964 1253 nobis
1000 1211 1061 1253 ad
1099 1211 1183 1252 hoc
1221 1223 1411 1252 sacrum·
1443 1210 1687 1251 concilium
1725 1222 1785 1251 ex
1818 1213 1955 1263 parte
1994 1221 2077 1252 sua

309 1283 602 1325 venientibus
637 1282 840 1324 districte
871 1282 995 1324 inter
1030 1285 1184 1323 cetera
1218 1284 1265 1323 et
1294 1281 1568 1334 'specialiter
1601 1280 1816 1333 iniunxit,
1850 1283 2080 1333 quatenus

308 1355 353 1395 in
387 1354 593 1396 favorem
627 1353 741 1395 fidei
773 1356 817 1394 et
849 1353 1257 1394 conservacionem
1291 1355 1436 1394 status
1470 1351 1712 1393 ierarchici
1744 1350 1955 1404 ecclesie,
1988 1363 2078 1404 quo

309 1425 504 1477 sublato,
526 1425 737 1477 neglecto
759 1424 833 1465 vel
855 1423 912 1465 ad
935 1423 1257 1464 confusionem
1281 1422 1478 1464 deducto
1498 1425 1578 1464 «aut
1600 1423 1648 1464 in
1669 1421 1811 1464 dubio
1832 1424 1878 1464 et
1901 1421 2078 1475 discep-

309 1497 486 1537 tacione
509 1495 659 1548 posito
682 1494 925 1536 confestim
948 1494 1098 1536 omnis
1120 1493 1297 1546 periret
1320 1493 1571 1535 christiana
1592 1492 1775 1546 policia,
1797 1493 2079 1535 instaremus

309 1579 409 1607 cum
450 1565 572 1607 omni
614 1565 861 1618 diligencia
902 1568 993 1606 tam
1034 1564 1157 1617 apud
1197 1576 1426 1605 summum
1467 1563 1737 1617 pontificem
1777 1575 1916 1616 quam
1954 1562 2079 1616 apud

312 1649 490 1678 sacrum
514 1648 711 1688 presens
735 1635 978 1677 concilium
1001 1635 1224 1688 generale
1249 1647 1336 1687 pro
1358 1635 1660 1676 revocacione
1684 1637 1731 1676 et
1753 1633 2079 1676 annullaeione

312 1707 548 1749 cuiusdam
589 1706 716 1748 bulle
757 1718 842 1759 per
882 1706 1062 1759 aliquos
1102 1705 1300 1748 fratrum
1344 1705 1709 1747 Mendicancium
1749 1715 1983 1759 subrepticie
2020 1714 2082 1749 vel

307 1788 414 1829 alias,
453 1788 581 1822 insciis
620 1787 954 1822 reverendissimis
992 1787 1168 1830 patribus
1206 1786 1373 1821 dominis
1411 1786 1672 1821 cardinalibus
1714 1773 1960 1828 impetrate
1997 1785 2080 1816 seu

309 1860 454 1891 exim-te
505 1859 529 1888 a
576 1845 728 1887 felicis
777 1845 1120 1888 recordacionis
1163 1845 1357 1887 domino
1401 1845 1693 1887 Allexandro
1736 1857 1862 1899 papa
1908 1844 2081 1898 quinto,

313 1937 385 1969 que
411 1928 558 1970 incipit:
584 1928 759 1971 Regnans
784 1928 822 1961 in
846 1928 1008 1962 excelsis
1037 1920 1081 1958 et
1105 1927 1250 1962 finitur.
1286 1928 1426 1962 Datum
1452 1928 1551 1962 Pisis
1571 1919 1669 1969 etc„
1694 1928 1796 1958 cum
1820 1916 1878 1958 Sit
1896 1915 2081 1958 ’ἱΠῒΟΠθ-

312 1985 474 2028 rabilis
501 1990 545 2028 et
571 1986 698 2038 pacis
726 1999 777 2028 ac
805 1986 982 2029 ordinis
1006 1986 1251 2028 ierarchici
1280 1986 1477 2029 ecclesie
1502 1999 1531 2029 a
1560 1986 1744 2029 Christo
1771 1986 2081 2029 saluberrime

313 2056 505 2098 instituti
534 2057 777 2099 turbativa.
816 2058 906 2099 Nos
931 2057 1073 2110 *igitur
1099 2058 1243 2099 vestri
1270 2057 1471 2099 humiles
1498 2057 1710 2100 eiusdem
1739 2057 1898 2100 matris
1923 2059 2080 2099 nostre

313 2126 449 2179 legati
478 2128 687 2170 volentes
712 2140 797 2180 per
824 2127 978 2170 omnia
1003 2131 1095 2170 tam
1123 2128 1408 2171 salutaribus
1433 2127 1667 2181 preceptis
1693 2129 1856 2182 ipsius,
1883 2126 2012 2171 sticud
2037 2130 2082 2170 et

312 2200 524 2238 tenemur
571 2201 615 2240 et
663 2198 812 2240 teneri
859 2198 1130 2251 gaudemus,
1180 2198 1373 2241 obedire
1422 2199 1636 2242 venimus
1683 2199 1742 2241 ad
1785 2199 2081 2252 «presenciam

313 2271 572 2309 vestrarum
596 2269 1096 2311 reverendissimarum
1119 2270 1450 2322 paternitatum
1473 2272 1518 2311 et
1542 2269 1914 2312 dominacionum
1936 2269 2083 2311 humi·

315 2338 418 2379 liter
450 2340 765 2391 supplicantes
796 2340 974 2381 eisdem
1006 2343 1143 2393 atque
1175 2340 1485 2393 requirente-s,
1517 2343 1747 2393 quatenus
1773 2340 1899 2383 inter
1928 2342 2082 2392 cetera

313 2412 480 2459 puncta
512 2408 864 2453 reformacionis
894 2411 1107 2463 ecclesie,
1138 2411 1209 2452 cui
1241 2424 1300 2453 ex
1331 2410 1637 2464 deputacione
1668 2411 1915 2454 nacionum
1944 2410 2083 2452 huius

315 2480 431 2520 sacri
462 2480 641 2521 concilii
671 2493 755 2533 per
784 2481 969 2522 modum
1001 2480 1307 2523 advisamenti
1339 2481 1397 2524 ad
1426 2494 1625 2535 presens
1655 2480 1907 2534 intend-itis,
1938 2480 2081 2523 eciam

315 2549 488 2592 daretis
510 2563 699 2602 operam
723 2550 967 2593 efficacem
991 2552 1049 2593 ad
1072 2552 1420 2594 revocacionem
1444 2552 1563 2594 dicte
1586 2552 1730 2605 bulle,
1750 2552 1882 2595 cuius
1904 2551 2081 2605 copiam

316 2620 445 2662 vobis
470 2624 575 2662 tunc
602 2621 828 2674 dedimus,
855 2622 1116 2665 offerentes
1140 2622 1254 2664 dare
1281 2622 1463 2675 motiva,
1486 2625 1681 2676 ¹propter
1705 2635 1795 2676 que
1822 2623 1929 2665 talis
1954 2622 2082 2664 bulla

316 2693 438 2731 esset
466 2702 557 2731 non
585 2690 814 2734 immerito
841 2692 1048 2734 tollenda
1076 2693 1133 2734 de
1161 2693 1314 2735 medio
1343 2696 1387 2735 et
1416 2693 1702 2735 adnullanda
1730 2692 1916 2747 penitus
1944 2695 2081 2746 atque

316 2760 587 2802 revocanda.
629 2762 830 2812 Quorum
859 2763 1015 2815 aliqua
1043 2763 1174 2805 vobis
1200 2763 1248 2804 vin
1277 2763 1367 2805 hiis
1396 2763 1580 2816 scriptis
1607 2767 1948 2817 presentamus,
1975 2763 2081 2816 alia,

316 2842 415 2870 cum
456 2843 571 2882 opus
610 2832 712 2884 erit,
751 2836 796 2874 et
835 2834 1080 2885 presencIa
1119 2846 1220 2875 cum
1262 2834 1358 2875 suis
1399 2833 1720 2877 fundamentis
1757 2833 1998 2876 declarare
2037 2834 2083 2874 et

317 2901 541 2952 ampliora
569 2901 680 2943 dare
706 2903 869 2955 parati.

420 3069 449 3086 a»
475 3062 500 3087 Β
520 3062 601 3095 [111th
623 3063 733 3092 studii,
800 3064 831 3091 bi
855 3066 879 3091 A
901 3065 983 3099 fnlyr
1006 3074 1105 3101 super
1127 3067 1343 3094 revocat-ione
1369 3068 1457 3095 «licte
1478 3067 1569 3095 bulle
1595 3068 1679 3102 [yeht
1699 3068 1742 3094 im
1765 3067 1870 3094 Codex
1889 3067 1916 3093 A
1935 3063 2081 3098 voraussJ·

316 3113 343 3138 ej
369 3108 393 3132 A
415 3108 496 3142 folyr
519 3108 701 3137 militantis.
760 3110 790 3137 nl·
814 3111 899 3138 Felelt
921 3113 956 3138 B.
1014 3119 1042 3145 e)
1064 3114 1092 3140 B
1113 3113 1319 3141 molirentur.
