2102 3444
265 155 347 198 106
793 156 818 191 1.
853 157 1062 191 Abschnitt.
1110 156 1509 202 Konzilstagebticher.

265 286 315 315 ac
356 274 709 316 universitatum
751 275 1006 316 studiorum
1050 275 1344 325 Parisiensis,
1385 276 1705 329 Oxoniensisss)
1749 280 1793 318 et
1834 278 2032 320 aliarum

264 344 508 386 Alamanie
536 357 620 386 nec
651 358 742 387 non
772 345 991 388 naciones
1021 346 1187 398 Gallie,
1218 346 1469 390 Germanie
1496 351 1541 389 et
1570 348 1737 401 Anglie
1767 360 1818 389 ac
1847 347 2031 390 illorum

265 415 321 456 de
344 416 616 458 obediencia
640 416 747 457 olim
770 417 811 457 d.
835 417 940 457 dicti
964 416 1193 470 Gregorii,
1216 421 1259 458 et
1283 417 1389 460 illos
1411 419 1601 471 rogavit,
1624 421 1853 470 quatenus
1876 430 2031 460 secum

263 486 559 538 requirerent
592 487 855 529 cardinales
890 488 947 528 de
982 487 1130 529 tribus
1166 488 1371 530 articulis
1407 488 1604 530 inferius
1640 489 1902 531 declaratis.
1947 488 2032 540 Qui

263 569 423 598 omnes
453 561 611 609 preter
642 558 817 610 legatos
848 559 970 611 regis
1004 558 1196 600 Francie
1226 562 1270 600 et
1300 559 1540 600 nacionem
1571 548 1860 600 Gallicanam
1885 551 2033 601 annu-

263 631 412 669 erunt.
451 628 504 669 Et
529 628 603 669 die
631 628 807 670 decima
834 641 954 670 nona
983 629 1089 670 Maii
1115 641 1198 670 rex
1226 630 1340 681 ipse,
1366 630 1568 671 marchio
1594 629 2032 683 Brandeburgensis

262 702 305 740 et
337 699 542 740 marchio
572 699 804 754 Badensis*
830 703 967 752 atque
998 700 1136 752 legati
1169 699 1361 753 predicti
1395 704 1439 741 et
1469 700 1623 741 nuncii
1654 699 1899 742 nacionum
1930 712 2031 742 cum

262 769 556 811 multitudine
592 774 887 811 accesserunt
923 771 981 812 ad
1015 770 1278 812 cardinales
1312 771 1618 824 collegialiter
1652 774 1954 824 congregatos
1987 773 2033 813 et

262 840 370 881 fecit
404 853 487 881 rex
520 841 717 893 proponi
750 854 835 894 per
867 841 1136 894 episcopum
1171 841 1461 894 Curiensem,
1495 842 1572 894 qui
1608 841 1727 883 facta
1760 841 2031 895 prefacione

261 911 459 962 quadam
492 917 551 952 ex
581 914 714 964 parte
747 911 852 953 dicti
886 912 928 953 d.
962 912 1085 965 regis
1117 913 1308 965 rogavit,
1341 915 1579 954 exortatus
1612 915 1682 954 est
1713 915 1758 954 et
1789 911 2031 966 requisivit

260 982 539 1034 cardinales,
565 982 728 1035 primo,
756 983 878 1034 quod
905 983 962 1024 ab
989 983 1204 1024 omnibus
1229 983 1500 1025 tractatibus
1528 995 1670 1036 super
1697 982 1889 1036 negocio
1913 983 2032 1025 elec-

259 1052 404 1095 cionis
432 1065 552 1106 pape
583 1053 771 1095 omnino
801 1057 1054 1105 cessarent,
1085 1053 1231 1095 donec
1260 1054 1426 1096 Petrus
1456 1054 1513 1095 de
1544 1053 1674 1095 Luna
1703 1056 1828 1095 esset
1856 1054 2031 1096 eiectus

259 1127 304 1165 et
327 1123 525 1165 ecclesia
551 1123 804 1166 reformata
829 1124 875 1166 in
900 1125 1050 1177 capite
1074 1128 1119 1166 et
1144 1125 1189 1166 in
1216 1125 1456 1175 membris;
1485 1124 1702 1177 secundo,
1728 1124 1851 1177 quod
1876 1136 2031 1168 serva-

261 1198 362 1236 rent
395 1195 582 1237 decreta
614 1195 809 1247 concilii,
842 1195 1090 1248 presertim
1123 1208 1265 1248 super
1298 1195 1488 1248 negocio
1521 1195 1770 1238 eleccionis
1801 1195 2028 1248 predicte3

258 1265 415 1318 tercio,
446 1265 569 1318 quod
598 1266 896 1318 requirerent
926 1266 1103 1319 legatos
1134 1267 1257 1319 reg1s
1288 1266 1491 1308 Castelle
1525 1267 1570 1307 in
1601 1266 1692 1307 vim
1723 1266 2030 1319 capitulorum

260 1337 473 1379 Narbone
506 1336 746 1389 factorum,
779 1337 902 1389 quod
935 1350 984 1379 se
1017 1337 1209 1379 indilate
1239 1338 1428 1378 unirent
1460 1336 1666 1378 concilio.
1709 1337 1810 1379 Rex
1839 1337 2030 1379 easdem

262 1407 598 1460 requisiciones
626 1408 792 1449 iterum
819 1407 929 1450 fecit
955 1421 1034 1450 ore
1061 1409 1252 1461 proprio
1280 1406 1547 1461 subdens''),
1574 1407 1696 1460 quod
1722 1407 1823 1461 ipse
1851 1407 2033 1461 iuravit,

260 1479 340 1521 illa
375 1479 431 1520 de
466 1482 590 1521 certo
622 1478 780 1521 facere
814 1480 1082 1531 observare,
1116 1482 1161 1520 et
1194 1479 1314 1532 quod
1352 1480 1412 1520 ita
1445 1479 1632 1520 volebat
1664 1478 1836 1521 facere.
1882 1479 1936 1520 Et
1969 1479 2031 1520 ita

261 1550 503 1603 requisivit
530 1563 615 1603 pro
642 1550 775 1592 dictis
802 1549 1162 1592 marchionibus.

378 1620 731 1673 Consequenter
760 1633 922 1663 omnes
951 1621 1090 1674 legati
1119 1620 1315 1674 predicti
1345 1624 1390 1662 et
1418 1620 1638 1662 naciones
1666 1623 1826 1673 preter
1854 1620 2031 1673 legatos

260 1691 453 1733 Francie
482 1695 525 1733 et
551 1691 760 1734 nacionis
788 1691 1044 1744 Gallicane,
1071 1692 1267 1745 quilibet
1294 1704 1378 1744 pro
1406 1704 1455 1732 se
1484 1694 1529 1733 et
1555 1690 1816 1733 successive
1842 1703 2032 1744 rogave-

261 1766 365 1804 runt
395 1766 439 1804 et
467 1763 664 1805 exortati
696 1766 803 1805 sunt
832 1766 876 1804 et
907 1762 1254 1815 requisiverunt
1284 1762 1548 1804 cardinales
1578 1762 1635 1804 de
1664 1761 1843 1804 eisdem
1872 1764 2032 1815 preter

262 1834 438 1886 legatos
468 1834 690 1886 Nauarre,
721 1834 797 1886 qui
827 1847 921 1875 non
950 1832 1140 1875 fuerunt
1169 1834 1240 1876 usi
1271 1833 1416 1875 verbo
1446 1832 1785 1886 requisicionis.
1826 1832 1926 1874 Rex
1955 1844 2034 1886 pe-

261 1905 359 1947 tivit
380 1905 557 1957 legatos
579 1905 788 1956 Francie,
811 1908 854 1946 et
875 1917 967 1946 non
990 1908 1124 1946 erant
1143 1905 1276 1946 nacio
1298 1904 1554 1956 Gallicana,
1575 1916 1660 1957 per
1681 1904 1823 1946 alium
1845 1902 2031 1946 modum

260 1975 496 2017 miciorem
521 1979 566 2017 et
590 1976 754 2026 solum,
780 1976 902 2028 quod
926 1979 1254 2017 exortarentur
1279 1975 1417 2028 legati
1442 1975 1645 2017 Castelle
1672 1987 1721 2017 se
1746 1975 1896 2016 unire.
1933 1974 2031 2016 Non

260 2050 413 2088 tamen
447 2046 718 2088 intendebat
752 2046 972 2088 recedere
1007 2059 1031 2088 a
1065 2046 1372 2099 deputacione
1406 2045 1527 2088 facta
1560 2046 1618 2088 ad
1650 2044 1939 2087 tractandum
1973 2044 2031 2086 de

262 2117 395 2159 modo
427 2117 691 2169 eleccionis,
724 2118 761 2159 si
796 2117 933 2169 legati
967 2117 1170 2159 Castelle
1202 2117 1382 2158 nollent
1415 2129 1464 2158 se
1496 2117 1632 2158 unire
1665 2119 1710 2158 et
1741 2115 1869 2158 dedit
1899 2127 2032 2157 exor-

260 2188 486 2230 tacionem
522 2189 567 2229 in
602 2188 800 2241 scriptis.

378 2259 478 2301 Hiis
507 2258 745 2311 requisitis
774 2258 1037 2300 cardinales
1066 2271 1151 2311 per
1179 2271 1403 2311 organum
1432 2257 1684 2300 cardinalis
1713 2257 1858 2300 sancti
1891 2257 2029 2299 Marci

261 2330 619 2382 responderunt,
662 2330 784 2382 quod
826 2329 910 2371 ista
953 2330 1144 2370 multum
1186 2329 1529 2370 concernebant
1570 2329 1790 2370 unionem
1832 2327 2029 2370 ecclesie

263 2404 418 2443 sancte
454 2401 553 2451 Dei,
587 2412 723 2453 quam
759 2401 949 2442 summis
984 2399 1233 2442 desideriis
1267 2399 1515 2452 cupiebant
1549 2402 1593 2440 et
1627 2411 1710 2452 pre
1745 2398 1919 2441 cunctis
1952 2398 2030 2440 ho-

262 2471 463 2513 ininibus
487 2474 586 2513 erat
611 2471 679 2513 eis
704 2471 986 2523 appetenda;
1013 2474 1058 2512 et
1083 2483 1224 2523 super
1248 2469 1490 2523 premissis
1514 2469 1870 2523 responderent,
1893 2471 2031 2523 prout

260 2542 505 2583 crederent
534 2541 685 2583 eidem
713 2541 872 2583 unioni
901 2541 1133 2594 proficere
1162 2544 1206 2582 et
1232 2541 1402 2593 taliter,
1429 2541 1551 2593 quod
1580 2540 1833 2593 sperabant
1861 2539 2029 2582 dictum

261 2625 417 2666 regem
449 2616 493 2654 et
524 2613 640 2654 alios
671 2613 967 2664 requirentes
998 2625 1048 2654 ac
1079 2615 1220 2653 totum
1251 2611 1472 2652 mundum
1504 2611 1774 2653 contentari.

378 2683 490 2725 Cum
525 2686 648 2725 certa
683 2683 757 2724 die
792 2682 1056 2725 cardinales
1088 2695 1230 2735 super
1264 2682 1424 2724 fienda
1459 2682 1767 2734 responsione
1800 2681 2030 2723 delibera-

261 2757 377 2806 rent,
405 2754 490 2796 fuit
518 2754 586 2796 eis
614 2754 837 2806 producta
864 2766 949 2806 per
977 2753 1262 2795 cardinalem
1291 2752 1570 2795 Remensem
1598 2765 1690 2794 una
1717 2751 1896 2805 cedula,
1924 2764 2029 2805 que,

262 2829 307 2867 111
339 2828 500 2877 postea
534 2825 758 2866 creditum
792 2824 892 2876 fuit,
926 2823 1207 2876 procedebat
1241 2823 1298 2864 de
1332 2823 1526 2865 concilio
1560 2824 1684 2876 regis
1719 2835 1861 2876 super
1892 2822 2029 2864 modo

260 2895 479 2948 sincere)
515 2895 778 2947 eleccionis,
811 2894 1045 2936 mediante
1079 2907 1168 2947 qua
1201 2894 1382 2936 dicebat
1415 2893 1667 2936 cardinalis
1699 2894 1944 2936 Remensis
1977 2905 2028 2936 se

364 3011 393 3037 ai
419 3012 456 3043 Ῑῖς
488 3010 693 3037 Notonensis.
758 3011 789 3043 b)
820 3014 843 3037 ‹st
872 3010 1048 3042 kara-inim!
1081 3017 1140 3037 von
1177 3011 1317 3036 «raderer
1340 3010 1437 3035 llam!v
1468 3010 1497 3036 in
1524 3009 1673 3041 creden&
1710 3010 1738 3036 D
1761 3010 1822 3036 das
1847 3010 2027 3042 uti-spritua-

257 3059 337 3085 lichc
358 3058 511 3085 subdens.
563 3063 591 3084 c)
614 3059 645 3087 (¹,
671 3059 714 3083 D:
736 3059 855 3084 tuture.
