2102 3444
286 112 367 154 196
818 110 844 144 I.
871 109 1081 144 Abschnitt.
1120 110 1518 154 Konzilstagebticher.

285 233 427 271 tutem
443 232 488 271 et
502 228 811 282 principatum
829 229 1002 271 domini
1019 228 1164 271 nostri
1180 229 1327 271 Jhesu
1343 228 1529 283 Christi,
1544 231 1622 283 qui
1639 241 1740 272 cum
1755 232 1888 283 patre
1903 232 1949 272 et
1964 229 2054 283 spi-

286 301 375 342 ritu
399 303 556 342 sancto
579 300 689 342 vivit
710 303 755 341 et
779 303 942 353 regnat
967 300 1092 342 Deus
1114 312 1199 353 per
1221 301 1375 343 omnia
1397 301 1555 343 secula
1577 301 1855 344 seculorum.
1889 300 2053 343 Amen.

401 371 640 413 Johannes
670 406 677 413 .
715 405 721 412 .
759 405 766 412 .
795 370 1093 424 Sigismundo
1123 405 1130 412 .
1167 405 1174 412 .
1211 406 1219 413 .
1249 371 1590 414 Jocundissime
1621 410 1627 416 .
1665 406 1672 413 .
1709 406 1717 414 .
1748 372 1963 427 quint0.¹)

403 443 488 484 Die
518 443 714 495 septima
741 442 915 484 mensis
945 442 1216 484 Decembris
1245 442 1302 484 de
1330 454 1465 485 mane
1492 445 1598 496 post
1624 444 1813 485 missam
1841 442 2055 485 conveni-

284 514 470 556 entibus
506 515 552 555 in
585 513 764 567 palacio
799 513 1051 566 apostolico
1085 513 1437 556 Constanciensi
1472 515 1518 556 in
1551 514 1798 567 presencia
1832 513 1874 556 d.
1908 513 2055 556 nostri

286 597 405 638 pape
437 584 664 627 Johannis
696 584 868 626 XXIII.
902 597 995 626 rev.
1028 584 1074 626 in
1107 584 1212 626 Chr.
1245 597 1288 638 p.
1321 584 1363 626 d.
1396 588 1552 628 sancte
1584 585 1634 627 R.
1667 597 1706 627 e.
1739 583 2055 627 cardinalibus

285 657 546 708 ceterisque
575 656 768 709 prelatis
797 659 842 698 et
869 655 1249 709 procuratoribus
1278 655 1570 698 dominorum
1599 656 1644 697 in
1674 668 1805 698 sacro
1834 654 2056 698 Constan-

285 727 430 768 ciensi
453 726 649 769 concilio
673 727 998 780 existentibus,
1023 739 1117 768 rev.
1146 727 1192 768 in
1220 726 1323 770 Chr.
1351 739 1395 780 p.
1422 726 1463 768 d.
1489 727 1541 769 A.
1569 726 1947 780 archiepiscopus
1973 725 2055 769 Co-

284 797 486 840 locensis
519 810 545 839 a
579 797 881 840 serenissimo
914 798 955 839 d.
990 810 1099 851 rege
1133 797 1459 850 Romanorum,
1493 810 1630 851 quem
1664 798 1754 840 iam
1787 799 2054 840 coronatum

285 869 447 910 Bunne
476 868 729 921 dimiserat,
755 881 946 922 gressus
975 882 1083 911 suos
1112 881 1277 911 versus
1305 868 1629 911 Constanciam
1657 868 1950 922 dirigentem,
1978 880 2056 910 ex-

284 939 459 981 cusavit
487 939 687 981 eundem
717 939 758 981 d.
789 952 947 992 regem
976 952 1119 993 super
1147 939 1469 982 retardacione
1499 939 1726 982 adventus
1754 938 1826 981 sui
1853 938 1913 982 ad
1940 938 2056 982 Con-

285 1010 520 1052 stanciam.
580 1010 833 1063 Impeditus
874 1023 1075 1064 namque
1118 1011 1272 1053 fuerat
1311 1014 1503 1064 propter
1544 1010 1892 1053 contencionem
1935 1010 2056 1052 inter

285 1082 325 1124 d.
355 1081 755 1135 archiepiscopum
785 1082 1113 1124 Coloniensem
1143 1082 1199 1123 de
1228 1095 1347 1124 novo
1374 1084 1634 1135 promotum
1661 1094 1747 1135 per
1776 1081 1818 1124 d.
1846 1083 2054 1124 nostrum

284 1165 452 1206 papam
488 1153 749 1195 Johannem
786 1153 957 1194 XXIII.
995 1156 1039 1195 et
1076 1153 1117 1194 d.
1154 1154 1425 1206 episcopum
1461 1153 1877 1195 Padeburnensem
1913 1163 2056 1205 super

285 1224 481 1267 ecclesia
525 1224 792 1266 Coloniensi
836 1224 1082 1277 vigentem.
1138 1224 1362 1266 Voluerat
1405 1225 1576 1265 etenim
1619 1224 1868 1277 episcopus
1911 1221 2056 1265 Pade-

284 1295 576 1349 burnensisst)
617 1295 795 1337 litteras
832 1294 1114 1348 provisionis
1150 1295 1206 1337 de
1243 1295 1441 1337 ecclesia
1477 1294 1747 1337 Coloniensi
1781 1294 1839 1337 ab
1874 1293 2056 1347 Angelo

285 1367 503 1409 Corrario
543 1366 630 1408 sibi
670 1365 816 1408 factas
853 1366 1093 1408 insinuare
1133 1369 1177 1408 et
1215 1366 1401 1408 illarum
1440 1366 1710 1408 auctoritate
1748 1365 1805 1408 ad
1844 1363 2056 1407 eiusdem

285 1438 481 1479 ecclesie
518 1437 868 1490 possessionem
905 1436 1096 1489 admitti,
1133 1437 1217 1479 sed
1252 1436 1436 1490 prefato
1473 1436 1531 1491 d„
1554 1449 1664 1490 rege
1700 1435 1908 1478 Romano
1943 1434 2056 1477 resi-

285 1511 433 1550 stente
463 1509 554 1551 voti
586 1508 657 1550 sui
684 1508 1016 1550 execucionem
1045 1508 1222 1550 habere
1252 1507 1472 1560 nequivit.
1514 1507 1570 1549 Et
1598 1507 1791 1560 insuper
1818 1505 2057 1560 predictus

285 1580 326 1622 d.
356 1580 736 1633 archiepiscopus
764 1592 849 1633 pro
876 1582 1009 1632 parte
1039 1578 1250 1621 eiusdem
1280 1579 1405 1632 regis
1435 1578 1476 1620 d.
1506 1580 1715 1620 nostrum
1742 1589 1913 1631 papam
1940 1579 1986 1619 et
2014 1576 2056 1618 d.

286 1664 319 1692 s.
350 1651 399 1693 R.
430 1663 469 1692 e.
500 1650 763 1693 cardinales
792 1651 1092 1703 prelatosque
1123 1650 1170 1691 ln
1199 1662 1331 1692 sacro
1359 1649 1554 1691 concilio
1584 1647 1935 1691 Constanciensi
1963 1646 2058 1689 exi—

286 1724 461 1764 stentes
496 1722 767 1764 exhortatus
803 1725 886 1774 est,
922 1721 1046 1774 quod
1081 1724 1268 1773 attento,
1304 1720 1428 1774 quod
1463 1721 1563 1774 ipse
1600 1719 1642 1762 d.
1678 1732 1764 1762 rex
1798 1718 1978 1761 litteras
2012 1720 2058 1760 et

284 1795 409 1835 certa
435 1805 555 1834 nova
582 1792 785 1835 habebat
812 1792 868 1834 de
899 1792 1101 1835 adventu
1127 1791 1405 1845 principum,
1433 1790 1721 1845 prelatorum
1748 1792 1795 1832 et
1821 1791 2055 1832 oratorum

286 1863 577 1905 dominorum
601 1863 658 1905 de
683 1863 882 1906 diversis
905 1863 1065 1905 mundi
1088 1863 1314 1916 partibus,
1339 1862 1397 1905 ad
1421 1875 1536 1916 quas
1561 1862 1662 1915 ipse
1686 1861 1728 1903 d.
1753 1873 1839 1902 rex
1861 1860 2056 1902 nuncios

285 1937 329 1976 et
352 1937 562 1977 oratores
585 1935 777 1977 miserat
801 1934 859 1977 ad
882 1934 1033 1988 ipsum
1059 1947 1240 1977 sacrum
1265 1933 1630 1976 Constanciense
1652 1931 1910 1986 concilium,
1934 1929 2057 1985 quod

284 2005 397 2058 ipsis
422 2005 694 2048 absentibus
718 2005 962 2047 concilium
984 2018 1077 2046 non
1102 2006 1444 2047 acceleraretur
1466 2016 1552 2046 nec
1576 2004 1623 2046 in
1647 2016 1704 2045 eo
1725 2002 1872 2045 ardua
1894 2004 2057 2044 tracta-

283 2079 459 2129 rentur,
487 2076 571 2118 sed
597 2089 759 2119 eorum
786 2076 1013 2118 adventus
1042 2078 1383 2128 expectaretur,
1412 2074 1612 2117 maxime
1639 2086 1742 2116 cum
1770 2074 1871 2127 ipse
1900 2072 1940 2117 d.
1970 2083 2055 2114 rex

284 2159 385 2189 cum
418 2147 633 2201 pluribus
666 2147 958 2201 principibus
992 2150 1037 2190 et
1069 2147 1266 2200 prelatis
1300 2146 1358 2188 de
1392 2144 1639 2188 Alamania
1673 2144 1732 2187 ad
1765 2144 1918 2198 ipsum
1950 2154 2056 2185 con-

284 2217 439 2260 cilium
471 2218 688 2260 celeriter
719 2219 903 2260 venturi
935 2221 1106 2260 essent.

402 2289 576 2331 Eadem
612 2289 687 2331 die
721 2302 807 2342 pro
841 2292 973 2342 parte
1009 2289 1296 2342 prelatorum
1331 2291 1376 2329 et
1411 2290 1645 2329 oratorum
1682 2286 1974 2328 dominorum
2008 2283 2055 2326 in

284 2372 414 2402 sacro
457 2359 807 2402 Constanciensi
851 2359 1045 2401 concilio
1086 2358 1392 2401 existencium
1435 2358 1477 2400 d.
1520 2359 1680 2400 nostro
1720 2368 1842 2410 pape
1884 2354 2054 2398 Joanni

283 2430 454 2472 XXIII.
482 2430 779 2483 infrascripte
806 2430 970 2472 cedule
996 2432 1264 2483 presentate
1291 2432 1411 2482 sunt,
1437 2440 1633 2482 quarum
1660 2427 1776 2470 duas
1801 2425 2053 2468 inmediate

284 2504 535 2553 sequentes
566 2501 776 2553 porrexit
809 2510 978 2542 revnluS
1010 2500 1052 2542 d.
1086 2499 1338 2542 cardinalis
1370 2499 1738 2542 Cameracensis.

400 2571 555 2615 Prima
583 2569 804 2625 cedula.¹')

399 2641 760 2696 Pressupposita
793 2642 988 2684 materia
1022 2640 1150 2693 fidei,
1185 2653 1274 2694 que
1306 2640 1529 2694 precedit,
1563 2642 1822 2692 sequuntur
1854 2637 2052 2692 quedam

284 2713 616 2765 advisamenta‚
646 2725 787 2766 super
815 2712 984 2765 quibus
1012 2711 1336 2754 reformatorie
1364 2709 1705 2764 providendum
1733 2708 1929 2752 videtur.

400 2785 554 2826 Primo
590 2784 648 2826 ad
683 2782 1053 2826 submovendum
1088 2794 1222 2825 omne
1259 2782 1450 2824 dubium
1487 2784 1533 2823 et
1567 2778 1936 2823 concludendum
1970 2791 2051 2822 ora

282 2855 652 2908 obloquencium,
695 2855 818 2908 quod
859 2854 1124 2896 declaretur
1165 2852 1408 2895 concilium
1452 2852 1672 2894 Pisanum
1715 2884 1724 2893 .
1759 2884 1768 2893 .
1803 2884 1812 2893 .
1854 2850 2048 2904 inane.²)

387 2928 537 2968 :issifper
564 2955 569 2960 .
653 2934 916 2960 l’aulcburncnsis
945 2933 1024 2966 fehlt
1055 2936 1081 2958 (¹.
1141 2933 1172 2959 bt
1210 2934 1234 2958 15
1269 2940 1318 2958 am
1353 2932 1481 2957 leandrf:
1517 2930 1640 2957 ‘'mlula
1661 2930 1835 2957 continens
1857 2930 1887 2956 in
1909 2935 1943 2956 se
1964 2930 2054 2970 certa

281 2981 506 3008 mlxisnuuenta
531 2982 606 3007 (lata
632 2988 722 3015 pape,
751 2983 783 3007 ut
807 2981 845 3007 :le
873 2981 919 3007 eis
942 2981 1054 3007 tierent
1081 2981 1207 3006 statuta
1229 2979 1257 3005 iu
1282 2978 1432 3005 voncilio.

402 3030 433 3071 1)
462 3029 555 3063 ΗΤΑ
586 3031 616 3071 7,
640 3030 718 3065 243.
865 3030 896 3072 2)
925 3028 1046 3063 Hard!
1072 3028 1137 3069 IV,
1162 3027 1217 3062 21.
