2102 3444
255 142 338 185 766
692 142 759 176 III.
791 141 1001 176 Abschnitt.
1045 140 1199 176 Reform
1231 142 1308 176 und
1342 140 1590 187 Verfassung.

254 262 292 302 5.
331 261 565 303 Patriam-h
595 260 779 302 Johann
807 272 895 302 von
922 259 1213 313 Antiochien,
1240 259 1589 303 Stellvertreter
1616 260 1698 304 des
1725 261 2023 306 Kc‘immerers

254 331 527 384 Erzbi30110f
563 332 711 373 Fran:
750 343 837 373 von
872 330 1122 372 Narbonne
1162 343 1219 372 αη
1259 331 1441 373 diesen:
1493 331 1826 385 Ausfu'hrliche
1865 332 2024 376 Recht-

253 402 486 454 set-timcny
521 402 677 443 seiher
712 401 953 453 Tiitiylsez't.
1000 400 1157 454 Grosse
1190 401 1443 454 Ausyaben
1477 401 1553 455 fz‘ir
1589 402 2023 458 Gesandtschaften,

254 472 522 525 Kardiniile,
566 473 727 524 Arma
772 472 963 524 qerinqe
1006 471 1282 514 Eirznahme.
1338 472 1595 515 Kontrolle.
1652 472 1898 517 Gebrauch
1930 472 2023 518 ‘der

576 543 723 585 Bulle.
771 542 1020 596 Konstanz,
1056 543 1316 595 reffl'striert
1353 544 1467 585 1417
1501 543 1626 586 Miirz
1661 545 1701 586 7.

369 635 539 679 Kouzept
563 635 672 670 Paris
695 636 790 670 Bibl.
819 638 890 671 nal.
916 637 1006 671 14:30
1027 635 1053 679 f.
1077 636 1131 670 57.

370 718 777 760 Reverendissime
809 718 960 771 pater!
1006 717 1238 771 Quidquid
1268 731 1354 771 per
1386 719 1565 761 emulos
1597 732 1783 762 causam
1813 721 2024 764 enuclea-

253 789 390 832 tion‘is
433 793 683 842 sumentes,
725 790 834 842 quia
877 789 1047 831 factum
1090 790 1277 831 unionis
1320 789 1387 831 fui
1429 793 1524 832 toto
1565 790 1705 832 corde
1738 794 2024 845 ⁴provsequ’tus

255 861 458 913 ipsorum
490 860 805 902 voluntatibus
835 860 1121 913 postpositiS,
1153 863 1308 902 vestre
1338 873 1382 914 p.
1414 873 1496 902 rev
1500 867 1543 884 ¹¹¹¹¹
1573 861 1794 914 scriptum
1825 861 2020 917 fuerit,³¹)

254 931 424 973 veritas
451 930 569 972 circa
597 931 805 983 materia,
833 931 889 972 de
917 943 1006 983 qua
1034 929 1241 985 agitur,¹‘)
1271 934 1354 984 est,
1383 931 1497 973 sicut
1523 931 1746 985 sequitur.

370 1026 424 1067 Et
444 1026 594 1078 primo
614 1025 751 1077 quod,
772 1025 957 1077 quando
978 1025 1115 1066 michi
1137 1025 1353 1067 servitori
1374 1028 1530 1067 vestro
1549 1026 1796 1069 comisistis
1816 1026 2024 1070 officium

255 1096 617 1137 locumtenencie
645 1096 691 1136 in
719 1095 1008 1149 Constancia‚
1035 1096 1193 1138 nullus
1218 1099 1319 1138 erat
1343 1096 1666 1139 thesaurarius
1691 1097 1789 1139 sive
1814 1101 2024 1152 receptor

253 1166 568 1219 pecuniarum,
606 1179 777 1210 ,rerum
826 1179 913 1210 ‚seu
966 1167 1193 1208 bonorum
1234 1167 1440 1209 Romane
1481 1167 1678 1209 ecclesie
1719 1180 1803 1210 seu
1843 1181 2023 1211 camere

256 1237 506 1290 apostolice
550 1250 635 1290 per
679 1238 789 1279 olim
833 1250 1002 1290 papam
1048 1241 1124 1279 aut
1167 1250 1252 1290 per
1297 1250 1478 1280 sacrum
1524 1239 1768 1280 concilium
1810 1251 1897 1281 seu
1938 1251 2023 1293 per

252 1311 453 1349 vestram
483 1309 810 1361 paternitatem
839 1308 1283 1350 reverendissimam
1313 1309 1424 1351 sede
1454 1312 1645 1351 vacante
1674 1311 1748 1351 vel
1778 1310 1896 1354 ali-as
1922 1322 2024 1352 con-

254 1379 450 1431 stitutus,
484 1380 544 1421 ita
577 1379 700 1431 quod
733 1392 758 1421 a
791 1379 865 1421 die
900 1392 1115 1421 recessus
1148 1380 1290 1421 vestri
1325 1380 1382 1421 de
1417 1379 1693 1422 Constancia
1724 1393 1872 1434 usque
1903 1393 2023 1423 nunc
2086 1419 2089 1421 Α

250 1449 352 1491 sine
380 1449 674 1492 thesaurario
700 1453 747 1492 et
774 1452 1018 1503 receptore
1045 1450 1120 1491 hic
1148 1450 1216 1492 fui
1244 1451 1291 1492 in
1319 1450 1550 1493 exercicio
1577 1451 1721 1494 vestri
1749 1450 1897 1494 officii
1921 1464 2022 1494 cum

253 1520 438 1562 domino
469 1521 682 1562 Johanne
716 1520 1001 1574 Cordurerii,
1033 1534 1171 1574 quem
1202 1522 1397 1576 vestra‘)
1430 1522 1586 1575 gracia
1617 1521 1755 1563 michi
1786 1521 2023 1564 dimisistis

252 1595 296 1633 et
328 1592 373 1632 in
406 1592 536 1633 cuius
566 1592 806 1644 presentia
838 1592 991 1634 omnia
1023 1592 1081 1633 ad
1112 1592 1321 1634 officium
1353 1592 1588 1645 prefatum
1616 1592 1909 1646 pertinencia
1938 1605 2023 1647 per

252 1674 323 1703 me
345 1665 489 1715 gesta,
512 1664 633 1704 facta
657 1676 740 1705 seu
762 1662 1084 1705 administrata
1107 1663 1298 1705 fuerunt
1320 1663 1421 1716 ipso
1445 1663 1501 1705 de
1526 1663 1741 1706 omnibus
1764 1666 2020 1718 regestrum

251 1732 465 1774 faciente.

373 1815 485 1858 Item
507 1819 577 1857 est
598 1827 775 1868 verum,
798 1816 934 1868 quod,
958 1816 1144 1869 quando
1166 1829 1238 1858 me
1261 1817 1335 1858 hic
1356 1816 1403 1857 in
1425 1816 1586 1859 officio
1605 1817 1828 1870 posuistis
1846 1819 1894 1859 et
1913 1815 2020 1858 inde

251 1886 418 1938 angelo
449 1886 575 1939 pacis
608 1887 771 1928 comite
805 1888 863 1929 ab
894 1887 979 1929 hac
1010 1887 1192 1929 civitate
1226 1887 1501 1929 Constancie
1534 1887 1811 1942 recessistis,
1841 1887 2020 1929 nullum

251 1956 494 1998 denarium
522 1958 745 2010 nullaque
775 1958 897 2000 bona
924 1970 1108 1999 camere
1137 1959 1390 2011 apostolice
1419 1958 1556 2000 michi
1586 1958 1840 2000 dimisistis.

370 2052 498 2105 Item,
532 2052 718 2104 quando
749 2052 806 2093 ab
837 2051 944 2093 hinc
975 2052 1252 2105 recessistis,
1285 2065 1468 2094 sacrum
1500 2051 1745 2106 collegium
1778 2051 2020 2104 ordinavit,

251 2122 603 2164 serenissimum
632 2123 673 2165 d.
702 2135 859 2176 regem
888 2122 1201 2165 Romanorum
1229 2135 1321 2165 una
1348 2136 1449 2164 cum
1477 2123 1581 2165 aliis
1610 2121 2020 2166 ambassiatoribus

251 2192 397 2245 ipsius
426 2194 545 2235 sacri
574 2193 755 2235 concilii
784 2194 842 2235 ad
869 2206 1027 2247 regem
1054 2194 1322 2247 Aragonum
1351 2198 1396 2236 et
1422 2194 1610 2235 Petrum
1639 2193 1696 2236 de
1723 2194 1854 2236 Luna
1881 2204 2020 2246 super

253 2263 371 2305 sacto
406 2264 592 2306 unionis
627 2264 823 2306 ecclesie
859 2277 1142 2306 accessuros.
1190 2265 1244 2306 Et
1279 2265 1388 2317 quia
1422 2277 1516 2306 non
1551 2267 1686 2307 erant
1718 2264 1929 2318 pecunie,
1963 2263 2019 2305 de

251 2334 418 2386 quibus
450 2335 713 2376 huiusmodi
748 2335 1028 2377 ambassiate
1060 2334 1168 2376 fieri
1200 2333 1433 2389 possentd)
1470 2335 1561 2377 duo
1592 2335 1776 2389 prelati,
1807 2334 2021 2376 videlicet

252 2404 631 2458 archiepiscopus
667 2406 930 2459 Ragusinus
968 2409 1013 2448 et
1051 2406 1298 2459 episcopus
1335 2406 1646 2459 Augustensis
1684 2406 1742 2447 de
1778 2404 2020 2447 Alamania

250 2488 308 2516 ex
337 2479 468 2528 parte
498 2476 615 2518 sacri
645 2476 866 2531 concilii*·)
896 2477 1027 2519 missi
1056 2476 1249 2519 fuerunt
1277 2476 1335 2519 ad
1364 2476 1604 2518 Brisacum
1630 2481 1677 2520 et
1704 2475 1764 2518 ad
1789 2476 1883 2518 alia
1909 2475 2020 2526 loca,

252 2546 296 2587 in
322 2547 490 2598 quibus
515 2547 555 2589 d.
581 2547 820 2589 tlohannes
845 2547 954 2589 olim
977 2547 1099 2589 bona
1124 2547 1294 2600 aliqua,
1318 2547 1426 2589 dum
1451 2547 1674 2601 fugiebat,
1699 2546 1950 2598 dimiserat,
1972 2547 2020 2586 ut

253 2618 332 2658 illa
356 2618 621 2670 reciperent
643 2621 689 2660 et
712 2618 770 2660 ad
793 2618 1021 2660 civitatem
1047 2618 1322 2660 Constancie
1346 2619 1523 2671 portari
1547 2617 1758 2659 facerent
1779 2616 1840 2660 <ad
1862 2615 2019 2667 finem,

251 2688 372 2740 quod
407 2688 462 2729 de
498 2689 592 2729 illis
622 2689 910 2730 haberentur
942 2689 1140 2742 pecunie
1172 2701 1258 2742 pro
1288 2688 1423 2731 dictis
1455 2688 1750 2731 ambassiatis
1781 2684 2017 2737 faciendis.

251 2758 306 2800 Et
339 2759 398 2800 ita
430 2758 600 2800 sactum
633 2759 733 2811 fuit,
766 2759 984 2812 quoniam
1017 2759 1124 2801 dicti
1156 2758 1325 2812 prelati
1356 2758 1466 2800 illuc
1498 2760 1796 2801 accesserunt
1825 2760 1870 2799 et
1900 2757 2018 2798 bona

251 2828 443 2885 aliquas)
479 2830 525 2870 in
557 2829 689 2872 dictis
720 2830 831 2871 locis
863 2833 1053 2883 reperta
1082 2829 1140 2872 ad
1173 2829 1495 2871 Constanciam
1527 2830 1704 2883 portari
1735 2829 1946 2871 fecerunt
1973 2827 2019 2868 et

365 2962 394 2983 a)
431 2958 474 2983 Hs
503 2956 586 2990 salat
619 2958 864 2984 ‹lurchstrirlwn
898 2957 968 2983 sive
1002 2957 1182 2990 sugestum.
1275 2957 1307 2989 b)
1338 2957 1384 2982 Hs
1413 2956 1498 2990 folyt
1527 2956 1774 2983 ‹lars-hstrichen
1806 2955 1843 2981 ut
1861 2951 2018 2988 sequitur.

250 3005 278 3035 c)
301 3004 346 3030 Hs
367 3004 479 3031 vestri.
578 3004 609 3036 nl)
631 3005 677 3031 Hs
698 3004 780 3037 solut
803 3005 1047 3031 dua-rlzstricltcn
1076 3003 1169 3030 missi
1191 3003 1327 3030 fuerunt
1347 3010 1385 3030 ex
1408 3005 1502 3037 parte
1523 3003 1608 3030 sacri
1631 3002 1772 3030 concilii.
1852 3002 1881 3032 e)
1901 3006 1941 3026 ex
1961 3020 1967 3026 .
1985 3019 1992 3026 .
2011 3018 2017 3025 .

250 3050 381 3077 concilii
405 3059 454 3077 am
479 3052 600 3078 ΙτιιιιιΙν.
675 3051 698 3081 f)
719 3052 758 3079 Su
780 3052 826 3078 Hs
849 3051 1024 3085 lum-riyiert
1047 3057 1107 3077 aas
1128 3050 1290 3084 premissa
1311 3050 1455 3077 dimissa.
