2102 3444
285 172 369 213 710
719 165 785 199 III.
818 162 1027 198 Abschnitt.
1071 161 1223 196 Reform
1256 161 1333 194 und
1366 160 1616 204 Verfassung.

286 286 489 328 assercio
517 289 560 327 et
590 283 702 325 sicut
733 283 936 324 assertor
965 279 1112 332 ipsius
1143 277 1344 321 asseruit
1368 279 1419 320 in
1445 278 1787 331 predicacione,
1816 291 1939 332 papa
1965 291 2053 321 nec

286 355 552 408 presidente
583 366 666 394 nec
698 351 948 401 residente,
977 352 1027 391 ut
1056 352 1127 412 est
1156 349 1213 390 de
1244 349 1467 401 presenti,
1500 348 1673 391 scilicet
1704 349 1815 391 sede
1846 352 2052 402 vacante,

284 425 524 467 concilium
560 424 697 465 habet
733 433 996 474 supremam
1031 422 1306 472 potestatem
1341 422 1386 461 et
1420 419 1573 472 quoad
1606 419 1974 462 iurisdictionem
2006 424 2053 463 et

284 495 427 537 eciam
463 494 612 546 quoad
649 492 995 534 execucionem:
1043 490 1195 542 Quero
1232 490 1383 543 igitur,
1419 489 1544 543 quid,
1580 489 1617 533 si
1653 490 1897 532 concilium
1930 503 2053 533 nunc

284 568 450 607 statuat
477 564 658 616 aliquas
686 564 814 615 leges
841 562 1104 615 generales,
1132 561 1278 603 eciam
1303 560 1575 614 specialiter
1601 560 2053 614 comprehendentes

284 636 479 688 papam‘?
532 633 762 686 Numquid
800 633 881 674 ille
921 633 1051 685 leges
1089 631 1300 685 ligabunt
1337 644 1506 685 papam
1545 631 1752 674 futurum
1791 635 1837 674 et
1874 644 2054 676 succes-

284 705 444 747 sores‘?
493 705 547 746 Et
578 703 617 746 si
653 704 844 756 dicatur,
880 702 1002 755 quod
1038 702 1111 755 sic
1149 705 1340 755 constat,
1375 702 1498 755 quod
1532 705 1748 755 poterant
1780 702 1889 745 fieri
1924 703 2053 756 leges

282 776 431 829 ipsum
465 776 662 828 ligantes
694 777 739 816 et
771 773 926 816 taliter
957 773 1295 826 restringentes
1329 773 1432 816 eius
1463 776 1754 826 potestatem,
1786 773 1911 826 quod
1941 785 2053 815 vere

283 846 540 899 apparebit,
564 845 685 898 quod
706 857 798 887 non
823 845 880 887 sit
901 845 947 886 in
970 857 1093 898 papa
1116 856 1336 897 suprema
1356 847 1576 896 potestas.
1614 843 1660 886 Si
1683 846 1837 886 autem
1860 844 2053 898 dicatur,

281 916 402 970 quod
421 929 506 970 par
526 916 571 957 in
592 928 753 969 parem
772 928 866 957 non
886 915 1028 957 habet
1047 914 1309 968 imperium,
1329 918 1435 957 tunc
1455 927 1614 968 quero,
1634 914 1865 968 quomodo
1882 916 2054 968 poterit

280 1000 402 1040 papa
437 987 622 1029 futurus
657 986 843 1040 privare
881 986 1125 1028 concilium
1162 985 1354 1027 invitum
1390 986 1465 1027 vel
1502 998 1726 1039 separare
1762 985 1820 1028 ab
1855 998 1914 1028 eo
1946 998 2053 1028 exe-

282 1058 532 1111 cucionem,
558 1070 695 1110 quam
722 1069 844 1098 nunc
870 1057 1069 1111 habeta),
1097 1056 1134 1100 si
1162 1056 1220 1099 sit
1243 1069 1331 1110 par
1357 1057 1401 1098 ei
1427 1057 1502 1098 vel
1531 1056 1569 1101 si
1597 1056 1734 1099 ambo
1756 1056 2053 1111 contendant,

283 1130 341 1171 ita
383 1128 505 1182 quod
546 1128 789 1170 concilium
830 1127 955 1180 velit,
997 1127 1219 1180 quamdiu
1259 1127 1347 1169 erit
1386 1130 1728 1181 congregatum,
1770 1127 1894 1181 quod
1931 1140 2053 1182 papa

280 1199 450 1241 habeat
484 1198 850 1240 iurisdictionem
884 1202 930 1241 et
962 1211 1056 1240 non
1090 1197 1435 1252 execucionem,
1470 1201 1516 1240 et
1547 1210 1670 1252 papa
1703 1199 1819 1241 velit
1848 1200 2052 1252 econtra,

281 1269 402 1322 quod
431 1269 674 1311 concilium
704 1269 876 1312 habeat
904 1269 1272 1311 iurisdictionem
1303 1273 1350 1312 et
1376 1282 1471 1312 non
1499 1268 1844 1312 execucionem.
1886 1269 2053 1323 Quero,

281 1341 384 1393 quis
410 1339 666 1382 obtinebit?
706 1340 761 1382 Et
786 1339 823 1383 si
849 1340 1041 1393 dicatur,
1067 1340 1191 1393 quod
1215 1352 1309 1382 non
1334 1343 1407 1383 est
1429 1352 1565 1393 papa,
1592 1340 1670 1393 qui
1692 1341 1850 1394 privet
1869 1340 2053 1383 concilii

280 1411 623 1464 execucionem,
648 1414 718 1454 set
739 1410 841 1464 ipsa
863 1424 985 1464 pape
1009 1412 1203 1464 creacio,
1227 1410 1304 1464 qui
1325 1415 1399 1454 est
1419 1411 1703 1453 universalis
1726 1414 1947 1454 executor
1968 1423 2052 1454 seu

280 1481 626 1525 administrator
652 1482 864 1535 ecclesie,
889 1482 975 1524 hoc
1002 1481 1124 1534 facit,
1151 1485 1258 1524 tunc
1284 1494 1444 1536 quero,
1471 1482 1596 1535 quid,
1620 1482 1661 1525 si
1688 1482 1934 1525 concilium
1959 1494 2051 1525 non

279 1552 491 1594 obstante
523 1565 644 1606 pape
677 1552 917 1594 creacione
949 1553 1063 1595 velit
1095 1552 1183 1595 sibi
1214 1553 1420 1595 retinere
1452 1552 1798 1606 execucionem,
1832 1552 2052 1606 quamdiu

281 1623 541 1666 remanebit
563 1627 904 1677 congregatum,
930 1627 976 1666 et
999 1623 1145 1666 eciam
1170 1624 1272 1677 ipse
1297 1637 1420 1677 papa
1444 1624 1491 1666 in
1514 1624 1744 1684 electione
1766 1637 1853 1666 sua
1876 1627 1923 1667 et
1946 1626 2052 1666 ante

280 1694 555 1736 electionem
582 1699 628 1738 et
653 1697 756 1748 post
782 1695 868 1737 hoc
895 1695 1019 1737 idem
1045 1694 1171 1748 velit,
1197 1694 1426 1748 num-quid
1452 1695 1658 1737 manebit
1682 1695 1904 1738 execucio
1930 1694 2053 1749 apud

279 1764 535 1817 concilium,
566 1765 767 1807 maxime
801 1766 909 1819 quia
939 1779 1032 1808 non
1062 1769 1294 1819 repugnat
1324 1765 1537 1808 constitui
1567 1766 1731 1820 plures
1761 1765 2053 1809 administra-

280 1838 404 1877 tores
430 1836 476 1877 in
501 1836 700 1878 solidum
724 1836 936 1879 eiusdem
961 1836 1416 1880 administracionis‘.>
1455 1837 1501 1880 Si
1526 1836 1603 1890 sic,
1625 1839 1734 1880 tunc
1755 1849 1851 1879 non
1873 1836 2053 1880 creacio

280 1918 415 1959 pape,
442 1919 530 1960 que
557 1907 793 1961 impediat,
820 1911 889 1950 set
912 1908 1142 1961 voluntas,
1167 1911 1212 1950 et
1236 1908 1383 1950 eciam
1407 1912 1481 1951 est
1502 1911 1663 1951 contra
1686 1907 1878 1950 terciam
1902 1920 2053 1950 asser-

280 1978 458 2019 cionem
496 1981 540 2020 et
575 1981 800 2031 quartam,
838 1991 926 2031 que
964 1979 1238 2032 simpliciter
1271 1982 1445 2032 negant
1480 1978 1810 2021 execucionem
1844 1978 2052 2033 concilio,

281 2061 401 2101 papa
426 2048 628 2102 legitime
652 2050 924 2102 presidente
951 2053 996 2092 et
1020 2050 1277 2102 residente,
1305 2049 1343 2093 si
1365 2063 1474 2103 non,
1498 2054 1605 2093 tunc
1628 2063 1736 2103 non,
1761 2063 1863 2092 cum
1887 2062 2053 2103 repug-

280 2122 357 2160 nat
389 2119 545 2172 aliqua
576 2120 654 2161 lex
688 2120 861 2172 divin³a3
896 2124 942 2163 et
972 2121 1131 2174 verba,
1164 2121 1333 2174 quibus
1366 2120 1471 2163 data
1504 2123 1574 2164 est
1602 2123 1810 2175 potestas
1839 2119 2052 2173 ecclesie,

279 2189 365 2231 hoc
397 2190 657 2242 paciantur;
695 2191 918 2245 sequitur,
953 2192 1076 2244 quod
1110 2192 1189 2234 lex
1222 2192 1425 2234 humana
1457 2196 1541 2243 est,
1576 2204 1666 2245 que
1701 2191 1878 2234 resistit
1908 2194 1956 2234 et
1989 2190 2052 2234 sic

280 2259 368 2302 erit
399 2261 555 2312 aliqua
585 2261 663 2302 lex
691 2261 894 2304 humana
924 2263 1076 2316 ligans
1104 2266 1197 2305 tam
1229 2262 1473 2305 ecclesiam
1505 2276 1642 2316 quam
1672 2275 1861 2316 papam;
1893 2265 1940 2305 et
1966 2273 2052 2316 per

281 2343 572 2383 consequens
611 2335 681 2374 est
719 2333 764 2373 in
806 2333 961 2386 aliquo
1001 2334 1193 2376 istorum
1234 2347 1454 2387 suprema
1492 2336 1699 2387 potestas
1738 2336 1897 2376 contra
1936 2333 2050 2376 duas

281 2401 454 2453 primas
484 2401 788 2446 asserciones.

398 2472 621 2515 Preterea
655 2474 819 2527 posito,
855 2475 977 2527 quod
1010 2476 1140 2529 leges
1174 2488 1297 2518 nunc
1331 2475 1451 2518 facte
1487 2478 1565 2518 aut
1597 2474 1813 2518 faciende
1846 2487 1936 2529 per
1966 2475 2051 2517 hoc

280 2543 522 2585 concilium
555 2544 666 2586 sede
697 2548 888 2587 vacante
919 2559 1011 2588 non
1042 2547 1254 2600 ligabunt
1282 2559 1451 2600 papiam
1481 2546 1703 2600 futurum,
1734 2559 1894 2600 quero,
1922 2557 2051 2587 num-

281 2613 389 2665 quid
415 2613 623 2665 ligabunt
649 2615 766 2659 alios
793 2616 849 2658 de
877 2618 1088 2669 ecclesia,
1118 2618 1178 2660 ita
1205 2617 1328 2670 quod
1352 2620 1528 2670 postea,
1555 2620 1711 2660 creato
1734 2629 1916 2660 summo
1940 2628 2050 2670 pon-

281 2684 422 2737 tifice,
449 2684 486 2727 si
513 2684 612 2738 ipse
640 2687 931 2730 mandaverit
956 2689 1237 2731 contrarium
1265 2689 1382 2741 eius,
1408 2688 1532 2741 quod
1561 2689 1649 2730 erit
1672 2688 1721 2730 in
1748 2687 1843 2731 illis
1868 2687 2049 2741 legibus

280 2756 589 2806 constitutum,
612 2769 703 2798 non
726 2770 811 2810 per
833 2759 1018 2800 modum
1043 2759 1428 2812 dispensacionis,
1452 2759 1499 2801 in
1523 2772 1612 2812 qua
1635 2758 1890 2812 requiritur
1912 2769 2048 2801 caussa

282 2825 539 2877 sufficiens,
583 2830 652 2869 set
694 2841 780 2880 per
821 2829 1005 2871 modum
1049 2830 1197 2872 libere
1240 2829 1505 2883 voluntatis,
1544 2829 1771 2883 numquid
1811 2829 1882 2871 illi
1923 2832 2049 2872 tene-

280 2895 450 2937 buntur
480 2897 701 2939 obedire?
746 2898 790 2941 Si
823 2899 1014 2953 dicatur,
1043 2900 1166 2953 quod
1194 2913 1302 2953 non,
1332 2904 1439 2942 tunc
1466 2901 1557 2943 isto
1585 2900 1721 2943 modo
1748 2900 1919 2954 poterit
1945 2910 2048 2942 con-

279 2965 432 3007 cilium
460 2968 646 3019 privare
674 2981 842 3022 papam
871 2971 1152 3013 execucione
1178 2984 1264 3015 sue
1295 2971 1642 3025 iurisdictionis,
1671 2971 1779 3026 quia
1806 2983 1928 3026 papa
1954 2981 2046 3013 non

385 3070 414 3103 a)
436 3071 481 3097 Hs
502 3070 585 3104 solat
606 3079 664 3098 suc
685 3072 791 3099 unius.
