<?xml version="1.0" encoding="UTF-8"?>
<!DOCTYPE html PUBLIC "-//W3C//DTD XHTML 1.0 Transitional//EN"
    "http://www.w3.org/TR/xhtml1/DTD/xhtml1-transitional.dtd">
<html xmlns="http://www.w3.org/1999/xhtml" xml:lang="en" lang="en">
 <head>
  <title>
</title>
<meta http-equiv="Content-Type" content="text/html;charset=utf-8" />
  <meta name='ocr-system' content='tesseract 3.04.00' />
  <meta name='ocr-capabilities' content='ocr_page ocr_carea ocr_par ocr_line ocrx_word'/>
</head>
<body>
  <div class='ocr_page' id='page_1' title='image "./actaconciliicons02counuoft_0522.png"; bbox 0 0 2102 3444; ppageno 0'>
   <div class='ocr_carea' id='block_1_1' title="bbox 174 119 1591 169">
    <p class='ocr_par' dir='ltr' id='par_1_1' title="bbox 174 119 1591 169">
     <span class='ocr_line' id='line_1_1' title="bbox 174 119 1591 169; baseline -0.011 0"><span class='ocrx_word' id='word_1_1' title='bbox 174 128 258 169; x_wconf 83' lang='lat'>508</span> <span class='ocrx_word' id='word_1_2' title='bbox 527 125 572 159; x_wconf 87' lang='grc' dir='ltr'>Π.</span> <span class='ocrx_word' id='word_1_3' title='bbox 605 123 814 158; x_wconf 84' lang='lat' dir='ltr'>Abschnitt.</span> <span class='ocrx_word' id='word_1_4' title='bbox 857 122 1061 156; x_wconf 78' lang='lat' dir='ltr'>Sermones</span> <span class='ocrx_word' id='word_1_5' title='bbox 1092 120 1240 155; x_wconf 77' lang='lat' dir='ltr'>concilii</span> <span class='ocrx_word' id='word_1_6' title='bbox 1272 119 1591 156; x_wconf 82' lang='lat' dir='ltr'>Constanciensis.</span> 
     </span>
    </p>
   </div>
   <div class='ocr_carea' id='block_1_2' title="bbox 174 239 1950 2989">
    <p class='ocr_par' dir='ltr' id='par_1_2' title="bbox 174 239 1950 2989">
     <span class='ocr_line' id='line_1_2' title="bbox 176 239 1943 296; baseline -0.002 -11"><span class='ocrx_word' id='word_1_7' title='bbox 176 244 295 296; x_wconf 82' lang='lat' dir='ltr'>quod</span> <span class='ocrx_word' id='word_1_8' title='bbox 329 245 392 285; x_wconf 85' lang='lat' dir='ltr'>sic</span> <span class='ocrx_word' id='word_1_9' title='bbox 426 246 630 285; x_wconf 65' lang='lat' dir='ltr'>sanctum</span> <span class='ocrx_word' id='word_1_10' title='bbox 666 254 829 294; x_wconf 81' lang='lat' dir='ltr'>papam</span> <span class='ocrx_word' id='word_1_11' title='bbox 863 239 1057 291; x_wconf 77' lang='lat' dir='ltr'>extollit,</span> <span class='ocrx_word' id='word_1_12' title='bbox 1090 239 1247 281; x_wconf 87' lang='lat' dir='ltr'>laudat</span> <span class='ocrx_word' id='word_1_13' title='bbox 1278 242 1322 280; x_wconf 91' lang='lat' dir='ltr'>et</span> <span class='ocrx_word' id='word_1_14' title='bbox 1354 239 1599 292; x_wconf 88' lang='lat' dir='ltr'>glorificat,</span> <span class='ocrx_word' id='word_1_15' title='bbox 1631 240 1669 281; x_wconf 91' lang='lat' dir='ltr'>si</span> <span class='ocrx_word' id='word_1_16' title='bbox 1702 239 1943 281; x_wconf 90' lang='lat' dir='ltr'>veritatem</span> 
     </span>
     <span class='ocr_line' id='line_1_3' title="bbox 178 310 1944 364; baseline -0.002 -9"><span class='ocrx_word' id='word_1_17' title='bbox 178 319 329 356; x_wconf 60' lang='lat' dir='ltr'>servat</span> <span class='ocrx_word' id='word_1_18' title='bbox 355 314 635 360; x_wconf 79' lang='lat' dir='ltr'>innocencie,</span> <span class='ocrx_word' id='word_1_19' title='bbox 658 311 779 364; x_wconf 86' lang='lat' dir='ltr'>quod</span> <span class='ocrx_word' id='word_1_20' title='bbox 802 311 930 352; x_wconf 82' lang='lat' dir='ltr'>nulla</span> <span class='ocrx_word' id='word_1_21' title='bbox 953 310 1180 361; x_wconf 80' lang='lat' dir='ltr'>scismata,</span> <span class='ocrx_word' id='word_1_22' title='bbox 1201 310 1330 352; x_wconf 92' lang='lat' dir='ltr'>nulla</span> <span class='ocrx_word' id='word_1_23' title='bbox 1350 310 1572 352; x_wconf 86' lang='lat' dir='ltr'>scandala</span> <span class='ocrx_word' id='word_1_24' title='bbox 1596 310 1640 351; x_wconf 92' lang='lat' dir='ltr'>in</span> <span class='ocrx_word' id='word_1_25' title='bbox 1664 323 1713 352; x_wconf 88' lang='lat' dir='ltr'>se</span> <span class='ocrx_word' id='word_1_26' title='bbox 1738 311 1839 363; x_wconf 83' lang='lat' dir='ltr'>ipso</span> <span class='ocrx_word' id='word_1_27' title='bbox 1858 323 1944 352; x_wconf 91' lang='lat' dir='ltr'>nec</span> 
     </span>
     <span class='ocr_line' id='line_1_4' title="bbox 179 380 1944 435; baseline -0.002 -9"><span class='ocrx_word' id='word_1_28' title='bbox 179 387 221 426; x_wconf 84' lang='lat' dir='ltr'>iu</span> <span class='ocrx_word' id='word_1_29' title='bbox 251 386 331 426; x_wconf 79' lang='lat' dir='ltr'>Dei</span> <span class='ocrx_word' id='word_1_30' title='bbox 362 385 557 425; x_wconf 76' lang='lat' dir='ltr'>ecclesia</span> <span class='ocrx_word' id='word_1_31' title='bbox 584 382 804 435; x_wconf 86' lang='lat' dir='ltr'>permittit</span> <span class='ocrx_word' id='word_1_32' title='bbox 832 382 1028 422; x_wconf 77' lang='lat' dir='ltr'>efficere</span> <span class='ocrx_word' id='word_1_33' title='bbox 1057 415 1064 422; x_wconf 96' lang='lat'>.</span> <span class='ocrx_word' id='word_1_34' title='bbox 1102 415 1108 422; x_wconf 93' lang='lat'>.</span> <span class='ocrx_word' id='word_1_35' title='bbox 1146 415 1153 421; x_wconf 94' lang='lat'><em>.</em></span> <span class='ocrx_word' id='word_1_36' title='bbox 1194 380 1247 423; x_wconf 88' lang='lat' dir='ltr'>Et</span> <span class='ocrx_word' id='word_1_37' title='bbox 1274 381 1337 423; x_wconf 88' lang='lat' dir='ltr'>sic</span> <span class='ocrx_word' id='word_1_38' title='bbox 1365 380 1638 434; x_wconf 77' lang='lat' dir='ltr'>intelligitur</span> <span class='ocrx_word' id='word_1_39' title='bbox 1665 380 1794 433; x_wconf 93' lang='lat' dir='ltr'>illud,</span> <span class='ocrx_word' id='word_1_40' title='bbox 1821 380 1944 434; x_wconf 91' lang='lat' dir='ltr'>quod</span> 
     </span>
     <span class='ocr_line' id='line_1_5' title="bbox 176 451 1945 504; baseline -0.002 -9"><span class='ocrx_word' id='word_1_41' title='bbox 176 456 477 496; x_wconf 76' lang='lat' dir='ltr'>communiter</span> <span class='ocrx_word' id='word_1_42' title='bbox 507 454 591 494; x_wconf 87' lang='lat' dir='ltr'>dici</span> <span class='ocrx_word' id='word_1_43' title='bbox 624 454 753 503; x_wconf 84' lang='lat' dir='ltr'>solet,</span> <span class='ocrx_word' id='word_1_44' title='bbox 784 452 905 504; x_wconf 91' lang='lat' dir='ltr'>quod</span> <span class='ocrx_word' id='word_1_45' title='bbox 938 452 1015 493; x_wconf 90' lang='lat' dir='ltr'>illa</span> <span class='ocrx_word' id='word_1_46' title='bbox 1046 452 1183 493; x_wconf 86' lang='lat' dir='ltr'>sedes</span> <span class='ocrx_word' id='word_1_47' title='bbox 1213 451 1464 504; x_wconf 89' lang='lat' dir='ltr'>apostolica</span> <span class='ocrx_word' id='word_1_48' title='bbox 1495 455 1571 493; x_wconf 88' lang='lat' dir='ltr'>aut</span> <span class='ocrx_word' id='word_1_49' title='bbox 1601 455 1806 493; x_wconf 89' lang='lat' dir='ltr'>sanctum</span> <span class='ocrx_word' id='word_1_50' title='bbox 1837 451 1945 494; x_wconf 85' lang='lat' dir='ltr'>facit</span> 
     </span>
     <span class='ocr_line' id='line_1_6' title="bbox 177 522 1945 574; baseline -0.002 -7"><span class='ocrx_word' id='word_1_51' title='bbox 177 531 251 568; x_wconf 80' lang='lat' dir='ltr'>aut</span> <span class='ocrx_word' id='word_1_52' title='bbox 290 529 495 567; x_wconf 77' lang='lat' dir='ltr'>sanctum</span> <span class='ocrx_word' id='word_1_53' title='bbox 538 524 711 565; x_wconf 76' lang='lat' dir='ltr'>invenit</span> <span class='ocrx_word' id='word_1_54' title='bbox 751 557 759 565; x_wconf 94' lang='lat'><strong>.</strong></span> <span class='ocrx_word' id='word_1_55' title='bbox 796 557 803 564; x_wconf 91' lang='lat'><strong>.</strong></span> <span class='ocrx_word' id='word_1_56' title='bbox 840 557 847 564; x_wconf 92' lang='lat'><strong>.</strong></span> <span class='ocrx_word' id='word_1_57' title='bbox 898 522 989 564; x_wconf 86' lang='lat' dir='ltr'>Sed</span> <span class='ocrx_word' id='word_1_58' title='bbox 1027 522 1116 564; x_wconf 89' lang='lat' dir='ltr'>iam</span> <span class='ocrx_word' id='word_1_59' title='bbox 1157 522 1389 574; x_wconf 84' lang='lat' dir='ltr'>respicite,</span> <span class='ocrx_word' id='word_1_60' title='bbox 1426 522 1547 574; x_wconf 92' lang='lat' dir='ltr'>quod</span> <span class='ocrx_word' id='word_1_61' title='bbox 1585 522 1715 564; x_wconf 90' lang='lat' dir='ltr'>multi</span> <span class='ocrx_word' id='word_1_62' title='bbox 1755 523 1945 564; x_wconf 89' lang='lat' dir='ltr'>caritate</span> 
     </span>
     <span class='ocr_line' id='line_1_7' title="bbox 179 592 1945 646; baseline -0.002 -9"><span class='ocrx_word' id='word_1_63' title='bbox 179 596 359 637; x_wconf 76' lang='lat' dir='ltr'>unionis</span> <span class='ocrx_word' id='word_1_64' title='bbox 388 595 553 636; x_wconf 71' lang='lat' dir='ltr'>fervidi</span> <span class='ocrx_word' id='word_1_65' title='bbox 586 594 905 646; x_wconf 74' lang='lat' dir='ltr'>respicientes,</span> <span class='ocrx_word' id='word_1_66' title='bbox 935 594 1057 646; x_wconf 91' lang='lat' dir='ltr'>quod</span> <span class='ocrx_word' id='word_1_67' title='bbox 1086 593 1211 635; x_wconf 90' lang='lat' dir='ltr'>Deus</span> <span class='ocrx_word' id='word_1_68' title='bbox 1239 592 1446 645; x_wconf 88' lang='lat' dir='ltr'>requirat</span> <span class='ocrx_word' id='word_1_69' title='bbox 1474 627 1482 634; x_wconf 90' lang='lat'><strong><em>.</em></strong></span> <span class='ocrx_word' id='word_1_70' title='bbox 1519 627 1527 634; x_wconf 90' lang='lat'>.</span> <span class='ocrx_word' id='word_1_71' title='bbox 1563 627 1571 635; x_wconf 92' lang='lat'><strong>.</strong></span> <span class='ocrx_word' id='word_1_72' title='bbox 1601 593 1658 635; x_wconf 91' lang='lat' dir='ltr'>ab</span> <span class='ocrx_word' id='word_1_73' title='bbox 1684 592 1871 635; x_wconf 89' lang='lat' dir='ltr'>homine</span> <span class='ocrx_word' id='word_1_74' title='bbox 1899 593 1945 634; x_wconf 91' lang='lat' dir='ltr'>in</span> 
     </span>
     <span class='ocr_line' id='line_1_8' title="bbox 177 663 1946 717; baseline -0.002 -8"><span class='ocrx_word' id='word_1_75' title='bbox 177 671 300 709; x_wconf 79' lang='lat' dir='ltr'>tanto</span> <span class='ocrx_word' id='word_1_76' title='bbox 326 669 443 708; x_wconf 79' lang='lat' dir='ltr'>statu</span> <span class='ocrx_word' id='word_1_77' title='bbox 469 668 666 717; x_wconf 83' lang='lat' dir='ltr'>papatus</span> <span class='ocrx_word' id='word_1_78' title='bbox 690 665 866 706; x_wconf 87' lang='lat' dir='ltr'>habere</span> <span class='ocrx_word' id='word_1_79' title='bbox 893 664 1030 717; x_wconf 83' lang='lat' dir='ltr'>digne</span> <span class='ocrx_word' id='word_1_80' title='bbox 1058 664 1265 706; x_wconf 87' lang='lat' dir='ltr'>veritatis</span> <span class='ocrx_word' id='word_1_81' title='bbox 1290 663 1626 716; x_wconf 83' lang='lat' dir='ltr'>fulcimentum,</span> <span class='ocrx_word' id='word_1_82' title='bbox 1653 663 1699 705; x_wconf 93' lang='lat' dir='ltr'>in</span> <span class='ocrx_word' id='word_1_83' title='bbox 1724 667 1946 717; x_wconf 90' lang='lat' dir='ltr'>quantum</span> 
     </span>
     <span class='ocr_line' id='line_1_9' title="bbox 180 734 1947 790; baseline -0.001 -11"><span class='ocrx_word' id='word_1_84' title='bbox 180 738 363 790; x_wconf 79' lang='lat' dir='ltr'>respicit</span> <span class='ocrx_word' id='word_1_85' title='bbox 403 749 595 778; x_wconf 88' lang='lat' dir='ltr'>comune</span> <span class='ocrx_word' id='word_1_86' title='bbox 634 736 805 777; x_wconf 89' lang='lat' dir='ltr'>bonum</span> <span class='ocrx_word' id='word_1_87' title='bbox 846 739 890 777; x_wconf 91' lang='lat' dir='ltr'>et</span> <span class='ocrx_word' id='word_1_88' title='bbox 928 735 1174 788; x_wconf 78' lang='lat' dir='ltr'>exequitur</span> <span class='ocrx_word' id='word_1_89' title='bbox 1214 735 1415 787; x_wconf 90' lang='lat' dir='ltr'>pastoris</span> <span class='ocrx_word' id='word_1_90' title='bbox 1453 734 1664 776; x_wconf 83' lang='lat' dir='ltr'>officium</span> <span class='ocrx_word' id='word_1_91' title='bbox 1704 734 1791 777; x_wconf 85' lang='lat' dir='ltr'>sibi</span> <span class='ocrx_word' id='word_1_92' title='bbox 1830 747 1947 777; x_wconf 88' lang='lat' dir='ltr'>com-</span> 
     </span>
     <span class='ocr_line' id='line_1_10' title="bbox 178 806 1946 860; baseline -0.001 -11"><span class='ocrx_word' id='word_1_93' title='bbox 178 810 365 849; x_wconf 88' lang='lat' dir='ltr'>missum</span> <span class='ocrx_word' id='word_1_94' title='bbox 407 820 490 860; x_wconf 89' lang='lat' dir='ltr'>per</span> <span class='ocrx_word' id='word_1_95' title='bbox 532 807 763 848; x_wconf 77' lang='lat' dir='ltr'>Christum</span> <span class='ocrx_word' id='word_1_96' title='bbox 808 807 853 847; x_wconf 91' lang='lat' dir='ltr'>in</span> <span class='ocrx_word' id='word_1_97' title='bbox 896 806 1079 848; x_wconf 85' lang='lat' dir='ltr'>Christo</span> <span class='ocrx_word' id='word_1_98' title='bbox 1119 818 1328 859; x_wconf 90' lang='lat' dir='ltr'>corpore,</span> <span class='ocrx_word' id='word_1_99' title='bbox 1369 806 1491 858; x_wconf 91' lang='lat' dir='ltr'>quod</span> <span class='ocrx_word' id='word_1_100' title='bbox 1532 818 1701 859; x_wconf 89' lang='lat' dir='ltr'>corpus</span> <span class='ocrx_word' id='word_1_101' title='bbox 1742 808 1946 848; x_wconf 83' lang='lat' dir='ltr'>sanctam</span> 
     </span>
     <span class='ocr_line' id='line_1_11' title="bbox 179 877 1946 920; baseline -0.001 -1"><span class='ocrx_word' id='word_1_102' title='bbox 179 880 426 920; x_wconf 75' lang='lat' dir='ltr'>Romanam</span> <span class='ocrx_word' id='word_1_103' title='bbox 469 890 550 919; x_wconf 88' lang='lat' dir='ltr'>seu</span> <span class='ocrx_word' id='word_1_104' title='bbox 593 877 867 919; x_wconf 85' lang='lat' dir='ltr'>militantem</span> <span class='ocrx_word' id='word_1_105' title='bbox 909 890 959 919; x_wconf 89' lang='lat' dir='ltr'>ac</span> <span class='ocrx_word' id='word_1_106' title='bbox 1001 877 1316 918; x_wconf 86' lang='lat' dir='ltr'>universalem</span> <span class='ocrx_word' id='word_1_107' title='bbox 1358 877 1603 918; x_wconf 89' lang='lat' dir='ltr'>ecclesiam</span> <span class='ocrx_word' id='word_1_108' title='bbox 1646 879 1724 919; x_wconf 87' lang='lat' dir='ltr'>aut</span> <span class='ocrx_word' id='word_1_109' title='bbox 1765 889 1946 919; x_wconf 89' lang='lat' dir='ltr'>sacrum</span> 
     </span>
     <span class='ocr_line' id='line_1_12' title="bbox 176 947 1947 1001; baseline 0 -12"><span class='ocrx_word' id='word_1_110' title='bbox 176 949 414 990; x_wconf 83' lang='lat' dir='ltr'>concilium</span> <span class='ocrx_word' id='word_1_111' title='bbox 452 948 578 990; x_wconf 91' lang='lat' dir='ltr'>illam</span> <span class='ocrx_word' id='word_1_112' title='bbox 611 950 1016 1000; x_wconf 76' lang='lat' dir='ltr'>representantem</span> <span class='ocrx_word' id='word_1_113' title='bbox 1049 961 1178 999; x_wconf 71' lang='lat' dir='ltr'>voco,</span> <span class='ocrx_word' id='word_1_114' title='bbox 1214 947 1544 1001; x_wconf 86' lang='lat' dir='ltr'>intelligentes,</span> <span class='ocrx_word' id='word_1_115' title='bbox 1578 947 1701 1001; x_wconf 91' lang='lat' dir='ltr'>quod</span> <span class='ocrx_word' id='word_1_116' title='bbox 1733 947 1947 989; x_wconf 89' lang='lat' dir='ltr'>voluntas</span> 
     </span>
     <span class='ocr_line' id='line_1_13' title="bbox 180 1018 1946 1071; baseline -0.001 -10"><span class='ocrx_word' id='word_1_117' title='bbox 180 1021 259 1061; x_wconf 72' lang='lat' dir='ltr'>Dei</span> <span class='ocrx_word' id='word_1_118' title='bbox 284 1023 354 1062; x_wconf 87' lang='lat' dir='ltr'>est</span> <span class='ocrx_word' id='word_1_119' title='bbox 377 1019 687 1061; x_wconf 80' lang='lat' dir='ltr'>sanctificacio</span> <span class='ocrx_word' id='word_1_120' title='bbox 710 1022 869 1061; x_wconf 90' lang='lat' dir='ltr'>nostra</span> <span class='ocrx_word' id='word_1_121' title='bbox 894 1018 1147 1061; x_wconf 87' lang='lat' dir='ltr'>secundum</span> <span class='ocrx_word' id='word_1_122' title='bbox 1168 1019 1445 1071; x_wconf 90' lang='lat' dir='ltr'>apostolum.</span> <span class='ocrx_word' id='word_1_123' title='bbox 1484 1018 1539 1060; x_wconf 89' lang='lat' dir='ltr'>Et</span> <span class='ocrx_word' id='word_1_124' title='bbox 1561 1021 1692 1071; x_wconf 89' lang='lat' dir='ltr'>parte</span> <span class='ocrx_word' id='word_1_125' title='bbox 1717 1031 1776 1060; x_wconf 88' lang='lat' dir='ltr'>ex</span> <span class='ocrx_word' id='word_1_126' title='bbox 1798 1019 1946 1060; x_wconf 89' lang='lat' dir='ltr'>altera</span> 
     </span>
     <span class='ocr_line' id='line_1_14' title="bbox 176 1088 1947 1143; baseline -0.001 -12"><span class='ocrx_word' id='word_1_127' title='bbox 176 1093 487 1143; x_wconf 83' lang='lat' dir='ltr'>respexerunt</span> <span class='ocrx_word' id='word_1_128' title='bbox 519 1103 620 1131; x_wconf 88' lang='lat' dir='ltr'>cum</span> <span class='ocrx_word' id='word_1_129' title='bbox 656 1090 901 1133; x_wconf 84' lang='lat' dir='ltr'>Francisco</span> <span class='ocrx_word' id='word_1_130' title='bbox 934 1090 1185 1132; x_wconf 87' lang='lat' dir='ltr'>Petrarcha</span> <span class='ocrx_word' id='word_1_131' title='bbox 1220 1089 1265 1131; x_wconf 93' lang='lat' dir='ltr'>in</span> <span class='ocrx_word' id='word_1_132' title='bbox 1300 1089 1420 1131; x_wconf 90' lang='lat' dir='ltr'>libro</span> <span class='ocrx_word' id='word_1_133' title='bbox 1455 1089 1556 1131; x_wconf 91' lang='lat' dir='ltr'>sine</span> <span class='ocrx_word' id='word_1_134' title='bbox 1589 1089 1791 1143; x_wconf 92' lang='lat' dir='ltr'>nomine,</span> <span class='ocrx_word' id='word_1_135' title='bbox 1825 1088 1947 1142; x_wconf 92' lang='lat' dir='ltr'>quod</span> 
     </span>
     <span class='ocr_line' id='line_1_15' title="bbox 175 1160 1947 1214; baseline -0.001 -11"><span class='ocrx_word' id='word_1_136' title='bbox 175 1162 489 1203; x_wconf 77' lang='lat' dir='ltr'>crescentibus</span> <span class='ocrx_word' id='word_1_137' title='bbox 521 1161 714 1214; x_wconf 81' lang='lat' dir='ltr'>flagitiis</span> <span class='ocrx_word' id='word_1_138' title='bbox 744 1161 982 1203; x_wconf 85' lang='lat' dir='ltr'>hominum</span> <span class='ocrx_word' id='word_1_139' title='bbox 1013 1161 1157 1202; x_wconf 83' lang='lat' dir='ltr'>crevit</span> <span class='ocrx_word' id='word_1_140' title='bbox 1187 1161 1285 1202; x_wconf 84' lang='lat' dir='ltr'>veri</span> <span class='ocrx_word' id='word_1_141' title='bbox 1316 1160 1472 1202; x_wconf 91' lang='lat' dir='ltr'>odium</span> <span class='ocrx_word' id='word_1_142' title='bbox 1504 1163 1548 1202; x_wconf 92' lang='lat' dir='ltr'>et</span> <span class='ocrx_word' id='word_1_143' title='bbox 1578 1173 1773 1214; x_wconf 87' lang='lat' dir='ltr'>regnum</span> <span class='ocrx_word' id='word_1_144' title='bbox 1804 1161 1947 1203; x_wconf 88' lang='lat' dir='ltr'>eccle-</span> 
     </span>
     <span class='ocr_line' id='line_1_16' title="bbox 176 1231 1947 1285; baseline 0 -12"><span class='ocrx_word' id='word_1_145' title='bbox 176 1233 408 1275; x_wconf 82' lang='lat' dir='ltr'>siasticum</span> <span class='ocrx_word' id='word_1_146' title='bbox 441 1231 690 1274; x_wconf 89' lang='lat' dir='ltr'>blandiciis</span> <span class='ocrx_word' id='word_1_147' title='bbox 725 1236 771 1274; x_wconf 92' lang='lat' dir='ltr'>et</span> <span class='ocrx_word' id='word_1_148' title='bbox 804 1231 1060 1274; x_wconf 87' lang='lat' dir='ltr'>mendaciis</span> <span class='ocrx_word' id='word_1_149' title='bbox 1095 1237 1165 1275; x_wconf 88' lang='lat' dir='ltr'>est</span> <span class='ocrx_word' id='word_1_150' title='bbox 1194 1231 1368 1273; x_wconf 87' lang='lat' dir='ltr'>datum.</span> <span class='ocrx_word' id='word_1_151' title='bbox 1415 1232 1470 1274; x_wconf 90' lang='lat' dir='ltr'>Et</span> <span class='ocrx_word' id='word_1_152' title='bbox 1502 1231 1593 1274; x_wconf 85' lang='lat' dir='ltr'>iam</span> <span class='ocrx_word' id='word_1_153' title='bbox 1624 1231 1765 1285; x_wconf 83' lang='lat' dir='ltr'>periit</span> <span class='ocrx_word' id='word_1_154' title='bbox 1798 1231 1947 1274; x_wconf 89' lang='lat' dir='ltr'>iustus</span> 
     </span>
     <span class='ocr_line' id='line_1_17' title="bbox 177 1302 1943 1356; baseline -0.001 -11"><span class='ocrx_word' id='word_1_155' title='bbox 177 1305 220 1345; x_wconf 87' lang='lat' dir='ltr'>in</span> <span class='ocrx_word' id='word_1_156' title='bbox 251 1304 334 1345; x_wconf 92' lang='lat' dir='ltr'>hoc</span> <span class='ocrx_word' id='word_1_157' title='bbox 362 1302 589 1356; x_wconf 82' lang='lat' dir='ltr'>pestifero</span> <span class='ocrx_word' id='word_1_158' title='bbox 619 1303 833 1345; x_wconf 85' lang='lat' dir='ltr'>scismate</span> <span class='ocrx_word' id='word_1_159' title='bbox 863 1307 908 1346; x_wconf 91' lang='lat' dir='ltr'>et</span> <span class='ocrx_word' id='word_1_160' title='bbox 937 1306 1090 1345; x_wconf 91' lang='lat' dir='ltr'>rectus</span> <span class='ocrx_word' id='word_1_161' title='bbox 1120 1306 1164 1345; x_wconf 88' lang='lat' dir='ltr'>et</span> <span class='ocrx_word' id='word_1_162' title='bbox 1194 1305 1379 1345; x_wconf 90' lang='lat' dir='ltr'>sanctus</span> <span class='ocrx_word' id='word_1_163' title='bbox 1409 1315 1533 1356; x_wconf 89' lang='lat' dir='ltr'>papa</span> <span class='ocrx_word' id='word_1_164' title='bbox 1561 1302 1607 1344; x_wconf 91' lang='lat' dir='ltr'>in</span> <span class='ocrx_word' id='word_1_165' title='bbox 1636 1302 1943 1356; x_wconf 59' lang='lat' dir='ltr'>hominibusa)</span> 
     </span>
     <span class='ocr_line' id='line_1_18' title="bbox 174 1373 1948 1428; baseline 0 -13"><span class='ocrx_word' id='word_1_166' title='bbox 174 1387 264 1415; x_wconf 88' lang='lat' dir='ltr'>non</span> <span class='ocrx_word' id='word_1_167' title='bbox 293 1374 380 1416; x_wconf 77' lang='lat' dir='ltr'>fuit</span> <span class='ocrx_word' id='word_1_168' title='bbox 411 1373 550 1428; x_wconf 89' lang='lat' dir='ltr'>(Osee</span> <span class='ocrx_word' id='word_1_169' title='bbox 580 1374 658 1416; x_wconf 91' lang='lat' dir='ltr'>VI.</span> <span class='ocrx_word' id='word_1_170' title='bbox 689 1374 930 1427; x_wconf 88' lang='lat' dir='ltr'>capitulo).</span> <span class='ocrx_word' id='word_1_171' title='bbox 969 1373 1134 1416; x_wconf 91' lang='lat' dir='ltr'>Ymmo</span> <span class='ocrx_word' id='word_1_172' title='bbox 1162 1374 1292 1415; x_wconf 90' lang='lat' dir='ltr'>nulla</span> <span class='ocrx_word' id='word_1_173' title='bbox 1320 1374 1493 1426; x_wconf 90' lang='lat' dir='ltr'>pietate</span> <span class='ocrx_word' id='word_1_174' title='bbox 1521 1373 1735 1416; x_wconf 88' lang='lat' dir='ltr'>commoti</span> <span class='ocrx_word' id='word_1_175' title='bbox 1763 1376 1948 1416; x_wconf 87' lang='lat' dir='ltr'>conten-</span> 
     </span>
     <span class='ocr_line' id='line_1_19' title="bbox 175 1442 1948 1498; baseline 0.001 -13"><span class='ocrx_word' id='word_1_176' title='bbox 175 1445 338 1488; x_wconf 85' lang='lat' dir='ltr'>dentes</span> <span class='ocrx_word' id='word_1_177' title='bbox 365 1445 421 1487; x_wconf 91' lang='lat' dir='ltr'>de</span> <span class='ocrx_word' id='word_1_178' title='bbox 450 1448 621 1498; x_wconf 82' lang='lat' dir='ltr'>papatu</span> <span class='ocrx_word' id='word_1_179' title='bbox 648 1445 705 1487; x_wconf 92' lang='lat' dir='ltr'>ad</span> <span class='ocrx_word' id='word_1_180' title='bbox 732 1445 918 1487; x_wconf 86' lang='lat' dir='ltr'>viduam</span> <span class='ocrx_word' id='word_1_181' title='bbox 946 1445 1179 1487; x_wconf 90' lang='lat' dir='ltr'>dominam</span> <span class='ocrx_word' id='word_1_182' title='bbox 1206 1442 1478 1498; x_wconf 73' lang='lat' dir='ltr'>gencium¹’),</span> <span class='ocrx_word' id='word_1_183' title='bbox 1505 1457 1644 1497; x_wconf 89' lang='lat' dir='ltr'>quam</span> <span class='ocrx_word' id='word_1_184' title='bbox 1669 1456 1763 1486; x_wconf 92' lang='lat' dir='ltr'>non</span> <span class='ocrx_word' id='word_1_185' title='bbox 1790 1457 1948 1487; x_wconf 90' lang='lat' dir='ltr'>conso-</span> 
     </span>
     <span class='ocr_line' id='line_1_20' title="bbox 175 1515 1947 1569; baseline -0.001 -11"><span class='ocrx_word' id='word_1_186' title='bbox 175 1517 358 1558; x_wconf 87' lang='lat' dir='ltr'>labatur</span> <span class='ocrx_word' id='word_1_187' title='bbox 392 1517 560 1569; x_wconf 89' lang='lat' dir='ltr'>aliquis</span> <span class='ocrx_word' id='word_1_188' title='bbox 595 1529 653 1558; x_wconf 82' lang='lat' dir='ltr'>ex</span> <span class='ocrx_word' id='word_1_189' title='bbox 687 1516 901 1558; x_wconf 90' lang='lat' dir='ltr'>omnibus</span> <span class='ocrx_word' id='word_1_190' title='bbox 935 1516 1054 1558; x_wconf 87' lang='lat' dir='ltr'>caris</span> <span class='ocrx_word' id='word_1_191' title='bbox 1088 1516 1203 1569; x_wconf 90' lang='lat' dir='ltr'>eius,</span> <span class='ocrx_word' id='word_1_192' title='bbox 1237 1516 1491 1558; x_wconf 89' lang='lat' dir='ltr'>secun-dum</span> <span class='ocrx_word' id='word_1_193' title='bbox 1525 1515 1694 1558; x_wconf 81' lang='lat' dir='ltr'>dictum</span> <span class='ocrx_word' id='word_1_194' title='bbox 1728 1515 1947 1568; x_wconf 86' lang='lat' dir='ltr'>Jeremie,</span> 
     </span>
     <span class='ocr_line' id='line_1_21' title="bbox 176 1586 1946 1643; baseline -0.001 -14"><span class='ocrx_word' id='word_1_195' title='bbox 176 1591 220 1629; x_wconf 90' lang='lat' dir='ltr'>et</span> <span class='ocrx_word' id='word_1_196' title='bbox 261 1591 470 1630; x_wconf 86' lang='lat' dir='ltr'>cunctum</span> <span class='ocrx_word' id='word_1_197' title='bbox 512 1588 734 1641; x_wconf 90' lang='lat' dir='ltr'>populum</span> <span class='ocrx_word' id='word_1_198' title='bbox 779 1588 1094 1631; x_wconf 90' lang='lat' dir='ltr'>Christianum</span> <span class='ocrx_word' id='word_1_199' title='bbox 1135 1587 1342 1629; x_wconf 82' lang='lat' dir='ltr'>excecati</span> <span class='ocrx_word' id='word_1_200' title='bbox 1384 1587 1640 1630; x_wconf 85' lang='lat' dir='ltr'>mendaciis</span> <span class='ocrx_word' id='word_1_201' title='bbox 1682 1590 1728 1643; x_wconf 84' lang='lat' dir='ltr'>et</span> <span class='ocrx_word' id='word_1_202' title='bbox 1768 1586 1946 1628; x_wconf 84' lang='lat' dir='ltr'>infelici</span> 
     </span>
     <span class='ocr_line' id='line_1_22' title="bbox 176 1659 1948 1713; baseline 0 -13"><span class='ocrx_word' id='word_1_203' title='bbox 176 1659 432 1701; x_wconf 89' lang='lat' dir='ltr'>ambicione</span> <span class='ocrx_word' id='word_1_204' title='bbox 469 1694 476 1701; x_wconf 93' lang='lat'><strong><em>.</em></strong></span> <span class='ocrx_word' id='word_1_205' title='bbox 514 1696 519 1702; x_wconf 92' lang='lat'>.</span> <span class='ocrx_word' id='word_1_206' title='bbox 557 1693 565 1701; x_wconf 85' lang='lat'><strong>.</strong></span> <span class='ocrx_word' id='word_1_207' title='bbox 600 1672 693 1701; x_wconf 91' lang='lat' dir='ltr'>non</span> <span class='ocrx_word' id='word_1_208' title='bbox 730 1659 878 1701; x_wconf 87' lang='lat' dir='ltr'>solum</span> <span class='ocrx_word' id='word_1_209' title='bbox 916 1659 1079 1701; x_wconf 88' lang='lat' dir='ltr'>audire</span> <span class='ocrx_word' id='word_1_210' title='bbox 1115 1661 1509 1713; x_wconf 90' lang='lat' dir='ltr'>repugnaverunt,</span> <span class='ocrx_word' id='word_1_211' title='bbox 1542 1671 1696 1711; x_wconf 86' lang='lat' dir='ltr'>ymmo</span> <span class='ocrx_word' id='word_1_212' title='bbox 1729 1670 1814 1700; x_wconf 90' lang='lat' dir='ltr'>nec</span> <span class='ocrx_word' id='word_1_213' title='bbox 1849 1670 1948 1711; x_wconf 88' lang='lat' dir='ltr'>cog-</span> 
     </span>
     <span class='ocr_line' id='line_1_23' title="bbox 177 1729 1947 1784; baseline 0.001 -13"><span class='ocrx_word' id='word_1_214' title='bbox 177 1734 407 1772; x_wconf 78' lang='lat' dir='ltr'>noverunt</span> <span class='ocrx_word' id='word_1_215' title='bbox 451 1734 495 1772; x_wconf 91' lang='lat' dir='ltr'>et</span> <span class='ocrx_word' id='word_1_216' title='bbox 538 1730 584 1771; x_wconf 90' lang='lat' dir='ltr'>in</span> <span class='ocrx_word' id='word_1_217' title='bbox 629 1730 983 1784; x_wconf 85' lang='lat' dir='ltr'>cogitationibus</span> <span class='ocrx_word' id='word_1_218' title='bbox 1028 1731 1125 1772; x_wconf 88' lang='lat' dir='ltr'>suis</span> <span class='ocrx_word' id='word_1_219' title='bbox 1169 1733 1463 1772; x_wconf 88' lang='lat' dir='ltr'>evanuerunt</span> <span class='ocrx_word' id='word_1_220' title='bbox 1505 1729 1760 1771; x_wconf 90' lang='lat' dir='ltr'>secundum</span> <span class='ocrx_word' id='word_1_221' title='bbox 1803 1729 1947 1772; x_wconf 80' lang='lat' dir='ltr'>verba</span> 
     </span>
     <span class='ocr_line' id='line_1_24' title="bbox 177 1799 1948 1854; baseline 0.001 -13"><span class='ocrx_word' id='word_1_222' title='bbox 177 1801 390 1854; x_wconf 88' lang='lat' dir='ltr'>apostoli:</span> <span class='ocrx_word' id='word_1_223' title='bbox 433 1801 522 1842; x_wconf 86' lang='lat' dir='ltr'>Nec</span> <span class='ocrx_word' id='word_1_224' title='bbox 548 1801 636 1843; x_wconf 74' lang='lat' dir='ltr'>fuit</span> <span class='ocrx_word' id='word_1_225' title='bbox 661 1802 797 1843; x_wconf 90' lang='lat' dir='ltr'>timor</span> <span class='ocrx_word' id='word_1_226' title='bbox 828 1802 909 1843; x_wconf 85' lang='lat' dir='ltr'>Dei</span> <span class='ocrx_word' id='word_1_227' title='bbox 940 1805 1045 1843; x_wconf 84' lang='lat' dir='ltr'>ante</span> <span class='ocrx_word' id='word_1_228' title='bbox 1074 1802 1231 1844; x_wconf 88' lang='lat' dir='ltr'>oculos</span> <span class='ocrx_word' id='word_1_229' title='bbox 1259 1814 1433 1844; x_wconf 90' lang='lat' dir='ltr'>eorum.</span> <span class='ocrx_word' id='word_1_230' title='bbox 1475 1801 1531 1843; x_wconf 89' lang='lat' dir='ltr'>Et</span> <span class='ocrx_word' id='word_1_231' title='bbox 1557 1801 1664 1853; x_wconf 91' lang='lat' dir='ltr'>quia</span> <span class='ocrx_word' id='word_1_232' title='bbox 1693 1799 1948 1842; x_wconf 86' lang='lat' dir='ltr'>secundum</span> 
     </span>
     <span class='ocr_line' id='line_1_25' title="bbox 176 1872 1947 1926; baseline 0 -13"><span class='ocrx_word' id='word_1_233' title='bbox 176 1875 386 1914; x_wconf 88' lang='lat' dir='ltr'>naturam</span> <span class='ocrx_word' id='word_1_234' title='bbox 417 1876 487 1914; x_wconf 89' lang='lat' dir='ltr'>est</span> <span class='ocrx_word' id='word_1_235' title='bbox 517 1872 688 1914; x_wconf 88' lang='lat' dir='ltr'>bonum</span> <span class='ocrx_word' id='word_1_236' title='bbox 717 1873 844 1925; x_wconf 86' lang='lat' dir='ltr'>pacis</span> <span class='ocrx_word' id='word_1_237' title='bbox 874 1876 918 1914; x_wconf 90' lang='lat' dir='ltr'>et</span> <span class='ocrx_word' id='word_1_238' title='bbox 948 1873 1157 1915; x_wconf 85' lang='lat' dir='ltr'>veritatis</span> <span class='ocrx_word' id='word_1_239' title='bbox 1187 1872 1255 1914; x_wconf 91' lang='lat' dir='ltr'>rei</span> <span class='ocrx_word' id='word_1_240' title='bbox 1285 1872 1486 1926; x_wconf 89' lang='lat' dir='ltr'>publice,</span> <span class='ocrx_word' id='word_1_241' title='bbox 1515 1872 1624 1925; x_wconf 90' lang='lat' dir='ltr'>quia</span> <span class='ocrx_word' id='word_1_242' title='bbox 1653 1872 1746 1914; x_wconf 89' lang='lat' dir='ltr'>tale</span> <span class='ocrx_word' id='word_1_243' title='bbox 1776 1872 1947 1914; x_wconf 91' lang='lat' dir='ltr'>bonum</span> 
     </span>
     <span class='ocr_line' id='line_1_26' title="bbox 178 1942 1948 1996; baseline 0.001 -13"><span class='ocrx_word' id='word_1_244' title='bbox 178 1946 246 1984; x_wconf 84' lang='lat' dir='ltr'>est</span> <span class='ocrx_word' id='word_1_245' title='bbox 287 1942 457 1984; x_wconf 88' lang='lat' dir='ltr'>bonum</span> <span class='ocrx_word' id='word_1_246' title='bbox 499 1944 639 1996; x_wconf 83' lang='lat' dir='ltr'>pacis,</span> <span class='ocrx_word' id='word_1_247' title='bbox 681 1944 743 1985; x_wconf 89' lang='lat' dir='ltr'>ait</span> <span class='ocrx_word' id='word_1_248' title='bbox 782 1944 1068 1996; x_wconf 69' lang='lat' dir='ltr'>Augustinus</span> <span class='ocrx_word' id='word_1_249' title='bbox 1111 1943 1156 1985; x_wconf 94' lang='lat' dir='ltr'>in</span> <span class='ocrx_word' id='word_1_250' title='bbox 1198 1943 1513 1996; x_wconf 90' lang='lat' dir='ltr'>Enchiridion,</span> <span class='ocrx_word' id='word_1_251' title='bbox 1555 1943 1679 1996; x_wconf 93' lang='lat' dir='ltr'>quod</span> <span class='ocrx_word' id='word_1_252' title='bbox 1715 1942 1765 1984; x_wconf 85' lang='lat' dir='ltr'>in</span> <span class='ocrx_word' id='word_1_253' title='bbox 1806 1942 1948 1984; x_wconf 90' lang='lat' dir='ltr'>rebus</span> 
     </span>
     <span class='ocr_line' id='line_1_27' title="bbox 177 2012 1948 2067; baseline 0 -12"><span class='ocrx_word' id='word_1_254' title='bbox 177 2015 344 2056; x_wconf 87' lang='lat' dir='ltr'>creatis</span> <span class='ocrx_word' id='word_1_255' title='bbox 373 2014 515 2055; x_wconf 85' lang='lat' dir='ltr'>nichil</span> <span class='ocrx_word' id='word_1_256' title='bbox 546 2016 821 2067; x_wconf 87' lang='lat' dir='ltr'>generosius</span> <span class='ocrx_word' id='word_1_257' title='bbox 852 2016 999 2057; x_wconf 89' lang='lat' dir='ltr'>soleat</span> <span class='ocrx_word' id='word_1_258' title='bbox 1029 2015 1194 2067; x_wconf 85' lang='lat' dir='ltr'>audiri,</span> <span class='ocrx_word' id='word_1_259' title='bbox 1223 2014 1288 2056; x_wconf 93' lang='lat' dir='ltr'>nil</span> <span class='ocrx_word' id='word_1_260' title='bbox 1320 2014 1644 2057; x_wconf 76' lang='lat' dir='ltr'>delectabilius</span> <span class='ocrx_word' id='word_1_261' title='bbox 1672 2012 1948 2067; x_wconf 78' lang='lat' dir='ltr'>concupisci,</span> 
     </span>
     <span class='ocr_line' id='line_1_28' title="bbox 178 2084 1949 2139; baseline 0 -13"><span class='ocrx_word' id='word_1_262' title='bbox 178 2084 250 2126; x_wconf 91' lang='lat' dir='ltr'>isti</span> <span class='ocrx_word' id='word_1_263' title='bbox 279 2085 411 2137; x_wconf 88' lang='lat' dir='ltr'>quasi</span> <span class='ocrx_word' id='word_1_264' title='bbox 438 2089 595 2127; x_wconf 90' lang='lat' dir='ltr'>contra</span> <span class='ocrx_word' id='word_1_265' title='bbox 622 2089 833 2128; x_wconf 88' lang='lat' dir='ltr'>naturam</span> <span class='ocrx_word' id='word_1_266' title='bbox 864 2086 990 2128; x_wconf 81' lang='lat' dir='ltr'>iuxta</span> <span class='ocrx_word' id='word_1_267' title='bbox 1020 2086 1188 2127; x_wconf 90' lang='lat' dir='ltr'>dictum</span> <span class='ocrx_word' id='word_1_268' title='bbox 1216 2086 1443 2139; x_wconf 91' lang='lat' dir='ltr'>prophete</span> <span class='ocrx_word' id='word_1_269' title='bbox 1472 2086 1620 2127; x_wconf 90' lang='lat' dir='ltr'>Deum</span> <span class='ocrx_word' id='word_1_270' title='bbox 1648 2097 1741 2127; x_wconf 92' lang='lat' dir='ltr'>non</span> <span class='ocrx_word' id='word_1_271' title='bbox 1769 2085 1949 2126; x_wconf 89' lang='lat' dir='ltr'>invoca-</span> 
     </span>
     <span class='ocr_line' id='line_1_29' title="bbox 179 2156 1949 2210; baseline 0.002 -15"><span class='ocrx_word' id='word_1_272' title='bbox 179 2159 357 2201; x_wconf 74' lang='lat' dir='ltr'>verunt,</span> <span class='ocrx_word' id='word_1_273' title='bbox 395 2156 580 2209; x_wconf 85' lang='lat' dir='ltr'>plebem</span> <span class='ocrx_word' id='word_1_274' title='bbox 620 2156 787 2199; x_wconf 90' lang='lat' dir='ltr'>Christi</span> <span class='ocrx_word' id='word_1_275' title='bbox 828 2157 942 2199; x_wconf 82' lang='lat' dir='ltr'>sicut</span> <span class='ocrx_word' id='word_1_276' title='bbox 979 2170 1132 2199; x_wconf 83' lang='lat' dir='ltr'>escam</span> <span class='ocrx_word' id='word_1_277' title='bbox 1168 2158 1305 2210; x_wconf 89' lang='lat' dir='ltr'>panis</span> <span class='ocrx_word' id='word_1_278' title='bbox 1343 2170 1427 2210; x_wconf 88' lang='lat' dir='ltr'>per</span> <span class='ocrx_word' id='word_1_279' title='bbox 1465 2156 1699 2209; x_wconf 89' lang='lat' dir='ltr'>symonias</span> <span class='ocrx_word' id='word_1_280' title='bbox 1737 2159 1781 2198; x_wconf 93' lang='lat' dir='ltr'>et</span> <span class='ocrx_word' id='word_1_281' title='bbox 1815 2167 1949 2198; x_wconf 84' lang='lat' dir='ltr'>exac-</span> 
     </span>
     <span class='ocr_line' id='line_1_30' title="bbox 179 2226 1949 2280; baseline 0.001 -13"><span class='ocrx_word' id='word_1_282' title='bbox 179 2227 333 2268; x_wconf 80' lang='lat' dir='ltr'>ciones</span> <span class='ocrx_word' id='word_1_283' title='bbox 373 2230 416 2268; x_wconf 91' lang='lat' dir='ltr'>et</span> <span class='ocrx_word' id='word_1_284' title='bbox 456 2227 804 2279; x_wconf 83' lang='lat' dir='ltr'>indignissimas</span> <span class='ocrx_word' id='word_1_285' title='bbox 842 2229 1165 2280; x_wconf 85' lang='lat' dir='ltr'>promociones</span> <span class='ocrx_word' id='word_1_286' title='bbox 1205 2227 1561 2270; x_wconf 83' lang='lat' dir='ltr'>devoraverunt.</span> <span class='ocrx_word' id='word_1_287' title='bbox 1613 2226 1949 2269; x_wconf 84' lang='lat' dir='ltr'>Promittebant</span> 
     </span>
     <span class='ocr_line' id='line_1_31' title="bbox 178 2297 1949 2351; baseline 0.001 -13"><span class='ocrx_word' id='word_1_288' title='bbox 178 2301 222 2338; x_wconf 85' lang='lat' dir='ltr'>et</span> <span class='ocrx_word' id='word_1_289' title='bbox 256 2298 566 2350; x_wconf 82' lang='lat' dir='ltr'>loquebantur</span> <span class='ocrx_word' id='word_1_290' title='bbox 599 2311 759 2350; x_wconf 85' lang='lat' dir='ltr'>pacem</span> <span class='ocrx_word' id='word_1_291' title='bbox 794 2311 893 2340; x_wconf 89' lang='lat' dir='ltr'>cum</span> <span class='ocrx_word' id='word_1_292' title='bbox 930 2300 1142 2351; x_wconf 82' lang='lat' dir='ltr'>proximo</span> <span class='ocrx_word' id='word_1_293' title='bbox 1176 2312 1272 2351; x_wconf 90' lang='lat' dir='ltr'>suo,</span> <span class='ocrx_word' id='word_1_294' title='bbox 1308 2300 1428 2341; x_wconf 91' lang='lat' dir='ltr'>mala</span> <span class='ocrx_word' id='word_1_295' title='bbox 1464 2301 1616 2341; x_wconf 90' lang='lat' dir='ltr'>autem</span> <span class='ocrx_word' id='word_1_296' title='bbox 1652 2299 1699 2340; x_wconf 89' lang='lat' dir='ltr'>in</span> <span class='ocrx_word' id='word_1_297' title='bbox 1732 2297 1949 2340; x_wconf 90' lang='lat' dir='ltr'>cordibus</span> 
     </span>
     <span class='ocr_line' id='line_1_32' title="bbox 179 2368 1950 2423; baseline 0 -14"><span class='ocrx_word' id='word_1_298' title='bbox 179 2381 338 2410; x_wconf 85' lang='lat' dir='ltr'>corum</span> <span class='ocrx_word' id='word_1_299' title='bbox 384 2369 635 2410; x_wconf 90' lang='lat' dir='ltr'>secundum</span> <span class='ocrx_word' id='word_1_300' title='bbox 684 2369 969 2421; x_wconf 86' lang='lat' dir='ltr'>psalmistam</span> <span class='ocrx_word' id='word_1_301' title='bbox 1016 2404 1023 2411; x_wconf 96' lang='lat'>.</span> <span class='ocrx_word' id='word_1_302' title='bbox 1061 2404 1068 2411; x_wconf 93' lang='lat'><strong><em>.</em></strong></span> <span class='ocrx_word' id='word_1_303' title='bbox 1105 2404 1112 2411; x_wconf 92' lang='lat'>.</span> <span class='ocrx_word' id='word_1_304' title='bbox 1172 2369 1397 2412; x_wconf 88' lang='lat' dir='ltr'>Conversi</span> <span class='ocrx_word' id='word_1_305' title='bbox 1443 2374 1549 2412; x_wconf 91' lang='lat' dir='ltr'>sunt</span> <span class='ocrx_word' id='word_1_306' title='bbox 1593 2382 1695 2411; x_wconf 93' lang='lat' dir='ltr'>cum</span> <span class='ocrx_word' id='word_1_307' title='bbox 1740 2368 1950 2423; x_wconf 89' lang='lat' dir='ltr'>apostolo</span> 
     </span>
     <span class='ocr_line' id='line_1_33' title="bbox 181 2440 1948 2494; baseline 0.001 -14"><span class='ocrx_word' id='word_1_308' title='bbox 181 2440 307 2481; x_wconf 89' lang='lat' dir='ltr'>multi</span> <span class='ocrx_word' id='word_1_309' title='bbox 346 2443 390 2481; x_wconf 90' lang='lat' dir='ltr'>et</span> <span class='ocrx_word' id='word_1_310' title='bbox 425 2440 701 2482; x_wconf 87' lang='lat' dir='ltr'>christicolis</span> <span class='ocrx_word' id='word_1_311' title='bbox 738 2440 794 2482; x_wconf 90' lang='lat' dir='ltr'>ad</span> <span class='ocrx_word' id='word_1_312' title='bbox 832 2440 1099 2493; x_wconf 83' lang='lat' dir='ltr'>episcopum</span> <span class='ocrx_word' id='word_1_313' title='bbox 1138 2444 1183 2483; x_wconf 89' lang='lat' dir='ltr'>et</span> <span class='ocrx_word' id='word_1_314' title='bbox 1218 2454 1379 2482; x_wconf 90' lang='lat' dir='ltr'>verum</span> <span class='ocrx_word' id='word_1_315' title='bbox 1416 2443 1652 2494; x_wconf 84' lang='lat' dir='ltr'>pastorem</span> <span class='ocrx_word' id='word_1_316' title='bbox 1690 2440 1948 2482; x_wconf 69' lang='lat' dir='ltr'>animarum</span> 
     </span>
     <span class='ocr_line' id='line_1_34' title="bbox 181 2509 1950 2564; baseline 0.001 -14"><span class='ocrx_word' id='word_1_317' title='bbox 181 2509 412 2551; x_wconf 77' lang='lat' dir='ltr'>Christum</span> <span class='ocrx_word' id='word_1_318' title='bbox 445 2510 637 2552; x_wconf 81' lang='lat' dir='ltr'>Jhesum</span> <span class='ocrx_word' id='word_1_319' title='bbox 671 2515 715 2553; x_wconf 93' lang='lat' dir='ltr'>et</span> <span class='ocrx_word' id='word_1_320' title='bbox 746 2511 981 2554; x_wconf 82' lang='lat' dir='ltr'>dixerunt:</span> <span class='ocrx_word' id='word_1_321' title='bbox 1030 2512 1240 2564; x_wconf 85' lang='lat' dir='ltr'>Domine,</span> <span class='ocrx_word' id='word_1_322' title='bbox 1273 2512 1391 2553; x_wconf 90' lang='lat' dir='ltr'>oculi</span> <span class='ocrx_word' id='word_1_323' title='bbox 1424 2511 1571 2554; x_wconf 78' lang='lat' dir='ltr'>nostri</span> <span class='ocrx_word' id='word_1_324' title='bbox 1605 2511 1650 2553; x_wconf 92' lang='lat' dir='ltr'>in</span> <span class='ocrx_word' id='word_1_325' title='bbox 1684 2515 1727 2554; x_wconf 92' lang='lat' dir='ltr'>te</span> <span class='ocrx_word' id='word_1_326' title='bbox 1761 2509 1950 2564; x_wconf 84' lang='lat' dir='ltr'>res-pici-</span> 
     </span>
     <span class='ocr_line' id='line_1_35' title="bbox 179 2581 1948 2634; baseline 0.001 -12"><span class='ocrx_word' id='word_1_327' title='bbox 179 2585 259 2622; x_wconf 91' lang='lat' dir='ltr'>unt</span> <span class='ocrx_word' id='word_1_328' title='bbox 305 2581 557 2623; x_wconf 88' lang='lat' dir='ltr'>secundum</span> <span class='ocrx_word' id='word_1_329' title='bbox 603 2582 892 2634; x_wconf 84' lang='lat' dir='ltr'>prophetam,</span> <span class='ocrx_word' id='word_1_330' title='bbox 938 2583 1121 2624; x_wconf 85' lang='lat' dir='ltr'>vineam</span> <span class='ocrx_word' id='word_1_331' title='bbox 1169 2586 1325 2625; x_wconf 89' lang='lat' dir='ltr'>sancte</span> <span class='ocrx_word' id='word_1_332' title='bbox 1370 2583 1567 2625; x_wconf 87' lang='lat' dir='ltr'>ecclesie</span> <span class='ocrx_word' id='word_1_333' title='bbox 1613 2582 1847 2624; x_wconf 86' lang='lat' dir='ltr'>katholice</span> <span class='ocrx_word' id='word_1_334' title='bbox 1891 2581 1948 2623; x_wconf 92' lang='lat' dir='ltr'>de</span> 
     </span>
     <span class='ocr_line' id='line_1_36' title="bbox 182 2652 1948 2707; baseline 0.001 -15"><span class='ocrx_word' id='word_1_335' title='bbox 182 2652 388 2704; x_wconf 64' lang='lat' dir='ltr'>Aegypto</span> <span class='ocrx_word' id='word_1_336' title='bbox 418 2652 574 2693; x_wconf 88' lang='lat' dir='ltr'>mundi</span> <span class='ocrx_word' id='word_1_337' title='bbox 605 2653 880 2695; x_wconf 82' lang='lat' dir='ltr'>transtulisti</span> <span class='ocrx_word' id='word_1_338' title='bbox 913 2658 956 2696; x_wconf 88' lang='lat' dir='ltr'>et</span> <span class='ocrx_word' id='word_1_339' title='bbox 985 2653 1161 2695; x_wconf 84' lang='lat' dir='ltr'>eiecisti</span> <span class='ocrx_word' id='word_1_340' title='bbox 1192 2657 1354 2706; x_wconf 88' lang='lat' dir='ltr'>gentes</span> <span class='ocrx_word' id='word_1_341' title='bbox 1383 2654 1627 2707; x_wconf 88' lang='lat' dir='ltr'>paganitas</span> <span class='ocrx_word' id='word_1_342' title='bbox 1655 2657 1700 2695; x_wconf 93' lang='lat' dir='ltr'>et</span> <span class='ocrx_word' id='word_1_343' title='bbox 1727 2652 1948 2707; x_wconf 83' lang='lat' dir='ltr'>plantasti</span> 
     </span>
     <span class='ocr_line' id='line_1_37' title="bbox 181 2723 1949 2778; baseline 0.001 -15"><span class='ocrx_word' id='word_1_344' title='bbox 181 2735 296 2775; x_wconf 83' lang='lat' dir='ltr'>cam,</span> <span class='ocrx_word' id='word_1_345' title='bbox 326 2723 419 2764; x_wconf 85' lang='lat' dir='ltr'>dux</span> <span class='ocrx_word' id='word_1_346' title='bbox 448 2723 628 2765; x_wconf 83' lang='lat' dir='ltr'>itineris</span> <span class='ocrx_word' id='word_1_347' title='bbox 658 2723 783 2765; x_wconf 77' lang='lat' dir='ltr'>fuisti</span> <span class='ocrx_word' id='word_1_348' title='bbox 818 2725 861 2764; x_wconf 90' lang='lat' dir='ltr'>in</span> <span class='ocrx_word' id='word_1_349' title='bbox 893 2728 1140 2777; x_wconf 87' lang='lat' dir='ltr'>conspectu</span> <span class='ocrx_word' id='word_1_350' title='bbox 1169 2726 1285 2777; x_wconf 90' lang='lat' dir='ltr'>eius,</span> <span class='ocrx_word' id='word_1_351' title='bbox 1315 2725 1535 2778; x_wconf 91' lang='lat' dir='ltr'>plantasti</span> <span class='ocrx_word' id='word_1_352' title='bbox 1564 2724 1747 2767; x_wconf 87' lang='lat' dir='ltr'>radice-s</span> <span class='ocrx_word' id='word_1_353' title='bbox 1775 2723 1876 2767; x_wconf 92' lang='lat' dir='ltr'>eius</span> <span class='ocrx_word' id='word_1_354' title='bbox 1904 2725 1949 2764; x_wconf 89' lang='lat' dir='ltr'>et</span> 
     </span>
     <span class='ocr_line' id='line_1_38' title="bbox 184 2794 1948 2848; baseline 0.001 -14"><span class='ocrx_word' id='word_1_355' title='bbox 184 2794 381 2845; x_wconf 68' lang='lat' dir='ltr'>implesti</span> <span class='ocrx_word' id='word_1_356' title='bbox 408 2797 580 2835; x_wconf 79' lang='lat' dir='ltr'>terram</span> <span class='ocrx_word' id='word_1_357' title='bbox 606 2794 691 2836; x_wconf 86' lang='lat' dir='ltr'>sub</span> <span class='ocrx_word' id='word_1_358' title='bbox 716 2807 807 2836; x_wconf 91' lang='lat' dir='ltr'>uno</span> <span class='ocrx_word' id='word_1_359' title='bbox 832 2794 939 2836; x_wconf 82' lang='lat' dir='ltr'>ovili</span> <span class='ocrx_word' id='word_1_360' title='bbox 965 2799 1008 2836; x_wconf 94' lang='lat' dir='ltr'>et</span> <span class='ocrx_word' id='word_1_361' title='bbox 1033 2795 1166 2838; x_wconf 92' lang='lat' dir='ltr'>unico</span> <span class='ocrx_word' id='word_1_362' title='bbox 1192 2796 1449 2838; x_wconf 87' lang='lat' dir='ltr'>indubitato</span> <span class='ocrx_word' id='word_1_363' title='bbox 1469 2798 1672 2848; x_wconf 85' lang='lat' dir='ltr'>pastore.</span> <span class='ocrx_word' id='word_1_364' title='bbox 1709 2794 1788 2837; x_wconf 87' lang='lat' dir='ltr'>Set</span> <span class='ocrx_word' id='word_1_365' title='bbox 1809 2795 1899 2836; x_wconf 89' lang='lat' dir='ltr'>iam</span> <span class='ocrx_word' id='word_1_366' title='bbox 1923 2806 1948 2836; x_wconf 87' lang='lat' dir='ltr'>a</span> 
     </span>
     <span class='ocr_line' id='line_1_39' title="bbox 181 2864 1949 2919; baseline 0.002 -15"><span class='ocrx_word' id='word_1_367' title='bbox 181 2864 335 2906; x_wconf 85' lang='lat' dir='ltr'>multis</span> <span class='ocrx_word' id='word_1_368' title='bbox 363 2865 497 2907; x_wconf 88' lang='lat' dir='ltr'>annis</span> <span class='ocrx_word' id='word_1_369' title='bbox 526 2865 852 2908; x_wconf 80' lang='lat' dir='ltr'>exterminavit</span> <span class='ocrx_word' id='word_1_370' title='bbox 881 2878 982 2907; x_wconf 88' lang='lat' dir='ltr'>eam</span> <span class='ocrx_word' id='word_1_371' title='bbox 1011 2878 1124 2918; x_wconf 89' lang='lat' dir='ltr'>aper</span> <span class='ocrx_word' id='word_1_372' title='bbox 1153 2866 1210 2907; x_wconf 93' lang='lat' dir='ltr'>de</span> <span class='ocrx_word' id='word_1_373' title='bbox 1238 2866 1356 2908; x_wconf 87' lang='lat' dir='ltr'>silva</span> <span class='ocrx_word' id='word_1_374' title='bbox 1386 2867 1443 2908; x_wconf 89' lang='lat' dir='ltr'>de</span> <span class='ocrx_word' id='word_1_375' title='bbox 1471 2866 1699 2919; x_wconf 91' lang='lat' dir='ltr'>Hispania</span> <span class='ocrx_word' id='word_1_376' title='bbox 1722 2869 1771 2908; x_wconf 91' lang='lat' dir='ltr'>et</span> <span class='ocrx_word' id='word_1_377' title='bbox 1798 2865 1949 2918; x_wconf 83' lang='lat' dir='ltr'>singu-</span> 
     </span>
     <span class='ocr_line' id='line_1_40' title="bbox 183 2935 1947 2989; baseline 0.001 -14"><span class='ocrx_word' id='word_1_378' title='bbox 183 2935 292 2976; x_wconf 85' lang='lat' dir='ltr'>laris</span> <span class='ocrx_word' id='word_1_379' title='bbox 320 2936 451 2977; x_wconf 81' lang='lat' dir='ltr'>ferus</span> <span class='ocrx_word' id='word_1_380' title='bbox 479 2935 699 2987; x_wconf 87' lang='lat' dir='ltr'>depastus</span> <span class='ocrx_word' id='word_1_381' title='bbox 728 2939 797 2977; x_wconf 86' lang='lat' dir='ltr'>est</span> <span class='ocrx_word' id='word_1_382' title='bbox 823 2949 925 2978; x_wconf 91' lang='lat' dir='ltr'>eam</span> <span class='ocrx_word' id='word_1_383' title='bbox 954 2936 1010 2977; x_wconf 86' lang='lat' dir='ltr'>de</span> <span class='ocrx_word' id='word_1_384' title='bbox 1043 2936 1187 2978; x_wconf 85' lang='lat' dir='ltr'>ltalia.</span> <span class='ocrx_word' id='word_1_385' title='bbox 1231 2937 1424 2979; x_wconf 82' lang='lat' dir='ltr'>Domine</span> <span class='ocrx_word' id='word_1_386' title='bbox 1451 2939 1739 2989; x_wconf 91' lang='lat' dir='ltr'>convertere,</span> <span class='ocrx_word' id='word_1_387' title='bbox 1767 2936 1947 2989; x_wconf 87' lang='lat' dir='ltr'>respice</span> 
     </span>
    </p>
   </div>
   <div class='ocr_carea' id='block_1_3' title="bbox 310 3018 395 3022">
    <p class='ocr_par' dir='ltr' id='par_1_3' title="bbox 310 3018 395 3022">
     <span class='ocr_line' id='line_1_41' title="bbox 310 3018 395 3022; baseline 0 0"><span class='ocrx_word' id='word_1_388' title='bbox 310 3018 395 3022; x_wconf 95' lang='lat' dir='ltr'> </span> 
     </span>
    </p>
   </div>
   <div class='ocr_carea' id='block_1_4' title="bbox 430 3018 527 3021">
    <p class='ocr_par' dir='ltr' id='par_1_4' title="bbox 430 3018 527 3021">
     <span class='ocr_line' id='line_1_42' title="bbox 430 3018 527 3021; baseline 0 0"><span class='ocrx_word' id='word_1_389' title='bbox 430 3018 527 3021; x_wconf 95' lang='lat' dir='ltr'> </span> 
     </span>
    </p>
   </div>
   <div class='ocr_carea' id='block_1_5' title="bbox 287 3039 1589 3074">
    <p class='ocr_par' dir='ltr' id='par_1_5' title="bbox 287 3039 1589 3074">
     <span class='ocr_line' id='line_1_43' title="bbox 287 3039 1589 3074; baseline 0.002 -10"><span class='ocrx_word' id='word_1_390' title='bbox 287 3040 315 3072; x_wconf 79' lang='lat' dir='ltr'>a)</span> <span class='ocrx_word' id='word_1_391' title='bbox 340 3040 393 3065; x_wconf 67' lang='lat' dir='ltr'>Neu</span> <span class='ocrx_word' id='word_1_392' title='bbox 416 3039 575 3065; x_wconf 74' lang='lat' dir='ltr'>munibus.</span> <span class='ocrx_word' id='word_1_393' title='bbox 650 3039 681 3066; x_wconf 75' lang='lat' dir='ltr'>h·</span> <span class='ocrx_word' id='word_1_394' title='bbox 702 3039 781 3073; x_wconf 66' lang='lat' dir='ltr'>fehlt</span> <span class='ocrx_word' id='word_1_395' title='bbox 803 3039 884 3065; x_wconf 69' lang='lat' dir='ltr'>wohl</span> <span class='ocrx_word' id='word_1_396' title='bbox 905 3040 1055 3066; x_wconf 69' lang='lat' dir='ltr'>focerunt</span> <span class='ocrx_word' id='word_1_397' title='bbox 1077 3040 1150 3074; x_wconf 60' lang='lat' dir='ltr'>(val.</span> <span class='ocrx_word' id='word_1_398' title='bbox 1175 3041 1352 3067; x_wconf 60' lang='lat' dir='ltr'>Immemor.</span> <span class='ocrx_word' id='word_1_399' title='bbox 1372 3042 1487 3067; x_wconf 69' lang='lat' dir='ltr'>‹lei-mn.</span> <span class='ocrx_word' id='word_1_400' title='bbox 1509 3044 1533 3074; x_wconf 78' lang='lat'>1,</span> <span class='ocrx_word' id='word_1_401' title='bbox 1555 3041 1589 3070; x_wconf 73' lang='lat' dir='ltr'>ll.</span> 
     </span>
    </p>
   </div>
  </div>
 </body>
</html>
