2227 3434
540 181 583 215 A.
624 181 822 216 Fillastres
851 182 966 217 Gesta
993 183 1143 217 concilii
1171 182 1486 218 Constantiensis.
1842 187 1898 229 25

129 299 232 341 duci
265 299 480 352 faciente,
513 303 558 342 et
591 300 670 342 ivit
702 300 960 343 Scasusiam
995 314 1136 354 super
1168 302 1362 355 Renum,
1395 303 1582 355 opidum
1616 303 1723 345 dicti
1756 304 1898 346 ducis.

133 369 260 411 Idem
295 373 447 412 autem
484 370 525 412 d.
561 383 683 423 papa
718 363 918 423 dicebat,
950 372 1073 424 quod
1107 385 1192 425 pro
1226 372 1391 414 timore
1427 373 1552 426 regis
1586 374 1897 416 Romanorum

128 444 402 483 recesserat.

246 511 421 554 Verum
451 515 522 554 est
548 515 718 564 tamen,
749 513 873 565 quod
902 526 987 554 rex
1017 513 1093 555 die
1123 514 1395 566 precedenti
1425 515 1723 567 presentibus
1754 516 1900 558 cardi-

129 582 317 625 nalibus
342 582 544 625 Ostiensi
571 587 617 625 et
642 584 786 625 sancti
815 584 956 626 Marci
984 585 1217 627 obtulerat
1242 585 1343 627 dari
1369 587 1531 640 papefl)
1560 587 1702 628 talem
1730 588 1900 629 securi-

126 656 282 706 tatem,
312 655 497 707 qualem
527 654 635 696 dicti
664 655 928 697 cardinales
958 655 1129 697 scirent
1158 656 1435 709 excogitare.

246 736 316 778 Ex
343 736 425 778 tali
453 749 644 779 recessu
672 737 746 778 die
776 738 893 780 iovis
922 737 1130 790 predicta
1159 739 1344 792 publice
1375 740 1487 781 scito
1515 740 1727 782 turbatus
1756 741 1899 793 pluri-

128 819 252 849 mum
293 807 380 850 fuit
418 820 504 849 rex
543 811 589 850 et
628 811 772 850 totum
813 809 1057 851 concilium
1098 810 1354 862 pluresque
1395 812 1539 853 secuti
1581 815 1688 853 sunt
1728 812 1897 853 dictum

129 877 172 921 d.
201 891 384 932 papam.

247 949 334 992 Die
371 950 559 992 veneris
597 951 811 1003 sequenti
848 951 1094 1004 collegium
1131 952 1438 994 cardinalium
1476 953 1600 995 misit
1637 953 1696 995 ad
1731 966 1900 1006 papam

129 1020 254 1074 apud
275 1020 533 1064 Scasusiam
555 1024 652 1064 tres
674 1022 955 1064 cardinales:
992 1022 1049 1064 de
1071 1022 1258 1065 Ursinis
1281 1023 1564 1076 episcopum,
1588 1025 1733 1066 sancti
1758 1025 1898 1067 Marci

129 1092 456 1145 presbyterum
490 1096 536 1134 et
572 1093 629 1134 de
665 1093 862 1136 Saluciis
898 1093 1155 1146 dyaconum
1191 1094 1249 1136 ad
1285 1095 1619 1137 consolandum
1654 1099 1699 1137 et
1735 1096 1894 1138 exhor-

127 1161 378 1218 tandumb)‚
410 1166 459 1206 ut
491 1168 767 1217 perseveret
800 1165 847 1206 in
880 1164 1119 1218 proposito
1152 1166 1392 1218 cessionis,
1427 1169 1472 1207 et
1504 1166 1898 1219 persuadendum,

128 1234 252 1288 quod
278 1234 455 1277 faceret
480 1238 808 1288 procuratores
834 1239 880 1278 et
907 1236 999 1278 alia
1026 1236 1158 1278 utilia
1185 1236 1345 1277 unioni
1372 1240 1418 1279 et
1445 1238 1653 1279 concilio.
1694 1237 1766 1279 Ad
1793 1250 1898 1279 eum

128 1305 274 1348 eciam
298 1306 483 1349 iverunt
506 1306 600 1348 dux
625 1307 822 1349 Bavarie
848 1307 1109 1349 Ludovicus
1135 1311 1180 1349 et
1205 1307 1418 1349 Nicolaus
1444 1308 1501 1349 de
1528 1308 1725 1351 Calvilla
1749 1308 1898 1361 miles,

130 1376 475 1420 ambaxiatores
504 1378 630 1431 regis
661 1378 959 1430 Francorum,
990 1378 1049 1420 ad
1076 1379 1471 1432 persuadendum,
1502 1379 1625 1432 quod
1653 1392 1746 1421 non
1775 1380 1902 1421 elon-

130 1451 262 1502 garet
301 1461 351 1491 se
392 1449 450 1491 de
490 1449 698 1502 concilio,
737 1452 783 1491 et
822 1449 1091 1492 offerebant
1131 1450 1348 1492 laborare
1389 1463 1475 1503 pro
1515 1463 1599 1493 sua
1639 1451 1901 1503 securitate,

130 1520 278 1562 eciam
302 1532 416 1574 pace
444 1520 574 1563 ducis
598 1520 800 1563 Austrie.
838 1520 938 1562 Rex
963 1524 1155 1574 propter
1180 1521 1410 1574 premissa
1438 1521 1714 1563 minabatur.

248 1603 364 1646 Tres
386 1603 650 1646 cardinales
673 1603 871 1657 predicti
894 1607 939 1646 et
961 1603 1305 1646 ambaxiatores
1328 1603 1520 1646 fuerunt
1542 1617 1644 1645 cum
1667 1616 1790 1657 papa
1812 1603 1897 1657 in0)

131 1687 238 1717 sero
268 1678 374 1717 ante
408 1688 563 1717 ramos
594 1676 856 1728 palmarum
889 1678 935 1717 et
967 1675 1198 1717 dominica
1230 1675 1277 1716 in
1309 1675 1452 1717 ramis
1486 1678 1530 1717 et
1563 1676 1687 1728 lune,
1721 1678 1766 1717 et
1799 1675 1900 1728 ipsa

131 1746 362 1789 dominica
397 1746 445 1788 in
480 1747 622 1789 ramis
659 1750 890 1788 venerunt
924 1746 983 1788 ad
1018 1759 1187 1799 papam
1223 1746 1384 1788 relicto
1420 1746 1613 1788 concilio
1649 1746 1902 1788 cardinalis

131 1817 343 1871 Pisanus,
382 1817 694 1871 Placentinus,
734 1817 1081 1870 Tricaricensis,
1121 1817 1178 1859 de
1219 1817 1485 1870 Challanco,
1524 1817 1804 1870 presbyteri,
1843 1817 1900 1858 de

130 1888 408 1942 Brancaciis,
431 1889 693 1942 Barrensis,
716 1901 809 1931 non
833 1889 914 1930 ille
937 1888 995 1931 de
1018 1889 1229 1941 Francia,
1253 1889 1362 1941 quia
1384 1901 1477 1930 non
1500 1891 1600 1930 erat
1623 1888 1669 1929 in
1693 1887 1899 1940 concilio,

128 1959 186 2002 de
218 1960 491 2013 Columpna,
523 1961 668 2003 sancti
700 1960 882 2013 Angeli,
915 1960 972 2001 de
1006 1959 1197 2012 Comite,
1228 1959 1437 2013 dyaconi,
1469 1960 1821 2001 remanentibus
1852 1959 1899 2000 in

130 2031 325 2074 concilio
352 2031 569 2084 Ostiensi,
597 2031 846 2084 Laudensi,
873 2031 1121 2084 episcopis,
1149 2031 1475 2083 Veneciarum,
1503 2030 1827 2083 Aquilegiensi
1858 2032 1902 2071 et

127 2102 468 2156 Cameracensi,
494 2102 798 2155 presbyteris,
825 2102 882 2144 de
911 2102 1062 2145 Flisco
1087 2105 1133 2144 et
1161 2102 1445 2154 Florentino,
1473 2101 1772 2154 dyaconibus.

244 2186 506 2238 Antequam
538 2185 646 2227 dicti
675 2188 772 2228 tres
802 2184 1066 2227 cardinales
1098 2185 1227 2227 missi
1259 2184 1317 2227 ad
1346 2197 1516 2237 papam
1547 2183 1606 2226 ad
1636 2196 1742 2225 eum
1774 2195 1898 2225 acce-

126 2256 306 2310 derent,
333 2269 456 2311 papa
484 2257 675 2299 miserat
702 2257 760 2298 de
789 2256 1001 2299 Scafusia
1030 2256 1210 2298 litteras
1239 2255 1351 2309 regi,
1380 2255 1697 2297 cardinalibus
1725 2257 1770 2296 et
1799 2254 1896 2295 uni-

131 2328 281 2371 versis
321 2331 417 2370 tres
459 2329 726 2381 separatim,
767 2327 891 2381 quod
930 2327 1267 2381 perseverabat
1308 2327 1355 2368 in
1396 2327 1636 2380 proposito
1676 2324 1901 2367 cessionis

128 2399 306 2453 positus
333 2400 381 2442 in
409 2400 657 2442 securitate
684 2411 771 2441 nec
798 2401 1060 2441 recesserat
1086 2398 1145 2441 ad
1173 2397 1499 2440 divertendum
1529 2400 1598 2440 set
1627 2396 1685 2439 ad
1711 2395 1898 2438 vitanda

128 2471 337 2524 pericula
359 2483 563 2524 persone
588 2482 685 2513 sue.

247 2554 302 2596 Et
329 2553 598 2606 notandum,
627 2553 764 2606 quod,
792 2565 894 2594 cum
923 2565 1045 2606 papa
1073 2551 1280 2594 venisset
1308 2551 1580 2603 Scasusiam,
1609 2549 1761 2593 statim
1791 2548 1899 2590 fecit

129 2624 395 2667 mandatum
417 2627 462 2667 et
484 2624 608 2667 misit
631 2624 955 2667 Constanciam
978 2623 1088 2676 poni
1112 2623 1159 2664 in
1181 2623 1329 2665 valvis
1353 2622 1565 2674 ecclesie,
1589 2621 1712 2674 quod
1735 2632 1896 2662 omnes

130 2695 350 2738 officiarii
387 2696 593 2738 Romane
629 2696 771 2748 curie,
809 2694 1069 2737 familiares
1107 2695 1178 2736 sui
1216 2697 1262 2736 et
1299 2693 1424 2736 sedis
1462 2692 1713 2746 apostolice
1751 2691 1898 2732 cuius-

127 2778 308 2820 cunque
339 2766 576 2820 dignitatis
607 2769 684 2809 aut
715 2769 874 2818 status,
905 2764 1051 2808 eciam
1081 2764 1381 2818 pontificalis,
1414 2763 1472 2806 ad
1502 2776 1607 2806 eum
1638 2761 1894 2805 Scafusiam

130 2837 418 2880 accederent.

246 2909 314 2952 De
344 2921 435 2962 quo
465 2907 681 2950 mandato
711 2907 954 2950 concilium
986 2919 1078 2949 non
1109 2906 1286 2949 modice
1318 2906 1552 2948 turbatum
1584 2908 1667 2956 est,
1699 2907 1744 2945 et
1773 2904 1896 2945 vole-

127 2978 237 3022 bant
263 2982 422 3022 contra
448 2992 555 3021 eum
581 2978 839 3032 procedere
867 2981 913 3020 et
941 2990 1139 3031 arguere
1168 2977 1225 3019 de
1255 2977 1484 3028 scismate,
1513 2975 1620 3028 quia
1649 2974 1893 3016 concilium

242 3094 272 3128 a)
292 3095 331 3127 B,
347 3095 470 3122 C'dann
483 3102 567 3130 pape
581 3095 660 3122 dare
673 3094 748 3123 sibi.
779 3095 812 3127 b)
830 3093 1112 3130 &roborandum
1133 3094 1232 3121 Ceret
1248 3092 1500 3127 reprobandum.
1534 3094 1562 3123 c)
1577 3091 1609 3118 in
1633 3111 1638 3116 .
1659 3110 1665 3116 .
1686 3098 1692 3104 ·
1713 3090 1745 3116 et
1759 3088 1839 3122 fehlt
1856 3089 1894 3115 D.
