2227 3434
551 186 596 222 A.
636 186 835 223 Fillastres
862 187 979 224 Gesta
1005 188 1156 224 concilii
1183 188 1499 224 Constantiensis.
1854 191 1910 234 29

142 306 282 360 peciit
304 307 676 349 instrumentum.
710 307 837 360 Papa
858 307 943 350 hoc
965 307 1162 350 audiens
1182 309 1370 361 negavit
1390 309 1475 350 hoc
1496 309 1745 351 mandasse
1768 309 1913 351 archi-

141 377 361 431 episcopo
394 381 440 419 et
473 377 686 431 asseruit,
720 378 844 431 quod
878 391 971 420 non
1004 382 1105 421 erat
1137 391 1314 432 verum,
1347 392 1501 432 ymmo
1534 383 1795 422 recesserat
1827 393 1911 433 pro

142 451 267 491 metu
300 449 426 502 regis
459 452 505 491 et
539 449 624 491 hoc
661 449 912 502 scripserat
947 450 1163 503 pluribus
1199 450 1388 503 regibus
1423 454 1469 492 et
1504 451 1808 504 principibus.
1858 451 1912 492 Et

142 523 336 573 propter
361 521 447 562 hoc
473 519 596 562 misit
622 520 799 562 bullam
825 520 1080 573 predictam
1108 524 1346 574 attestans,
1374 521 1497 574 quod
1523 525 1715 575 propter
1742 525 1913 563 metum

143 594 417 633 recesserat.
455 591 533 634 Set
558 604 651 633 non
677 592 898 644 exprimit
924 591 981 633 de
1008 595 1133 633 metu
1158 592 1297 645 regis.

261 662 652 716 Archiepiscopus
678 675 790 705 vero
815 666 978 716 postea
1003 663 1119 705 dixit
1145 666 1190 705 et
1214 663 1399 716 publice
1425 676 1579 705 coram
1606 675 1716 717 rege
1741 666 1787 705 et
1811 675 1915 716 pre-

143 733 250 776 latis
281 736 326 775 et
356 733 572 786 pluribus
603 733 722 786 aliis,
754 733 878 787 quod
907 747 1030 787 papa
1059 747 1154 776 non
1185 734 1368 776 dixerat
1400 734 1490 776 sibi
1523 735 1603 777 illa
1635 735 1680 776 in
1711 746 1915 787 persona

145 817 228 847 sua
251 808 322 847 set
343 805 595 847 cardinalis
617 805 674 846 de
700 804 952 847 Challanco
974 808 1018 846 et
1041 805 1189 847 frater
1212 819 1324 848 suus
1347 805 1595 858 episcopus
1622 806 1914 857 Morinensis,

145 875 319 918 dudum
341 876 672 929 Lausanensis,
694 879 801 918 tunc
821 875 1032 918 Scasusie
1055 877 1326 929 existentes,
1349 876 1430 918 illa
1452 877 1540 919 sibi
1563 877 1780 918 dixerant
1802 880 1847 918 et
1869 877 1915 917 in

144 948 330 1001 Scriptis
365 947 594 989 dederant
627 960 687 989 ex
722 950 855 1000 parte
890 959 1026 1001 pape.
1076 947 1342 990 Cardinalis
1378 951 1531 989 autem
1568 948 1625 989 de
1663 947 1916 990 Challanco

146 1021 251 1061 tunc
275 1018 390 1061 dixit
413 1022 459 1061 et
481 1019 712 1072 exposuit,
737 1018 861 1071 quod
884 1031 1046 1060 verum
1070 1022 1171 1060 erat
1194 1031 1364 1072 papam
1389 1019 1652 1071 mandasse,
1676 1019 1800 1071 quod
1822 1031 1916 1060 non

145 1093 407 1133 recesserat
426 1093 618 1143 propter
639 1093 811 1132 metum
832 1102 1035 1143 persone
1057 1090 1196 1143 regis,
1219 1093 1289 1132 set
1309 1091 1419 1142 quia
1438 1090 1562 1143 apud
1582 1103 1686 1131 eum
1708 1090 1913 1143 plures³)

143 1161 347 1203 habebat
380 1162 524 1203 multa
558 1162 680 1203 mala
714 1164 874 1203 contra
907 1173 1076 1214 papam
1112 1161 1200 1203 sibi
1235 1164 1554 1213 suggerentes.
1602 1161 1798 1213 Propter
1832 1160 1916 1201 hoc

145 1236 420 1285 recesserat,
446 1245 507 1274 ne
533 1232 592 1274 ad
617 1232 804 1274 illorum
832 1232 1177 1285 suggestionem
1203 1244 1288 1273 rex
1316 1232 1404 1273 sibi
1431 1232 1554 1273 mala
1582 1231 1793 1273 inferret.

264 1304 349 1347 Die
402 1304 549 1348 XVII.
605 1304 781 1345 mensis
834 1303 1010 1356 Aprilis
1064 1306 1169 1356 post
1221 1301 1435 1356 pascha¹')
1493 1315 1614 1344 anno
1668 1303 1918 1344 millesimo

147 1375 383 1418 CCCCXV
406 1375 527 1421 sedit
549 1376 795 1418 concilium
819 1387 947 1416 more
972 1374 1107 1417 solito
1129 1377 1174 1416 et
1195 1374 1405 1427 presedit
1428 1374 1643 1416 dominus
1665 1373 1918 1415 cardinalis

147 1446 395 1500 episcopus
437 1446 680 1500 Ostiensis,
723 1449 945 1500 presente
988 1458 1099 1499 rege
1143 1445 1191 1486 in
1234 1445 1558 1498 imperialibus
1602 1444 1829 1497 insigniis,
1874 1447 1918 1486 et

146 1517 256 1560 fecit
283 1517 472 1560 decreta
499 1520 545 1560 et
573 1517 914 1560 declarationes
944 1520 1213 1569 sequentes:

264 1589 531 1642 Sequuntur
562 1589 766 1642 capitula
798 1622 807 1630 .
843 1622 851 1630 .
887 1622 895 1630 .
929 1589 1120 1630 caritate
1153 1591 1198 1630 et
1230 1587 1529 1641 honestate.¹)

265 1660 321 1703 Et
352 1660 606 1702 notandum
640 1661 767 1714 est⁴³),
803 1659 926 1712 quod
960 1659 1051 1701 iam
1085 1659 1216 1712 prius
1251 1659 1496 1700 concilium
1531 1658 1741 1711 elegerat
1774 1657 1919 1698 dictos

146 1732 343 1775 nuncios
381 1731 629 1774 mittendos
669 1731 728 1773 ad
766 1730 1003 1773 dominum
1042 1742 1226 1783 papam,
1265 1729 1484 1771 videlicet
1521 1728 1733 1771 dominos
1773 1728 1919 1770 sancti

152 1803 291 1846 Marci
327 1802 656 1856 presbyterum
694 1805 738 1844 et
775 1801 1096 1843 Florentinum
1135 1801 1392 1854 dyaconum
1429 1799 1707 1852 cardinales,
1745 1800 1922 1852 episco-

149 1886 260 1927 pum
284 1873 722 1925 Carcassonensem,
747 1871 1114 1915 ambaxiatorem
1137 1872 1262 1925 regis
1287 1871 1570 1913 Francorum
1595 1870 1654 1912 ad
1677 1870 1922 1912 concilium

149 1957 252 1987 cum
273 1945 394 1998 aliis,
414 1944 684 1998 episcopum
706 1944 998 1985 Feltrensem
1018 1946 1063 1984 et
1085 1943 1202 1985 alios
1223 1943 1631 1995 supranominatos
1652 1941 1699 1982 in
1721 1941 1921 1983 decretis

149 2015 345 2058 concilii.
384 2016 440 2058 Et
462 2015 618 2057 fuerat
642 2015 834 2056 missum
861 2014 920 2057 ad
944 2014 1107 2056 ducem
1131 2013 1320 2055 Austrie
1346 2013 1471 2066 apud
1497 2012 1774 2065 Friburgum
1800 2023 1922 2063 mag-

151 2099 262 2129 num
283 2086 662 2130 Constanciensis
684 2086 897 2138 diocesis,
917 2085 997 2127 ubi
1020 2085 1144 2127 idem
1165 2085 1260 2126 dux
1280 2097 1382 2126 cum
1405 2096 1527 2137 papa
1547 2086 1648 2125 erat
1670 2083 1729 2125 ad
1749 2082 1922 2124 haben-

150 2157 260 2200 dum
289 2158 470 2201 salvum
499 2157 772 2199 conductum
801 2156 909 2198 dicti
939 2156 1068 2198 ducis
1097 2168 1183 2209 pro
1211 2158 1304 2198 tota
1334 2155 1416 2197 illa
1446 2154 1698 2207 legacione,
1728 2153 1806 2206 qui
1835 2152 1922 2194 fuit

152 2230 322 2272 allatus
347 2230 423 2272 die
450 2228 610 2271 martis
635 2227 946 2282 precedentis.

270 2301 325 2343 Et
355 2302 653 2342 recesserunt
683 2299 790 2341 dicti
820 2298 977 2340 nuncii
1007 2298 1064 2340 de
1096 2297 1374 2340 Constancia
1403 2309 1505 2338 cum
1536 2297 1666 2338 salvo
1697 2294 1920 2337 conductu

152 2372 300 2414 eciam
323 2372 448 2425 regis
471 2370 784 2413 Romanorum
808 2370 883 2411 die
906 2369 1095 2411 veneris
1118 2368 1241 2410 XIX.
1265 2368 1444 2421 Aprilis
1468 2369 1719 2420 pergentes
1745 2365 1804 2408 ad
1829 2364 1923 2406 Fri-

152 2442 350 2496 burgum
374 2454 605 2495 magnum,
629 2454 723 2483 non
747 2441 894 2493 illum,
919 2441 998 2493 qui
1023 2443 1095 2482 est
1117 2451 1283 2481 versus
1308 2438 1603 2490 Sabaudiam,
1629 2440 1698 2479 set
1724 2435 1922 2478 inferius

152 2514 238 2556 sub
272 2514 459 2556 Basilea
493 2513 552 2555 ad
585 2512 676 2555 duo
710 2511 911 2554 miliaria
946 2511 1003 2553 de
1039 2511 1182 2552 Reno.
1230 2510 1285 2552 Et
1317 2511 1622 2563 portaverunt
1656 2508 1843 2549 decreta
1876 2509 1921 2547 et

151 2584 369 2628 mandata
387 2584 495 2626 dicti
515 2583 698 2626 concilii
715 2583 977 2637 prescripta
997 2582 1057 2624 ad
1075 2580 1411 2634 requirendum
1431 2579 1563 2621 illum
1584 2578 1642 2620 de
1662 2577 1920 2632 premissis.

150 2655 229 2699 Set
260 2659 509 2708 antequam
539 2653 843 2707 pervenirent
873 2653 1029 2695 nuncii
1063 2652 1096 2693 F
1101 2652 1354 2705 riburgum,
1386 2651 1476 2693 iam
1509 2662 1629 2703 papa
1662 2650 1923 2690 recesserat

153 2726 212 2768 ad
249 2726 488 2769 Brisacum
525 2737 667 2778 super
704 2724 885 2766 Renum
923 2723 982 2765 ad
1019 2723 1111 2765 duo
1147 2722 1363 2774 miliaria,
1400 2721 1480 2763 ubi
1516 2723 1586 2762 est
1623 2732 1741 2773 pons
1779 2730 1921 2771 super

154 2797 348 2840 Renum.
398 2796 629 2838 Videlicet
667 2797 928 2837 recesserat
967 2794 1042 2836 die
1083 2793 1264 2836 sabbati
1302 2791 1399 2834 XX.
1438 2791 1631 2844 Aprilis.
1684 2790 1737 2831 Et
1776 2792 1924 2831 trans-

154 2867 339 2910 iverunt
359 2879 507 2921 usque
529 2866 782 2919 Brisacum,
803 2865 884 2908 ubi
907 2864 1232 2918 applicuerunt
1253 2863 1329 2905 die
1353 2863 1514 2904 martis
1535 2860 1708 2903 XXIII.
1731 2859 1922 2913 Aprilis,

155 2942 201 2982 et
221 2939 303 2982 illa
324 2938 400 2981 die
421 2924 650 2980 miserunt
670 2937 729 2979 ad
750 2936 1009 2990 hospicium
1029 2935 1281 2989 publicum,
1301 2934 1381 2976 ubi
1403 2936 1503 2975 erat
1524 2944 1659 2986 papa,
1681 2932 1804 2973 trina
1824 2929 1922 2971 vice

269 3055 300 3088 a)
320 3022 471 3087 fehltth
494 3054 602 3080 damu:
622 3052 764 3080 habebat
782 3051 896 3086 plura!
933 3051 967 3082 b)
988 3049 1069 3083 fehlt
1090 3050 1127 3077 B.
1165 3049 1194 3082 c)
1214 3048 1295 3082 fehlt
1320 3049 1355 3075 Β.

270 3103 303 3145 ¹)
330 3102 451 3137 Hardt
477 3101 544 3144 IV,
570 3100 773 3144 114—118;
801 3100 927 3134 Mansi
952 3098 1021 3133 XX
1034 3097 1111 3140 VII,
1136 3097 1205 3133 607
1217 3096 1243 3141 Τ.
