2102 3444
288 190 371 232 656
727 184 791 218 lll.
821 182 1029 217 Abu-liniti.
1070 179 1221 213 Reform
1251 180 1327 211 und
1358 176 1606 221 Verfassung.

283 306 584 357 collegialitm·
624 304 720 343 sive
760 313 842 353 per
918 311 1068 340 coram
1111 297 1270 350 populi
1313 295 1608 338 multitu-dine
1650 294 1785 349 facta,
1825 295 1923 338 sive
1964 309 2050 350 per

284 378 366 417 tria
397 376 619 426 ‹liversa⁵¹)
652 371 841 413 concilia
919 369 1003 411 tria
1064 368 1248 409 diversa
1306 366 1503 408 concilia
1563 365 1854 408 diversarum
1913 367 2051 409 trium

284 443 622 499 p1·‹›vin(·ialia'·)
695 443 843 483 diver·
874 488 875 513 1
919 440 1162 480 nacionum
1195 438 1280 478 sub
1314 436 1514 480 diversis
1546 437 1695 480 tribus
1727 437 1917 490 regi-bus
1949 449 2052 480 con-

282 529 433 557 sarum
497 516 631 555 trium
694 512 842 553 nacio-
875 536 876 562 }
920 509 1201 561 sistencium,
1240 508 1338 550 sive
1378 520 1464 561 per
1501 508 1591 550 tria
1630 508 1818 551 diversa
1856 507 2052 551 concilia

281 599 385 627 num
411 582 842 635 s11b‹live1·sis⁴·)tri-
876 581 878 630 1
916 581 1207 621 diversarum
1255 578 1601 631 provinciarum
1651 578 1787 621 unico
1832 582 2050 621 contextu

284 657 366 696 bus
414 655 598 707 regibus
643 653 842 694 existen·
878 678 879 707 3
917 655 993 692 aut
1018 650 1162 692 ecia-m
1186 650 1453 692 successive
1478 652 1735 703 mone-atur,
1760 649 1960 693 monicio
1981 662 2052 692 ca-

281 725 437 778 (·i111n·¹)
468 725 761 777 moneatur).
878 716 880 759 l
918 722 1082 763 nonica
1109 724 1157 763 et
1183 720 1433 762 sufficiens
1463 720 1764 773 intelligatur.

400 808 756 858 'l‘eneanturque
794 804 855 847 sic
893 806 1134 845 monentes
1171 802 1478 844 mon‘icionem
1515 814 1645 845 suam
1682 802 1806 845 infra
1842 814 2050 845 mensem

284 878 586 929 solempniter
615 876 868 929 publicare.

341 983 377 1025 2.
414 983 538 1034 Quod
570 993 690 1034 papa
720 994 808 1023 non
838 980 984 1023 solum
1015 981 1072 1022 (le
1102 980 1275 1034 heresi,
1302 980 1387 1022 sed
1415 979 1561 1022 eciam
1591 980 1648 1022 (le
1676 978 1769 1022 alio
1796 979 1992 1022 crimine

397 1052 727 1094 scandalizanti
763 1050 1075 1094 universalem
1111 1048 1392 1104 eeclesiamf)
1428 1050 1618 1104 possitg)
1655 1048 1929 1106 deponi.¹¹)¹)

398 1125 461 1165 Ne
488 1126 644 1165 sancta
670 1125 816 1164 mater
840 1122 1039 1164 ecclesia
1067 1122 1232 1163 summi
1258 1120 1511 1175 pontificis,
1537 1122 1591 1174 si,
1617 1121 1741 1174 quod
1767 1121 1900 1174 absit,
1925 1121 2051 1163 labe-

283 1198 421 1245 retur,
450 1194 721 1235 detestanda
749 1196 937 1246 cogatur
964 1192 1079 1234 vicia
1107 1193 1193 1235 sub
1221 1192 1600 1234 dissimulacione
1629 1191 1919 1234 lamentabili
1945 1204 2050 1245 per-

282 1265 493 1317 transire,
521 1265 849 1306 nonnullorum
878 1263 1064 1316 antique
1092 1263 1346 1306 dubietatis
1373 1263 1618 1305 articulum
1642 1262 1939 1306 declarantes
1964 1263 2050 1305 hoc

282 1336 468 1377 decreto
496 1339 721 1388 perpetuo
748 1334 1028 1387 diffinimus,
1060 1334 1183 1387 quod
1212 1346 1420 1377 summus
1448 1333 1662 1387 pontifex
1690 1346 1783 1376 non
1813 1334 1962 1376 solum
1992 1333 2050 1375 de

282 1407 434 1448 heresi
464 1406 550 1447 >sed
580 1406 727 1447 eciam
762 1405 818 1447 de
853 1405 1064 1458 symonia
1094 1405 1276 1447 notoria
1306 1408 1399 1447 tam
1429 1405 1554 1447 circa
1587 1407 1878 1448 sacramenta
1910 1416 2049 1458 quam

281 1477 397 1519 (eirca
431 1476 661 1519 beneficia
692 1476 1006 1519 ecclesiasti-oa
1037 1479 1082 1518 et
1115 1476 1324 1529 quolibet
1357 1475 1450 1518 alio
1480 1476 1662 1517 notorio
1694 1475 1887 1518 crimrine
1919 1475 2049 1529 gravi

281 1547 522 1589 ecclesiam
556 1548 638 1588 Dei
671 1547 985 1588 universalem
1016 1547 1196 1588 notorie
1226 1545 1588 1600 scandalizante,
1620 1546 1681 1589 de
1709 1559 1801 1600 quo
1829 1547 2050 1589 canonice

284 1619 480 1661 monitus
517 1623 562 1660 et
602 1618 929 1671 incorrigibilis
966 1617 1187 1670 extiterit,
1225 1629 1312 1671 per
1348 1618 1571 1670 generale
1611 1617 1855 1659 concilium
1891 1617 2049 1671 puniri

282 1689 432 1730 valeat
459 1701 509 1730 ac
537 1688 706 1742 deponi
735 1689 879 1730 eciam
908 1688 966 1730 de
992 1691 1179 1742 papatu.

397 1818 435 1859 3.
474 1818 568 1859 Non
603 1818 799 1871 videtur,
834 1821 970 1870 prout
1003 1830 1088 1859 nec
1123 1818 1272 1860 visum
1305 1817 1395 1861 fuit
1426 1817 1474 1859 in
1509 1817 1727 1872 pluribus
1759 1817 2049 1871 nacionibus,

282 1887 398 1929 circa
431 1888 513 1929 hoc
545 1888 720 1941 aliquid
752 1901 920 1930 novum
953 1889 1090 1931 statui
1123 1889 1197 1930 vel
1229 1888 1476 1943 decerni.2)

915 1960 937 1984 ηε
1385 1960 1407 1984 *

1150 2006 1172 2031 *

708 2075 803 2118 XX.
843 2075 933 2130 [De
965 2077 1235 2129 provisione
1269 2075 1615 2132 cardinalium]

287 2147 320 2188 1.
360 2145 600 2189 Proloruta
639 2149 682 2189 et
719 2147 928 2189 atlvisata
967 2159 1052 2200 per
1090 2147 1303 2190 dominos
1341 2148 1588 2201 deputatos
1625 2147 1746 2190 sacri
1783 2146 1967 2201 collegii
2003 2149 2049 2190 et

341 2217 648 2259 reforinatorii
683 2218 1017 2260 concernencia
1052 2218 1350 2261 commendas
1383 2221 1430 2262 et
1464 2217 1557 2261 alia
1592 2218 1839 2274 beneficia,
1874 2229 1991 2272 quas

641 2287 815 2330 domini
841 2288 1105 2332 cardinales
1131 2289 1306 2332 habent
1332 2289 1391 2332 de
1417 2289 1683 2344 presenti.³)

400 2358 551 2399 Primo
598 2358 825 2401 dimittant
872 2359 912 2401 d.
958 2359 1226 2403 cardinales
1272 2372 1434 2403 omnes
1479 2363 1526 2403 et
1568 2361 1780 2413 singulas
1825 2359 2048 2402 ecclesias

284 2429 571 2479 parochiales
612 2433 655 2471 et
694 2430 847 2472 onmia
888 2431 979 2472 alia
1020 2430 1267 2484 bene-ficia,
1308 2443 1397 2484 que
1435 2430 1486 2472 »in
1525 2431 1720 2484 portatis
1759 2443 1852 2472 non
1891 2430 2048 2473 valent

286 2498 400 2539 ultra
445 2498 563 2539 LXX
605 2500 682 2542 lib.
724 2500 892 2543 Turon.
933 2504 979 2542 et
1019 2502 1104 2543 hoc
1141 2501 1269 2544 infra
1311 2513 1483 2543 annum
1523 2514 1550 2544 a
1592 2501 1666 2543 die
1710 2500 2049 2554 assumpcionis

283 2569 444 2609 ¹summi
482 2570 729 2622 pontificis,
768 2575 813 2612 ut
851 2572 1034 2613 interim
1072 2572 1274 2614 habeant
1310 2572 1577 2616 facultatem
1613 2571 1911 2626 permutandi
1945 2584 2047 2614 cum

286 2639 525 2681 beneficiis
556 2641 746 2682 alterius
777 2642 963 2693 generis
994 2642 1068 2684 vel
1098 2655 1221 2696 papa
1250 2643 1398 2696 possit
1427 2643 1496 2686 eis
1527 2655 1902 2696 recompensare,
1933 2643 2048 2686 sicut

371 2762 399 2785 a)
422 2754 504 2779 ΗΜ(
528 2756 564 2782 Ι),
644 2756 674 2787 b)
703 2757 783 2782 b'ehlr
808 2758 839 2782 Ε.
923 2759 951 2785 01
977 2760 1000 2783 (’
1018 2758 1147 2785 duobus
1168 2758 1230 2785 vel.
1313 2758 1344 2792 d)
1368 2760 1392 2786 C
1407 2759 1492 2792 solat
1513 2758 1565 2786 vel
1586 2766 1645 2793 per
1665 2759 1729 2786 tria
1749 2758 1861 2786 studia
1879 2757 2049 2793 generalia

282 2801 433 2827 »1111111101-
454 2803 514 2827 sub
537 2802 664 2829 :lumbus
687 2804 818 2835 rugibus
841 2806 890 2831 vul
915 2805 1024 2832 tribus
1047 2806 1278 2833 consistencia.
1357 2811 1385 2834 el
1409 2807 1434 2832 E
1453 2806 1538 2840 sol-qt
1559 2806 1702 2834 monicio
1724 2805 1883 2833 canonica
1903 2806 1936 2833 et
1957 2804 2046 2832 suffi-

283 2847 371 2873 ciens
393 2848 605 2877 intolliuatnr.
662 2851 685 2876 f»
709 2852 735 2876 Ι)
756 2851 837 2884 solut
859 2854 888 2878 01
912 2853 1066 2885 symonia.
1133 2859 1164 2888 gt
1186 2855 1206 2881 ,δ’
1226 2855 1348 2887 potest.
1414 2853 1445 2883 11)
1471 2853 1512 2880 W
1531 2854 1654 2887 (tasin.-
1675 2853 1769 2887 Quod
1789 2860 1875 2888 papa
1896 2852 2046 2880 accusari

283 2897 315 2920 et
335 2896 451 2928 deponi
475 2898 580 2929 potest
603 2904 701 2930 super
721 2898 786 2923 alio
807 2899 941 2926 crimino
963 2907 1058 2933 quain
1080 2900 1196 2928 liei-esi.

402 2957 430 2995 1)
457 2956 543 2989 (ὀιι.
568 2956 611 2993 1),
635 2958 668 2997 s,
695 2958 732 2991 W
756 2959 799 3002 (γ.
822 2962 874 3003 3).

399 3017 429 3054 ’-’)
461 3015 538 3047 ,lus
565 3016 633 3048 der
659 3015 902 3058 It'esornmkle
930 3019 1090 3053 Martius
1126 3019 1172 3061 12,
1199 3020 1348 3054 Hitbler
1376 3021 1452 3055 146.

403 3075 433 3113 ³)
460 3072 539 3105 Nur
563 3074 650 3107 cod.
681 3074 717 3107 W
741 3075 766 3118 7¹.
791 3076 813 3109 8
833 3077 859 3119 Ι.
