2102 3444
217 116 302 158 524
571 114 615 148 II.
648 114 858 149 Abs-chniu.
901 114 1105 147 Sermones
1137 112 1286 146 concilii
1317 111 1636 147 Conslanciensis.

219 233 332 275 ciam
363 237 408 275 et
437 232 708 274 ambicionis
740 232 905 272 vicium
939 265 947 272 .
983 264 990 272 .
1027 264 1035 272 .
1078 230 1304 273 Videmus
1335 229 1458 272 enim
1489 232 1650 283 plures
1681 230 1989 273 fornicatores

219 307 263 345 ct
285 302 637 345 concubinarios
660 302 779 343 inter
800 302 953 343 cleros
974 314 1111 353 quam
1134 300 1373 343 adulteros
1396 301 1517 343 inter
1539 301 1694 344 laicos.
1728 301 1842 344 Sunt
1863 302 1988 344 enim

221 374 319 415 sine
347 386 542 415 numero
569 372 836 414 sacerdotes
862 371 1142 414 concubinas
1171 372 1216 413 in
1244 371 1457 414 domibus
1484 371 1580 415 suis
1607 374 1835 425 tenentes,
1863 371 1990 414 filios

220 448 264 486 et
301 445 428 486 filias
465 444 677 485 carnales
714 445 1030 495 procreantes,
1069 442 1254 484 cottidie
1293 443 1454 494 semel,
1493 442 1566 485 bis
1603 446 1680 485 aut
1715 446 1787 484 ter
1823 443 1991 485 missas

221 515 513 556 celebrantes
554 517 598 555 et
641 513 869 564 manibus,
912 512 1081 565 quibus
1121 526 1285 566 parum
1327 515 1434 555 ante
1475 516 1786 556 tractaverant
1823 525 1991 555 carnes

220 585 530 635 meretriceas,
555 597 741 626 carnem
765 585 869 637 agni
894 584 1173 625 immaculati
1191 583 1248 624 de
1264 583 1442 636 virgine
1461 587 1692 636 sumptum
1706 587 1992 626 contractant

222 690 229 697 .
266 690 273 697 .
310 655 548 697 ‚Videmus
589 655 749 707 eciam,
792 654 915 707 quod
955 655 1169 696 nonnulli
1213 654 1384 706 clerici,
1425 655 1572 696 eciam
1614 654 1768 708 magni
1807 654 1992 708 prelati,

221 729 462 778 postquam
497 726 719 768 ecclesias
754 725 840 768 sub
874 724 1060 767 nomine
1096 725 1302 778 episcopi
1335 726 1409 767 vel
1443 725 1599 767 clerici
1635 728 1860 768 rexerunt
1893 759 1902 768 .
1938 758 1946 767 .
1982 758 1991 766 .

221 797 276 838 ad
320 796 506 838 carnale
548 796 891 838 matrimonium
934 796 1152 838 advolant
1194 795 1436 849 spirituale
1478 795 1819 838 matrimonium
1861 796 1992 839 dese—

220 871 391 910 rentes.
430 867 484 908 Et
510 866 632 919 quod
656 866 703 908 in
727 868 855 908 clero
879 865 1189 919 ridiculosius,
1216 878 1353 919 quam
1380 865 1502 919 quod
1527 866 1632 908 laici
1659 866 1833 908 dicunt:
1871 866 1993 920 epis-

220 950 361 990 copus
396 937 685 990 dispensavit
719 937 806 980 sibi
841 949 1035 979 uxorem
1070 937 1321 989 carnalem,
1356 937 1604 990 episcopus
1639 937 1846 980 celebrat
1877 949 1992 991 nup-

220 1009 312 1051 cias
338 1012 384 1051 et
407 1007 702 1051 huiusmodi?
733 1041 742 1050 .
778 1042 786 1050 .
822 1042 830 1050 .

336 1079 486 1121 Video
515 1079 678 1132 plures
710 1079 838 1121 curie
869 1082 1210 1132 procuratores,
1245 1079 1482 1122 auditores
1513 1082 1558 1121 et
1591 1079 1708 1121 alios
1741 1079 1994 1121 nonnullos

220 1150 452 1192 officiales
484 1150 529 1191 in
558 1150 644 1192 hoc
672 1162 806 1192 sacro
833 1149 1029 1192 concilio
1057 1150 1314 1193 existentes
1344 1149 1553 1203 equitare
1584 1150 1791 1193 caballos
1820 1153 1865 1192 et
1892 1162 1993 1204 gra-

221 1221 377 1263 darios
416 1220 570 1263 aureis
608 1220 810 1274 phaletis
850 1220 1100 1263 adornatos
1137 1224 1182 1262 et
1221 1220 1383 1273 frenis,
1421 1233 1618 1273 quorum
1655 1223 1877 1274 parentes
1914 1221 1992 1263 vix

220 1293 485 1334 habuerunt
519 1292 700 1334 asinum
736 1292 793 1334 ad
829 1304 879 1334 se
913 1292 1206 1345 portandum,
1243 1294 1288 1333 et
1323 1304 1424 1333 cum
1461 1292 1551 1335 sint
1588 1292 1634 1333 in
1667 1291 1766 1333 fine
1799 1304 1994 1346 genera-

221 1363 435 1415 cionis,se
458 1362 642 1405 nobiles
665 1375 723 1405 ex
746 1375 921 1416 genere
942 1363 1120 1405 carnali
1142 1363 1449 1405 menciuntur.
1485 1362 1519 1405 O
1542 1362 1713 1416 bigami
1736 1375 1763 1405 a
1783 1362 1993 1406 misterio

220 1434 417 1476 ecclesie
441 1434 606 1476 merito
628 1433 912 1486 repellendil
949 1433 1033 1485 Qui
1056 1432 1180 1475 enim
1203 1433 1250 1475 in
1272 1432 1520 1476 beneficiis
1542 1432 1869 1476 ecclesiasticis
1892 1432 1991 1476 sine

220 1504 497 1547 necessitate
532 1508 606 1548 est
642 1505 841 1558 pluralis
880 1517 981 1546 cum
1019 1504 1226 1557 Lameth,
1264 1504 1343 1557 qui
1381 1505 1532 1558 primo
1569 1504 1816 1558 bigamiam
1855 1504 1994 1547 intro-

221 1575 364 1628 duxit,
419 1579 490 1618 est
543 1575 831 1628 maledictus,
885 1578 935 1617 ut
985 1575 1098 1617 dicit
1148 1579 1309 1628 pastor
1366 1576 1652 1628 angelorum,
1706 1574 1994 1618 venerabilis

222 1646 379 1689 doctor
404 1646 784 1701 Lincolniensis1)
816 1647 863 1688 in
888 1649 1084 1689 tractatu
1108 1659 1194 1690 suo
1220 1646 1279 1688 de
1308 1659 1492 1689 veneno
1517 1646 1764 1700 spirituali,
1790 1646 1994 1700 capitulo

223 1717 280 1759 de
319 1718 532 1760 avaricia.
582 1718 622 1760 A
659 1718 846 1760 forciori
888 1730 999 1771 erga
1037 1717 1270 1760 maledicti
1308 1720 1415 1760 sunt
1451 1718 1650 1771 trigami,
1689 1717 1993 1771 quadrigami,

224 1788 461 1843 decigami,
496 1788 721 1842 tricigami
757 1792 802 1831 et
835 1789 1126 1842 permaxime
1160 1788 1405 1842 centigami
1441 1823 1449 1830 .
1485 1822 1493 1831 .
1529 1823 1537 1831 .
1585 1788 1632 1832 Si
1667 1787 1770 1842 quis
1806 1787 1994 1841 diceret,

223 1863 356 1912 pater
377 1863 532 1902 sancte
553 1863 598 1901 et
618 1863 775 1913 patres
797 1859 1194 1913 reverendissimi,
1217 1859 1411 1912 spiritus
1429 1862 1616 1902 sanctus
1636 1862 1761 1902 esset
1781 1861 1993 1902 creatura

224 1934 269 1972 et
290 1943 454 1972 servus
475 1931 620 1983 patris
641 1934 685 1973 et
705 1931 809 1984 filii,
831 1944 993 1974 omnes
1013 1944 1099 1973 nos
1121 1931 1428 1973 clamaremus
1449 1931 1590 1973 talem
1612 1943 1718 1973 esse
1738 1929 1993 1973 hereticum

223 2001 675 2054 condem=pnandum3
734 2005 777 2043 et
820 2004 975 2043 tamen
1018 2001 1330 2044 tollerabilior
1372 2005 1442 2044 est
1487 2002 1573 2044 ista
1615 2001 1813 2054 heresi-s,
1855 2013 1994 2054 quam

224 2072 389 2114 vicium
430 2072 651 2125 symonie,
688 2075 737 2114 ut
772 2076 900 2126 patet
939 2074 984 2114 in
1023 2072 1224 2126 capitulo
1262 2073 1429 2126 primo:
1480 2072 1631 2126 prima
1668 2072 1993 2115 tollerabilior.

224 2142 451 2193 Quantum
474 2156 585 2196 ergo
608 2144 654 2184 in
677 2144 811 2187 vobis
832 2144 987 2196 fuerit,
1007 2147 1142 2197 pater
1164 2147 1336 2197 sancte,
1360 2143 1610 2197 promittite
1634 2143 1868 2186 Simonem
1892 2142 1994 2186 dor-

224 2214 339 2256 mire
373 2215 584 2267 sompnio
615 2217 856 2267 perpetuo.
900 2215 1047 2258 Nolite
1079 2228 1187 2257 eum
1219 2214 1437 2257 excitare.
1483 2249 1491 2256 .
1527 2248 1536 2256 .
1571 2249 1580 2257 .

224 2353 331 2396 Dez.
367 2353 434 2397 26.
472 2382 520 2385 —
558 2354 777 2398 Moritz
817 2368 929 2398 von
972 2356 1140 2409 Pray.

343 2424 468 2458 Tea—t
489 2434 499 2459 .·
538 2425 599 2458 Mn·
628 2426 737 2459 13421
759 2425 785 2469 f.
811 2426 894 2465 156,·
919 2426 987 2460 Pac
1010 2427 1078 2461 593
1099 2426 1124 2469 f.
1152 2427 1234 2468 177‚·
1260 2426 1322 2461 Sto
1343 2428 1390 2462 33
1410 2427 1435 2470 7·-
1459 2427 1522 2468 57,·
1551 2427 1599 2460 Ta·
1625 2426 1683 2460 Mc
1705 2426 1774 2461 282
1794 2425 1820 2469 r.
1845 2419 1922 2460 15'5.

342 2482 752 2537 Benedictus,
797 2485 897 2537 qui
941 2485 1113 2528 venit
1158 2486 1217 2527 in
1260 2486 1508 2528 nomine
1553 2485 1786 2527 domini
1834 2483 1994 2538 (Math.

225 2554 420 2608 XXIII.)
448 2558 492 2596 et
518 2554 564 2596 in
589 2556 848 2608 ewangelio
873 2555 963 2598 iam
988 2556 1107 2599 lecto
1132 2590 1140 2598 .
1177 2590 1184 2598 .
1220 2590 1228 2598 .

228 2693 338 2737 1418
370 2694 548 2736 Januar
584 2694 649 2737 17.
700 2722 747 2725 -
796 2695 1079 2739 Andreas
1152 2709 1261 2739 von
1331 2696 1606 2739 Escobar
1678 2708 1758 2750 ep.
1831 2694 1995 2738 Civi-

578 2766 865 2809 latensi&

347 2836 372 2869 E
388 2846 405 2869 ι·
424 2846 452 2869 ιι·
469 2838 489 2869 ἄ
507 2836 525 2869 Ιι
547 2847 566 2869 η
584 2838 595 2870 l
615 2846 625 2870 .·
664 2835 761 2877 Pras]
783 2836 828 2871 Ι).
854 2837 882 2870 E
908 2837 960 2871 77.

343 2893 516 2936 Sicut
553 2896 642 2936 sol
681 2895 949 2937 refulsit
985 2895 1042 2937 in
1081 2895 1251 2939 domo
1290 2897 1395 2939 Dei
1437 2898 1576 2951 (Eccl.
1603 2897 1673 2950 50,
1698 2897 1762 2951 7).

345 3012 375 3053 ¹)
400 3011 540 3045 Hubert
566 3012 817 3053 Grosseleste‚
842 3011 993 3055 Bischof
1018 3023 1086 3047 ron
1112 3013 1279 3047 Lincolu.
