2227 3434
472 156 515 191 D.
560 156 1209 200 Gesch'aftsorclnungs-Vorschlage
1241 156 1303 190 fiir
1331 157 1400 191 das
1432 156 1578 191 Konzil.
1824 157 1907 198 747

207 303 211 305 Α
260 273 339 315 De
407 273 654 316 litteris
707 277 765 316 et
819 274 1136 327 regestris
1190 286 1379 326 super
1433 273 1715 316 decretis
1771 286 1908 315 con-

141 341 223 384 fic
241 343 253 384 i
268 355 294 384 e
310 356 339 384 n
356 342 464 385 dis.
945 388 951 394 ,

260 424 456 468 Decreta
503 426 566 467 sic
613 426 916 478 pronunciata
965 427 1216 479 registrent
1262 425 1429 468 notarii
1477 425 1657 467 concilii
1706 428 1751 467 et
1799 424 1906 466 dent

139 494 317 548 copiam
346 495 523 537 habere
552 496 831 538 volentibus.

261 577 372 619 Item
401 578 437 620 si
466 590 608 630 super
636 577 729 620 illis
757 578 848 619 sint
875 577 1028 619 littere
1057 578 1142 620 sub
1169 577 1297 619 bulla
1325 577 1630 630 conficiende,
1659 577 1764 619 illas
1791 588 1907 617 com-

138 650 311 699 ponant
344 647 549 700 deputati
583 651 798 700 quattuor
830 660 932 689 cum
965 648 1351 700 abreviatoribus‚
1383 648 1441 689 de
1476 649 1644 700 quibus
1679 660 1820 700 supra
1852 646 1907 688 fit

137 717 330 770 mencio,
358 721 405 760 et
431 730 520 771 que
551 718 717 760 iterum
747 718 961 771 legantur
990 718 1035 759 in
1065 719 1340 760 nacionibus
1369 721 1412 760 et
1442 718 1682 771 signentur
1712 718 1757 759 in
1786 717 1906 770 plica

136 799 223 840 per
252 788 458 831 notarios
490 788 735 830 nacionum
766 792 812 830 et
845 788 1151 830 cardinalium
1184 792 1231 830 et
1265 789 1449 830 demum
1485 789 1698 841 legantur
1733 789 1778 829 in
1813 800 1906 829 ses-

138 859 268 901 sione
294 862 339 901 et
363 859 480 902 lecte
506 859 568 901 ibi
593 872 679 912 per
703 872 888 901 manum
914 859 1199 912 presidentis
1224 859 1393 900 dentur
1416 859 1739 901 bullatoribus.
1776 858 1907 900 Alias

135 929 265 971 nulle
297 929 450 971 littere
483 929 569 971 sub
600 929 728 972 bulla
757 929 1083 982 expediantur.

255 1011 333 1053 De
374 1011 664 1054 custodia
704 1015 762 1053 et
802 1025 913 1053 usu
955 1011 1143 1055 bulle.

253 1093 551 1136 Custodiatur
594 1093 722 1136 bulla
769 1106 855 1146 per
899 1093 1170 1145 bullatores‚
1217 1097 1265 1135 ut
1310 1097 1380 1136 est
1426 1092 1582 1145 moris,
1629 1093 1706 1145 qui
1753 1092 1905 1133 iurent

135 1165 312 1207 nullam
347 1164 530 1206 bullare
567 1164 658 1207 nisi
694 1164 847 1206 datam
883 1177 968 1218 per
1004 1164 1123 1206 dom.
1160 1163 1591 1206 vicecancellarium
1627 1167 1676 1205 ut
1709 1166 1780 1205 est
1816 1163 1905 1204 iam

134 1234 397 1277 ordinatum
423 1235 546 1288 fieri,
573 1235 647 1276 vel
675 1248 761 1288 per
787 1234 1106 1287 presidentem
1133 1235 1179 1276 in
1207 1234 1416 1277 sessione
1444 1234 1669 1287 generali.

252 1317 306 1360 Et
333 1318 396 1360 ita
422 1330 500 1361 res
527 1317 612 1360 rite
641 1321 685 1359 et
713 1318 815 1359 sine
844 1317 1018 1360 invidia
1046 1320 1091 1359 et
1119 1317 1383 1370 suspicione
1412 1315 1678 1369 procedent.

773 1412 795 1436 *
1242 1411 1264 1435 *

1008 1458 1030 1482 *

133 1564 173 1607 b.
222 1565 292 1608 De
324 1565 471 1608 forma
503 1566 548 1608 et
581 1565 746 1608 ordine
779 1563 961 1608 concilii
994 1566 1039 1607 et
1071 1564 1128 1607 (le
1162 1575 1265 1617 per·
1337 1575 1372 1605 c.
1410 1563 1479 1605 De
1502 1563 1649 1605 torma
1672 1564 1716 1605 et
1738 1562 1904 1605 ordine

130 1635 260 1679 sonis
293 1637 339 1679 et
371 1635 514 1679 rebus
547 1636 603 1678 ad
641 1635 884 1679 concilium
919 1635 1264 1688 pertinentibus
1338 1632 1521 1677 concilii
1559 1634 1665 1676 sunt
1703 1631 1905 1686 capitula

131 1708 238 1749 sunt
282 1705 484 1761 capitula
531 1706 775 1749 nacionum
824 1705 985 1749 Italice
1030 1708 1076 1749 et
1122 1704 1264 1748 Galli·
1457 1703 1778 1746 cardinalium.

480 1789 594 1820 Cane
626 1779 908 1830 preSentata.
1405 1796 1595 1839 Slullssarh
1654 1796 1898 1831 Lnndesbibl.

200 1855 391 1913 Slnllssarl,
423 1870 668 1906 Lanclesbibl.
700 1871 812 1905 theol.
841 1870 907 1914 fol.
940 1871 1006 1905 137
1035 1870 1060 1913 Τ.
1094 1870 1167 1905 122.
1337 1855 1451 1890 ἶῙίίὊῙ·
1480 1855 1544 1898 ῘΟῙ·
1579 1856 1646 1890 137
1674 1855 1700 1899 Ῐ·
1733 1856 1809 1890 179·

219 1942 298 1984 De
339 1942 637 1995 personis
678 1941 1093 1984 admittendis
1135 1952 1172 1985 in
1200 1953 1264 1987 de-

130 2011 364 2046 liberacione
397 2012 597 2046 nacionum
629 2012 782 2046 videtur
811 2012 1009 2055 expedire,
1041 2013 1141 2055 quod
1175 2021 1265 2056 que-

130 2070 224 2104 libet
248 2070 355 2105 nacio
379 2070 577 2114 supposita
600 2081 669 2105 sua
693 2070 839 2115 redigat
865 2071 903 2104 in
927 2070 1077 2114 scriptis
1101 2073 1136 2104 et
1163 2071 1261 2114 quod

131 2129 260 2163 nullus
303 2129 416 2163 intret
458 2129 658 2163 concilium
702 2129 884 2170 nacionis,
929 2129 1002 2162 nisi
1046 2129 1262 2172 inscriptus,

129 2187 336 2231 nullusque
368 2187 609 2230 inscribatur,
640 2187 727 2230 nisi,
761 2188 828 2231 qui
860 2198 928 2231 pro
961 2198 1001 2222 se
1034 2188 1181 2222 venerit
1213 2189 1261 2222 ad

129 2257 329 2292 concilium
353 2260 389 2292 et
412 2268 480 2301 pro
501 2258 660 2293 concilio
682 2260 706 2287 ·-.'
722 2248 752 2288 {l
779 2248 854 2300 QUi
878 2260 979 2289 cum
1004 2248 1258 2290 sufficlssnfi

126 2316 343 2359 mandato
370 2317 484 2359 inibi
513 2318 662 2359 locum
688 2321 845 2360 teneat
872 2319 1079 2371 alterius,
1107 2320 1183 2372 qui
1212 2319 1258 2360 in

125 2387 290 2429 eodem
330 2388 559 2431 interesse
599 2389 860 2442 tenebatur,
900 2393 977 2431 aut
1016 2390 1061 2431 in
1102 2391 1258 2443 aliqua
1530 2394 1696 2449 (fehlt)

128 2457 346 2500 facultate
383 2458 637 2512 graduatus
676 2464 751 2503 aut
788 2471 825 2504 in
864 2471 1061 2515 dignitate,
1101 2473 1258 2513 perso-

127 2531 252 2580 natu,
287 2528 447 2571 officio
481 2530 555 2571 vel
592 2529 1000 2573 administracione
1033 2541 1258 2576 constitutus

125 2610 208 2640 seu
246 2599 443 2641 ecclesie
483 2600 765 2643 cathedralis
803 2601 1066 2654 canonicus,
1107 2605 1257 2643 rector

124 2669 197 2710 vel
226 2669 457 2722 plebanus
483 2671 666 2713 existat.
708 2670 955 2714 Conclusio
981 2675 1135 2714 tamen
1164 2685 1255 2714 non

125 2738 208 2781 fiat
248 2739 338 2781 nisi
381 2740 527 2782 maior
566 2753 678 2794 pars
720 2742 968 2784 cuiuslibet
1011 2746 1155 2785 status
1196 2744 1255 2784 sit

124 2821 267 2862 super
301 2821 357 2851 ea
393 2822 597 2852 consors.

287 2879 375 2921 Iste
411 2881 633 2923 articulus
667 2894 876 2934 pronunc
910 2883 1178 2925 obmittatur
1210 2887 1255 2925 et

212 2949 427 2994 uniamus
451 2950 497 2991 in
522 2963 635 3003 pace
659 2955 704 2994 et
729 2952 956 2996 faciamus
979 2953 1114 3007 bene,
1139 2954 1253 2996 sicut

196 3019 535 3062 consuevimus.
