2102 3444
343 199 427 241 640
776 193 841 228 ΙΙΙ.
874 191 1081 227 Abschnitt.
1125 188 1277 224 Reform
1309 189 1387 223 und
1419 187 1666 233 Verfassung.

345 320 466 357 tores
505 319 547 356 et
586 313 849 355 licenciatos
888 314 932 353 et
969 308 1253 351 baccalarios
1290 306 1419 349 iuxta
1456 319 1541 349 sua
1579 305 1758 360 merita,
1796 305 2022 350 scienciae
2058 309 2102 349 et

344 385 605 426 habilitates
633 386 763 424 extra
792 394 899 424 suas
929 380 1138 422 dioceses
1167 381 1300 421 natos
1328 377 1532 420 habeant
1560 376 1608 418 in
1637 376 1744 420 aliis
1770 377 2102 420 collacionibus

343 457 437 497 suis
459 455 514 496 ad
537 452 794 495 huiusmodi
818 452 1064 505 dignitates
1086 453 1131 492 et
1151 448 1433 502 prebendas,
1455 449 1502 490 in
1524 447 1701 490 eisdem
1723 448 1936 491 ecclesiis
1955 448 2102 492 cathe-

343 525 549 567 dralibus
580 526 833 574 vacaturas,
866 521 1188 563 recommissos
1222 520 1349 562 iuxta
1381 531 1490 562 suas
1522 518 1836 561 consciencias
1866 522 1913 562 et
1944 531 2102 562 secun-

342 595 446 636 dum
480 594 598 647 quod
632 606 716 646 pro
747 592 940 634 utilitate
972 591 1274 633 ecclesiarum
1306 589 1542 631 videbitur
1572 589 1813 643 expedire.
1857 589 1913 632 Et
1943 602 2102 632 omnes

343 666 549 706 doctores
589 667 633 705 et
672 663 912 715 licenciati,
953 662 1159 715 magistri
1200 664 1245 703 et
1282 660 1530 703 baccalarii
1569 660 1765 714 predicti
1802 661 1964 714 vigore
2000 652 2102 715 pre-

341 736 483 776 sentis
541 734 851 775 ordinacionis
908 733 1005 774 sive
1062 732 1237 774 decreti
1294 731 1602 784 promovendi
1656 743 1802 785 ¹supra
1858 731 2102 775 beneficiis

341 805 598 847 huiusmodi
627 805 753 846 iuxta
778 807 968 846 naturas
995 806 1040 845 et
1066 801 1372 845 fundaciones
1397 801 1654 844 eorundem
1680 802 1919 845 resideant
1943 805 1989 845 et
2013 815 2102 845 mo-

341 880 512 928 rentur,
544 875 632 917 nisi
664 875 865 917 habeant
896 886 1081 916 causam
1114 873 1356 915 juridicam
1391 873 1488 915 sive
1520 870 2102 916 racionabilem‘absencie

341 959 435 989 sue.
485 947 537 988 Et
572 946 629 988 ad
665 946 823 998 finem,
861 945 982 998 quod
1014 944 1246 998 premissa
1283 944 1453 997 exequi
1489 944 1690 997 valeant,
1726 943 1994 987 cancellarii
2029 944 2102 987 vel

340 1017 548 1059 doctores
574 1017 926 1058 universitatum
951 1028 1036 1068 pro
1059 1018 1268 1068 tempore
1293 1014 1550 1058 existentes
1575 1015 1632 1057 de
1658 1014 1926 1058 nominibus
1949 1014 2102 1058 huius-

342 1089 461 1130 modi
505 1088 754 1140 doctorum,
798 1087 1141 1128 licenciatorum
1186 1099 1236 1128 ac
1279 1086 1606 1139 magistrorum
1650 1089 1696 1128 et
1738 1086 2102 1129 baccalariorum

340 1158 587 1201 ordinariis
612 1159 828 1211 locorum,
853 1158 898 1199 in
923 1157 1090 1210 quibus
1113 1157 1207 1199 nati
1232 1156 1438 1200 existunt
1460 1156 1722 1200 certificent
1743 1157 1802 1199 de
1825 1159 2036 1210 tempore
2057 1156 2102 1198 in

340 1230 574 1283 tempusa)

459 1301 585 1352 Item,
608 1300 729 1353 quod
752 1299 797 1341 in
821 1299 1028 1352 qualibet
1052 1299 1249 1341 ecclesia
1273 1298 1529 1341 cathedrali
1553 1298 1612 1341 ad
1634 1298 1786 1341 minus
1808 1301 1974 1352 quarta
1993 1310 2102 1352 pars

340 1370 683 1423 prebendarum
708 1371 765 1413 sit
788 1383 872 1423 pro
897 1370 1160 1412 doctoribus
1184 1382 1268 1413 seu
1291 1369 1547 1412 licenciatis
1571 1370 1618 1411 in
1642 1382 1773 1412 sacra
1796 1369 1981 1423 pagina,
2003 1369 2102 1412 iure

341 1442 560 1484 canonico
580 1443 653 1483 vel
678 1442 800 1483 civili
825 1444 902 1483 aut
924 1441 971 1482 in
994 1441 1223 1483 medicina
1247 1443 1324 1483 aut
1346 1440 1596 1483 bacalariis
1616 1441 1667 1482 ¹in
1690 1440 1937 1494 theologia.
1977 1440 2102 1494 Item,

340 1512 459 1564 quod
488 1512 533 1553 in
561 1513 767 1565 qualibet
794 1512 884 1554 alia
911 1512 1108 1554 ecclesia
1136 1511 1380 1565 collegiata
1407 1511 1465 1554 ad
1493 1511 1645 1553 minus
1674 1514 1838 1565 quarta
1864 1523 1976 1565 pars
1999 1523 2102 1565 pre-

341 1582 596 1624 bendarum
632 1584 689 1625 sit
725 1595 808 1636 pro
845 1582 977 1626 dletis
1013 1583 1292 1636 doctoribus,
1330 1582 1585 1625 licenciatis
1622 1595 1673 1625 ac
1707 1581 1996 1636 baccalariis,
2029 1581 2102 1624 vel

340 1665 423 1705 pro
452 1654 685 1706 magistris
714 1653 758 1694 in
790 1653 968 1696 artibus
996 1654 1070 1695 vel
1102 1653 1375 1696 baccalariis
1405 1653 1453 1695 in
1482 1654 1584 1695 iure
1612 1652 1836 1696 canonico
1863 1653 1938 1695 vel
1965 1651 2102 1695 civili.

346 1723 454 1765 ltem
487 1724 608 1776 quod
640 1724 696 1766 ad
728 1724 879 1767 minus
909 1725 1054 1767 tercia
1085 1737 1195 1778 pars
1227 1725 1533 1767 ecclesiarum
1563 1723 1900 1778 parochialium
1933 1723 1993 1766 sit
2019 1735 2102 1777 pro

340 1794 573 1847 graduatis
595 1798 638 1837 et
658 1795 761 1837 aliis
783 1796 1060 1849 supradictis
1078 1796 1146 1837 sic
1165 1798 1336 1849 tamen,
1352 1795 1478 1848 quod*
1491 1795 1644 1849 quoad
1655 1795 1881 1838 ecclesias
1895 1794 2102 1849 parochi-

341 1865 439 1908 ales
462 1866 714 1908 existentes
739 1866 784 1907 in
808 1866 921 1909 locis
944 1866 1206 1920 insignibus
1230 1870 1307 1909 aut
1331 1867 1448 1909 alias
1472 1866 1701 1909 habentes
1725 1878 1918 1920 magn-as
1938 1865 2102 1920 plebes

340 1935 563 1978 habeatur
596 1940 834 1989 respectus
868 1937 926 1979 ad
957 1937 1197 1991 theologos
1230 1940 1276 1979 et
1308 1938 1587 1980 canonistas.

458 2007 569 2048 Item
599 2007 721 2060 quod
748 2008 1092 2061 episcopatibus
1121 2011 1166 2050 et
1194 2008 1300 2051 aliis
1326 2011 1374 2051 et
1400 2007 1655 2062 prelaturis
1681 2020 1775 2051 non
1799 2006 2102 2062 provideatur

340 2076 427 2119 nisi
449 2078 686 2130 graduatis
709 2081 785 2121 aut
807 2079 923 2121 alias
947 2078 1145 2122 sciencie
1170 2079 1486 2122 eminentibus
1509 2082 1586 2122 aut
1607 2078 1864 2133 generosis,
1888 2078 1927 2122 si
1948 2081 2102 2122 tamen

342 2148 406 2189 illi
433 2152 537 2190 sunt
561 2149 839 2193 sufficientis
863 2149 1136 2192 litterature.

459 2219 571 2260 Item
597 2220 718 2272 quod
742 2221 835 2262 nati
861 2221 917 2262 de
944 2221 1144 2274 dyocesi,
1170 2221 1216 2262 in
1241 2221 1411 2274 quibus
1436 2224 1543 2264 sunt
1565 2220 1831 2264 huiusmodi
1855 2219 2102 2273 beneficia,

341 2289 637 2341 preferantur
657 2291 893 2333 extraneis
915 2295 958 2334 et
979 2293 1125 2345 magis
1145 2292 1399 2345 graduatus
1419 2292 1571 2334 minus
1591 2291 1830 2347 graduat0‚
1849 2291 1942 2334 nisi
1961 2290 2102 2334 racio-

340 2359 508 2401 nabilis
535 2373 669 2403 causa
695 2362 821 2404 aliud
846 2366 1078 2415 exposcat.
1121 2363 1233 2405 Item
1259 2363 1382 2416 quod
1407 2364 1587 2405 nullum
1613 2362 1795 2406 habens
1819 2361 2102 2405 beneficium

340 2430 604 2482 preferatur
644 2432 831 2475 habenti
874 2434 1042 2477 ceteris
1081 2433 1288 2486 paribus.
1345 2434 1458 2476 Item
1498 2433 1813 2487 provideatur,
1852 2433 1979 2487 quod
2016 2445 2102 2486 per

341 2500 465 2542 illam
496 2502 807 2554 provisionem
837 2503 1165 2556 graduatorum
1199 2504 1384 2548 divinus
1414 2505 1564 2548 cultus
1592 2507 1640 2547 et
1669 2503 1913 2547 edificacio
1941 2503 2102 2558 populi

341 2575 513 2613 crescat
543 2575 587 2614 et
616 2576 850 2625 augeatur.

455 2712 494 2753 5.
534 2713 643 2768 Ad¹)
674 2714 988 2768 episcopatum
1014 2716 1173 2760 nullus
1199 2716 1399 2769 eligatur
1424 2716 1499 2759 vel
1527 2718 1803 2769 assumatur,
1828 2714 1920 2759 nisi
1947 2714 2102 2758 doctor

340 2781 385 2821 in
419 2782 661 2838 theologia,
696 2786 794 2828 iure
829 2787 1050 2829 canonico
1081 2787 1156 2828 vel
1188 2786 1310 2829 civili
1345 2788 1420 2829 vel
1452 2787 1633 2830 notorie
1667 2786 1913 2830 sufficiens
1945 2785 2102 2829 doctor

443 2893 471 2916 υ)
497 2887 519 2911 lc
539 2896 588 2911 am
615 2888 738 2915 winde:
775 2889 982 2923 vom-lusum,
1003 2890 1089 2924 quod
1111 2892 1219 2918 stetur
1240 2891 1388 2926 capitulo
1410 2893 1442 2918 ct
1463 2891 1615 2925 addatur,
1635 2890 1723 2925 quod
1744 2889 1897 2921 collacio.
1917 2888 1993 2917 aliis
2012 2888 2102 2916 facta

338 2938 430 2964 ιμιηιιι
454 2932 606 2964 theologo
636 2935 684 2961 rel
717 2936 884 2963 canonis-to
906 2937 948 2963 sit
970 2937 1068 2965 nulla.
1106 2938 1186 2965 Item
1214 2938 1301 2972 quod
1333 2938 1474 2973 predicti
1501 2938 1649 2973 theologi
1677 2939 1710 2965 ct
1730 2937 1902 2965 canonista
1925 2937 2102 2965 teneantur

336 2979 450 3011 exequi
473 2979 514 3011 id.
533 2982 617 3015 qumi
640 2984 688 3008 «st
703 2982 750 3010 vis
771 2983 951 3011 iniunctum
973 2992 1030 3018 per
1044 2985 1236 3012 fundatores
1251 2987 1285 3013 et
1298 2986 1427 3021 possint
1447 2985 1564 3013 adhoc
1578 2993 1638 3021 per
1652 2985 1920 3013 subtr-accionem
1935 2984 2102 3012 fructuum

338 3027 499 3060 compi-lli.

456 3077 487 3118 ¹)
515 3076 602 3111 Cod.
626 3077 670 3120 l),
696 3078 718 3112 ,S
744 3079 840 3114 ohne
863 3080 1036 3116 Rubrica.
