2102 3444
309 165 392 206 704
743 158 807 192 ΙΙΙ.
841 156 1050 191 Absclmitt.
1094 154 1246 188 Reform
1279 152 1355 187 und
1390 152 1638 197 Verl'assung.

428 280 591 330 Quinta
626 275 870 317 conclusio.
920 272 1125 315 Ecclesia
1160 275 1230 314 est
1264 270 1437 314 forcior
1469 275 1514 314 et
1548 272 1802 326 potencior,
1838 305 1846 314 .
1882 305 1891 314 .
1926 306 1935 314 .
1971 271 2078 324 quia

314 351 527 392 scribitur
548 350 603 390 (le
625 360 679 389 ea
699 347 795 399 (Mt.
813 345 959 398 XVI),
976 343 1098 396 quod
1113 346 1245 396 porte
1263 343 1404 384 inferi
1418 355 1512 384 non
1524 342 1839 395 prevalebunt
1855 342 2081 387 adversus

311 433 427 467 cam,
460 432 547 472 que
581 430 691 470 sepe
725 416 968 468 prevalent
999 414 1225 456 adversus
1257 426 1440 466 papam,
1473 413 1594 468 ubiss)
1630 426 1716 467 per
1746 417 1905 466 portas
1938 413 2078 455 inferi

316 490 566 531 secundum
592 487 877 529 .Jer011imum
906 485 1229 537 intelliguntur
1254 484 1371 526 vicia
1395 487 1439 526 et
1463 484 1659 526 hereses
1684 521 1691 528 .
1728 518 1737 526 .
1772 517 1781 526 .

432 561 569 601 Sexta
594 557 838 599 conclusio.
876 556 1083 597 Ecclesia
1108 558 1178 596 est
1202 554 1392 596 fidelior
1415 567 1499 597 seu
1524 554 1827 608 constancior,
1852 589 1862 598 .
1897 588 1906 597 .
1941 589 1950 598 .
1975 555 2083 608 quia

315 631 531 682 contingit
556 641 722 682 papam
748 627 1006 668 hereticare
1034 639 1117 668 seu
1142 638 1167 668 a
1192 625 1290 667 fide
1316 625 1507 667 deviare
1534 660 1543 668 .
1579 659 1587 667 .
1623 659 1632 667 .

431 700 634 752 Septima
669 698 916 740 conclusio.
964 697 1171 738 Ecclesia
1205 700 1274 738 est
1309 696 1572 749 sapienoior
1606 730 1615 738 .
1651 730 1659 738 .
1695 730 1704 738 .
1738 699 1930 750 propter
1963 709 2084 750 mag-

316 784 420 813 nam
446 769 785 812 multitudinem
810 768 1087 821 sapientum,
1112 768 1189 820 qui
1216 770 1321 810 sunt
1346 768 1391 808 ln
1416 766 1613 809 ecclesia
1638 801 1647 809 .
1682 801 1691 809 .
1726 801 1735 809 .

434 842 500 882 Ex
526 840 766 893 premissis
793 839 929 892 igitur
954 839 1165 891 sequitur
1190 838 1425 880 conclusio
1448 841 1621 891 octava,
1647 837 1769 891 quod
1794 837 1991 886 ecclesia
2015 841 2085 881 est

317 925 456 964 supra
485 924 652 964 papam
682 911 833 963 quoad
862 910 1129 962 bonitatem,
1159 909 1311 962 quoad
1339 908 1609 962 dignitatem
1639 943 1647 951 .
1683 943 1692 951 .
1727 943 1736 952 .

433 983 559 1024 Nona
591 981 838 1022 conclusio.
885 981 1024 1033 Papa,
1059 980 1135 1033 qui
1170 979 1426 1021 instituitur
1456 992 1542 1033 per
1573 980 1857 1022 eleccionem
1890 980 2086 1022 ecclesie

318 1054 389 1094 vel
418 1053 518 1095 eius
546 1053 668 1094 vices
695 1051 962 1105 gerencium
991 1051 1155 1103 recipit
1183 1063 1313 1092 suam
1341 1053 1617 1103 potestatem
1645 1051 1703 1093 ab
1731 1051 1930 1093 ecclesia
1956 1050 2087 1092 mini-

318 1124 568 1166 sterialiter
597 1157 606 1165 .
642 1160 648 1166 .
686 1157 693 1164 .
737 1123 805 1164 Ex
836 1135 926 1175 quo
955 1121 1137 1163 videtur
1163 1121 1314 1174 sequi,
1345 1119 1510 1176 quod¹¹)
1544 1122 1625 1163 illa
1654 1124 1861 1175 potestas
1889 1121 2087 1175 papalis,

318 1208 406 1247 que
437 1198 506 1236 est
538 1195 583 1235 in
615 1206 735 1247 papa
767 1193 1022 1245 actualiter,
1055 1205 1242 1245 semper
1274 1193 1332 1234 sit
1366 1193 1411 1233 in
1442 1192 1700 1234 universali
1732 1193 1930 1234 ecclesia
1961 1191 2088 1234 habi—

319 1266 505 1307 tualiter
534 1278 616 1307 seu
644 1264 904 1307 virtualiter
933 1297 942 1305 .
977 1297 986 1305 .
1022 1298 1031 1306 .
1944 1269 1946 1271 '

438 1336 622 1378 Decima
652 1335 898 1377 conclusio.
942 1334 1168 1388 Christus,
1199 1346 1399 1387 sponsus
1429 1334 1616 1387 eclesie,
1646 1334 1775 1376 dedit
1800 1347 1886 1376 sue
1916 1345 2088 1387 sponse

320 1406 514 1448 ecclesie
550 1407 704 1449 claves
737 1406 868 1458 regni
902 1406 1108 1447 celorum
1142 1417 1243 1446 cum
1278 1405 1492 1457 pluribus
1528 1404 1632 1447 aliis
1666 1405 1815 1447 donis.
1862 1404 2090 1447 Probatur

408 1512 416 1519 .
450 1490 507 1518 ex
541 1477 672 1519 dictis
705 1477 952 1530 Augustini
978 1489 1128 1529 super
1158 1476 1435 1529 Johannem,
1467 1476 1546 1517 ubi
1576 1475 1701 1529 dicit,
1734 1475 1871 1529 quod,
1905 1475 2090 1528 quando

322 1548 489 1590 dictum
514 1551 585 1590 est
610 1548 764 1590 Petro:
805 1548 907 1589 Tibi
934 1547 1056 1589 dabo
1076 1548 1234 1589 claves
1261 1547 1393 1600 regni
1416 1547 1640 1600 celorum,
1666 1580 1674 1589 .
1710 1580 1719 1588 .
1755 1580 1763 1589 .
1801 1547 1968 1590 Petrus
1992 1545 2090 1588 uni-

321 1632 502 1661 versam
540 1619 772 1672 significat
808 1618 1052 1660 ecclesiam
1091 1652 1099 1660 .
1135 1651 1144 1660 .
1180 1651 1188 1659 .
1239 1618 1307 1659 Ex
1345 1630 1437 1671 quo
1473 1617 1696 1671 sequitur,
1734 1617 1858 1671 quod
1893 1616 2089 1659 ecclesia

322 1690 602 1732 universalis
625 1702 717 1731 non
739 1689 880 1731 habet
902 1689 1058 1732 clave-s
1084 1723 1092 1731 .
1128 1723 1136 1731 .
1173 1722 1181 1730 .
1207 1701 1233 1731 a
1256 1701 1392 1742 papa,
1416 1688 1547 1731 sede
1571 1691 1729 1731 contra
1753 1721 1762 1730 .
1797 1721 1806 1730 .
1842 1725 1849 1732 .

438 1760 691 1802 Undecima
731 1760 979 1802 conclusio.
1034 1759 1240 1802 Ecclesia
1279 1759 1526 1812 katholica,
1568 1758 1864 1801 sufficienter
1904 1770 2091 1812 congre-

322 1835 439 1883 gata,
468 1834 617 1884 potest
646 1832 692 1872 in
722 1831 878 1874 multis
906 1831 1091 1873 casibus
1120 1831 1185 1872 uti
1215 1830 1424 1872 clavibus
1449 1830 1543 1872 sibi
1573 1843 1599 1872 a
1629 1829 1811 1872 Christo
1837 1829 2020 1872 collatis
2049 1831 2093 1871 et

324 1914 489 1954 papam
528 1936 536 1944 .
572 1936 580 1943 .
616 1936 624 1944 .
664 1902 883 1954 iudicare,
921 1901 1155 1955 corrigere
1190 1905 1238 1943 et
1274 1914 1334 1943 ex
1369 1901 1489 1944 iusta
1525 1914 1664 1943 eausa
1702 1900 1956 1954 deponere,
1993 1934 2004 1943 .
2037 1933 2047 1942 .
2081 1932 2090 1942 .

325 1973 430 2025 quia
463 1973 568 2014 licet
601 1974 787 2025 eripere
818 1972 1024 2026 gladium
1057 1973 1113 2014 de
1146 1985 1287 2014 manu
1319 1972 1499 2014 furiosi.
1544 1972 1755 2014 Potestas
1786 1971 1924 2024 enim,
1957 1981 2093 2024 quam

324 2043 461 2085 habet
491 2077 499 2084 .
535 2077 543 2085 .
579 2077 587 2085 .
618 2043 674 2086 ab
704 2043 914 2097 ecclesia,
943 2056 1037 2085 non
1065 2046 1136 2086 est
1160 2043 1253 2085 sibi
1282 2043 1389 2085 data
1417 2043 1474 2085 ab
1504 2043 1702 2085 ecclesia
1731 2042 1790 2084 ad
1818 2041 2092 2084 destruccio-

325 2126 444 2165 nem,
477 2114 560 2155 sed
591 2114 649 2156 ad
679 2114 1032 2156 edificacionem
1064 2148 1073 2156 .
1109 2147 1117 2156 .
1153 2147 1161 2156 .

444 2185 723 2227 Duodecima
776 2185 1022 2227 conclusio.
1087 2184 1380 2227 Universalis
1433 2185 1633 2226 ecclesia
1686 2184 1905 2236 militans,
1957 2194 2092 2236 quam

327 2267 505 2296 sacrum
536 2256 778 2297 concilium
808 2256 1104 2298 sufficienter
1130 2259 1458 2309 congregatum
1487 2257 1796 2308 representat,
1825 2257 1896 2297 est
1922 2253 2095 2307 simpli-

327 2327 439 2367 citer
466 2326 698 2378 loquendo
724 2326 912 2369 maioris
940 2327 1224 2369 auctoritatis
1251 2339 1388 2379 quarn
1416 2339 1549 2379 papa.
1592 2325 1834 2378 Probatur,
1862 2325 1973 2378 quia
2083 2356 2093 2365 .

329 2409 507 2437 sacrum
546 2397 789 2438 concilium
827 2401 979 2450 potest
1016 2398 1173 2439 facere
1212 2397 1570 2439 constituciones
1605 2400 1655 2439 et
1691 2396 1892 2449 decreta,
1929 2394 2095 2449 quibus

330 2480 418 2508 non
446 2467 549 2509 licet
576 2480 695 2520 pape
723 2467 1046 2510 contravenire
1074 2502 1082 2510 .
1118 2502 1126 2510 .
1163 2502 1171 2510 .
1211 2467 1423 2510 Christus
1452 2468 1579 2509 illam
1607 2468 1759 2520 legem
1783 2466 1975 2509 tradidit
1998 2499 2008 2508 .
2042 2497 2052 2507 .
2084 2497 2094 2506 .

330 2537 505 2578 dicens:
550 2538 632 2589 Qui
665 2538 1051 2581 scandalizaverit
1079 2551 1222 2580 unum
1250 2551 1312 2580 ex
1343 2538 1528 2592 pusillis
1557 2538 1659 2580 ristis
1690 2572 1699 2580 .
1735 2571 1743 2580 .
1779 2572 1788 2581 .
1819 2536 2010 2590 expedit
2038 2534 2096 2588 ei,

334 2613 378 2650 ut
411 2609 723 2660 suspendatur
755 2610 876 2651 mola
909 2610 1113 2652 asinaria
1147 2610 1192 2651 in
1226 2610 1346 2652 collo
1375 2610 1478 2652 eius
1511 2612 1554 2651 et
1587 2609 1885 2662 demergatur
1918 2608 1964 2649 in
1994 2618 2096 2660 pro-

333 2678 475 2719 l'undo
507 2679 658 2722 maris.
701 2680 819 2730 Quid
850 2680 986 2733 igitur
1018 2680 1055 2722 si
1087 2693 1208 2733 papa
1235 2680 1578 2722 scandalizaret
1608 2679 1926 2721 universalem
1954 2677 2097 2719 eccle-

333 2748 444 2789 siam
477 2753 521 2790 et
550 2750 632 2791 hoc
663 2750 982 2792 continuaret?
1016 2785 1024 2792 .
1061 2785 1069 2793 .
1105 2785 1113 2793 .
1157 2751 1317 2793 Nonne
1347 2750 1528 2793 veniret
1555 2748 1813 2793 secundum
1843 2748 2097 2803 predictam

334 2819 480 2870 legem
513 2820 808 2870 puniendus‘.>
857 2821 969 2862 Item
996 2822 1139 2863 aliam
1172 2822 1323 2875 legem
1355 2821 1568 2864 Christus
1596 2820 1800 2873 tradidit,
1826 2819 2008 2862 dicens:
2051 2815 2097 2860 Si

334 2889 493 2931 oculus
519 2893 623 2932 tuus
652 2891 1035 2934 scandalizaverit
1062 2895 1121 2944 te,
1146 2892 1305 2945 ¹proice
1335 2892 1418 2934 abs
1445 2896 1505 2935 te.
1545 2892 1673 2945 Papa
1696 2894 1853 2933 autem
1881 2889 2022 2932 habet
2047 2899 2097 2930 se

336 2963 382 3000 ut
409 2960 568 3002 oculus
594 2993 602 3001 .
638 2994 646 3002 .
682 2995 690 3002 .
719 2961 897 3004 debens
925 2975 1007 3005 sua
1035 2962 1335 3015 providencia
1361 2962 1510 3004 fidem
1535 2966 1582 3004 et
1608 2964 1790 3005 sanctos
1818 2972 1973 3003 mores
1996 2969 2098 3001 con-

440 3058 468 3075 a}
492 3051 535 3075 Hs
557 3051 650 3078 unde.
723 3052 755 3080 b>
777 3054 822 3079 Hs
843 3052 983 3086 quidem.
