2227 3434
759 126 850 160 1417
872 125 951 161 Juli
974 127 1018 161 25
1042 147 1083 151 -
1109 126 1255 170 August
1277 127 1309 160 4.
1832 128 1918 170 505

153 257 304 297 ymmo
345 245 491 286 tocius
535 244 661 287 orbis
705 237 956 297 apostolus,
1001 245 1130 286 cuius
1172 244 1311 286 hodie
1355 244 1525 286 festum
1572 249 1727 287 sancta
1773 249 1918 287 mater

153 314 456 367 solempnizat
482 314 692 366 ecclesia,
720 314 796 366 qui
824 315 881 356 ob
908 315 991 356 hoc
1020 315 1165 356 maior
1193 315 1250 356 ab
1277 315 1473 357 ecclesia
1500 320 1793 368 nuncupatur
1822 351 1829 358 .

151 386 301 438 primo
326 386 512 427 racione
539 385 854 437 primordialis
878 386 1152 437 vocacionis,
1177 386 1284 438 quia
1310 386 1431 427 inter
1452 387 1632 438 *primos
1657 387 1714 428 ad
1741 391 1919 439 aposto-

151 456 291 497 latum
318 458 506 498 vocatus
532 459 615 508 est,
643 459 691 497 ut
715 458 841 508 patet
869 455 942 499 Mt.
977 455 1098 508 IIII.,
1126 457 1197 497 vel
1228 457 1432 498 secundo
1458 458 1643 498 racione
1672 457 1918 499 familiaris

149 526 538 578 conversacionis,
576 527 685 579 quia
721 538 805 579 per
842 525 1073 568 Christum
1112 527 1169 568 ad
1207 528 1519 569 secretissima
1555 527 1811 570 ministeria
1849 531 1919 569 est

151 599 429 650 assumptus,
478 601 525 640 ut
572 600 698 649 patet
744 609 802 638 ex
851 596 1050 638 diversis
1097 598 1315 649 passibus
1365 598 1607 650 ewangelii
1660 598 1799 640 Marci
1850 599 1918 650 V.,

153 667 232 710 Mc.
289 667 443 710 XIIII.
501 671 546 709 et
606 668 740 710 Math.
798 667 960 719 XVII,
1018 662 1161 709 tercio
1218 668 1403 710 racione
1463 669 1656 711 martirii
1715 674 1760 712 et
1817 682 1919 722 pas-

150 737 308 790 sionis,
348 739 455 791 quia
497 739 617 780 inter
657 751 818 781 omnes
859 740 1093 791 apostolos
1133 739 1283 780 extitit
1324 740 1667 793 prothomartir,
1706 744 1754 782 ut
1793 743 1918 793 patet

149 807 342 850 Actuum
368 808 472 851 XII.
501 843 509 851 .
545 842 553 850 .
589 843 597 851 .
638 808 848 851 Gaudeat
876 809 1014 862 igitur
1041 809 1158 851 felix
1185 809 1514 862 Hispaniarum
1543 811 1753 863 ecclesia,
1781 823 1917 863 quam

149 879 352 921 salvator
386 879 432 921 in
466 880 617 933 primo
652 879 907 932 primordio
942 880 1176 922 nascentis
1212 881 1409 922 ecclesie
1446 881 1591 923 voluit
1622 882 1734 923 tanti
1771 882 1918 935 patris

148 954 192 992 et
226 950 423 1003 apostoli
456 949 702 1003 privilegio
734 950 938 1003 gloriari,
973 963 1061 1003 que
1096 951 1235 992 velud
1268 952 1429 994 civitas
1464 952 1508 992 in
1543 955 1695 994 monte
1731 952 1918 994 sublimi

147 1021 298 1072 posIta
331 1020 550 1063 abscondi
584 1033 677 1070 non
710 1024 861 1074 potest
894 1021 939 1062 in
972 1021 1169 1064 ecclesia
1203 1022 1430 1064 militante
1464 1026 1655 1075 propter
1688 1036 1770 1065 sue
1803 1022 1917 1064 fidei

148 1090 483 1145 refulgenciam
543 1091 789 1134 radiosam.
865 1092 982 1134 Dicit
1042 1091 1269 1134 Ysidorus
1332 1093 1440 1135 IIII.
1501 1093 1918 1147 ethimologiarum,

146 1162 268 1214 quod
302 1162 347 1203 in
379 1162 606 1215 Hispania
639 1167 746 1205 sunt
777 1166 970 1215 montes,
1004 1163 1081 1216 qui
1112 1167 1305 1216 propter
1336 1164 1731 1216 preeminenciam
1766 1165 1918 1217 singu-

147 1233 293 1275 larem
334 1246 417 1286 pre
460 1234 628 1276 ceteris
670 1234 902 1276 montibus
943 1238 1049 1276 sunt
1091 1235 1327 1277 radiorum
1371 1236 1593 1277 solarium
1637 1239 1915 1289 susceptum.

146 1303 258 1345 Nam
295 1307 543 1357 antequam
581 1305 646 1346 sol
688 1304 834 1346 videri
872 1305 1030 1358 possit,
1069 1306 1115 1347 in
1152 1318 1201 1347 se
1241 1306 1342 1358 ipso
1380 1309 1559 1349 montes
1595 1307 1679 1359 illi,
1718 1306 1916 1360 acceptis

146 1373 289 1416 radiis
319 1374 445 1427 solis,
475 1375 846 1418 circumstantem
877 1374 1140 1418 illuminant
1170 1377 1421 1429 regionem.
1465 1376 1537 1419 Sic
1567 1390 1707 1420 verus
1737 1377 1914 1419 iusticie

146 1445 213 1487 sol
257 1444 470 1488 Christus
515 1479 523 1487 .
559 1479 567 1487 .
603 1480 611 1487 .
656 1458 742 1499 per
786 1446 971 1489 beatum
1016 1447 1238 1489 Jacobum
1284 1481 1291 1489 .
1328 1485 1334 1491 .
1372 1482 1380 1489 .
1425 1447 1632 1489 nobilem
1676 1448 1914 1501 regionem

144 1515 381 1568 Hyspanie
413 1550 421 1558 .
457 1550 465 1558 .
501 1550 509 1558 .
540 1515 788 1559 illustravit
818 1521 863 1559 et
893 1517 1068 1570 absque
1099 1518 1434 1561 ambulacionis
1464 1519 1539 1560 vel
1569 1519 1915 1561 obscuracionis

144 1598 307 1629 occasu
335 1599 483 1640 usque
512 1587 651 1629 hodie
682 1588 912 1631 illuminat
940 1589 1230 1630 incessanter
1259 1623 1266 1630 .
1303 1623 1311 1630 .
1347 1624 1355 1631 .

143 1727 238 1769 Juli
273 1726 341 1770 27.
391 1755 439 1759 —
488 1729 809 1771 ‚Iohannes
879 1729 1247 1781 patriarcha
1318 1730 1912 1783 Constantinopoli-

496 1803 690 1842 tanus.

263 1880 322 1913 lcr
339 1891 368 1912 n·
385 1882 406 1914 ἅ
423 1881 442 1913 le
464 1891 482 1914 η
500 1882 511 1914 Ι
531 1891 541 1915 .·
580 1881 700 1916 Hard!
726 1881 790 1917 11‘,
822 1883 926 1921 1370,·
955 1883 1080 1916 Mans-i
1106 1882 1262 1921 XXI'II,
1293 1883 1389 1917 1142.

259 1951 497 1994 Justum
544 1952 847 1994 iudicium
891 1953 1171 1995 iudicate
1207 1954 1363 2007 (Zach.
1397 1955 1436 2007 7,
1464 1954 1530 2007 9).

144 2080 254 2124 1417
288 2081 466 2135 August
504 2082 538 2124 1.
578 2109 626 2112 —
664 2082 982 2124 lohannes
1038 2083 1106 2125 de
1167 2083 1398 2124 Wellis.

263 2162 388 2196 Tea-l
408 2172 418 2197 .·
463 2164 524 2196 Sle
551 2165 597 2199 ‚33
625 2163 650 2207 Τ.
680 2164 758 2198 5284.

259 2222 321 2263 In
341 2222 364 2263 h
385 2223 500 2265 alt:
553 2222 756 2276 Reform,
793 2222 1008 2266 Simouie.

258 2303 654 2347 Reverendissimi
693 2306 737 2347 in
778 2306 962 2348 Christo
995 2310 1155 2359 patres
1194 2341 1201 2349 .
1238 2341 1246 2348 .
1282 2345 1288 2350 .
1341 2307 1430 2349 Pro
1466 2308 1673 2360 presenti
1714 2308 1909 2349 occurrIt

139 2373 293 2417 thema
329 2376 454 2418 iuxta
489 2377 731 2429 ewangelii
769 2377 982 2419 hodierni
1017 2378 1256 2420 lecturam:
1306 2377 1540 2419 Videris
1586 2379 1909 2419 clvitatem

141 2444 332 2488 flevit
369 2459 518 2499 supe
539 2460 560 2488 r
599 2447 786 2490 illam.
829 2448 920 2490 Hec
947 2449 1090 2490 verba
1117 2449 1382 2490 scribuntur
1410 2449 1530 2491 Luce
1559 2449 1679 2490 XIX.
1709 2450 1909 2502 capitulo

140 2519 184 2557 et
214 2517 450 2559 recitative
483 2517 527 2559 in
561 2519 818 2570 ewangelio
850 2519 1077 2561 dominice
1110 2521 1339 2561 currentis
1372 2553 1379 2561 .
1417 2554 1424 2561 .
1461 2554 1468 2561 .

139 2657 318 2711 August
349 2659 389 2700 4.
428 2686 476 2690 -
513 2659 833 2702 ‚lohannes
882 2660 1281 2713 Huyuo‘netti.

258 2739 383 2773 Tem!
404 2750 414 2774 .·
454 2740 516 2774 Mic·
544 2741 633 2775 5421
657 2742 682 2784 Ῐ.
714 2742 793 2783 1:54,-
827 2743 933 2776 1342]
957 2742 984 2786 f.
1008 2743 1095 2783 2:3²3,-
1122 2743 1189 2776 Pal
1213 2744 1280 2777 593
1304 2745 1328 2786 Ῐ.
1353 2745 1439 2785 :52:2-
1469 2743 1517 2776 'l'e'i
1547 2743 1614 2776 Mc.
1642 2744 1707 2777 :²152
1729 2743 1755 2784 2¹.
1782 2743 1833 2776 72.

259 2797 290 2831 l)
306 2807 360 2831 ru
377 2808 394 2831 c
410 2798 434 2831 1·-
452 2808 463 2832 .·
508 2799 630 2833 Walsh
661 2799 688 2839 l,
713 2803 746 2835 55.
773 2800 851 2834 209.

259 2855 498 2899 Inhalt:
543 2858 651 2899 Fese
684 2859 766 2900 des
800 2859 859 2900 hl.
893 2859 1179 2911 Dominicus,
1214 2859 1415 2912 Reform.

262 2938 367 2980 Mis
383 2951 408 2980 e
425 2951 448 2979 r
462 2952 489 2981 e
503 2953 530 2981 o
545 2952 567 2981 r
613 2952 634 2980 s
653 2953 678 2981 u
694 2952 723 2992 p
738 2952 763 2981 e
781 2953 802 2981 r
849 2943 906 2982 tu
924 2953 946 2982 r
961 2941 989 2982 b
1005 2954 1030 2983 a
1046 2954 1102 2984 m.
1164 2942 1320 2984 Verba
1354 2942 1437 2983 hec
1475 2941 1738 2983 scribuntur
1773 2940 1906 2993 origi-

141 3008 309 3051 naliter
339 3009 477 3052 Marci
504 3010 618 3052 VIII
648 3043 656 3052 .
692 3044 700 3052 .
736 3044 743 3052 .
