<?xml version="1.0" encoding="UTF-8"?>
<!DOCTYPE html PUBLIC "-//W3C//DTD XHTML 1.0 Transitional//EN"
    "http://www.w3.org/TR/xhtml1/DTD/xhtml1-transitional.dtd">
<html xmlns="http://www.w3.org/1999/xhtml" xml:lang="en" lang="en">
 <head>
  <title>
</title>
<meta http-equiv="Content-Type" content="text/html;charset=utf-8" />
  <meta name='ocr-system' content='tesseract 3.04.00' />
  <meta name='ocr-capabilities' content='ocr_page ocr_carea ocr_par ocr_line ocrx_word'/>
</head>
<body>
  <div class='ocr_page' id='page_1' title='image "./actaconciliicons02counuoft/actaconciliicons02counuoft_0057.png"; bbox 0 0 2227 3434; ppageno 0'>
   <div class='ocr_carea' id='block_1_1' title="bbox 556 186 1912 234">
    <p class='ocr_par' dir='ltr' id='par_1_1' title="bbox 556 186 1912 234">
     <span class='ocr_line' id='line_1_1' title="bbox 556 186 1912 234; baseline 0.001 -13"><span class='ocrx_word' id='word_1_1' title='bbox 556 187 600 221; x_wconf 89' lang='lat' dir='ltr'>A.</span> <span class='ocrx_word' id='word_1_2' title='bbox 640 186 838 222; x_wconf 82' lang='lat' dir='ltr'>Fillastres</span> <span class='ocrx_word' id='word_1_3' title='bbox 867 187 982 222; x_wconf 87' lang='lat' dir='ltr'>Gesta</span> <span class='ocrx_word' id='word_1_4' title='bbox 1009 187 1161 222; x_wconf 89' lang='lat' dir='ltr'>concilii</span> <span class='ocrx_word' id='word_1_5' title='bbox 1187 187 1501 223; x_wconf 88' lang='lat' dir='ltr'>Constantiensis.</span> <span class='ocrx_word' id='word_1_6' title='bbox 1856 192 1912 234; x_wconf 85' lang='lat'>43</span> 
     </span>
    </p>
   </div>
   <div class='ocr_carea' id='block_1_2' title="bbox 141 306 1914 2982">
    <p class='ocr_par' dir='ltr' id='par_1_2' title="bbox 141 306 1914 2060">
     <span class='ocr_line' id='line_1_2' title="bbox 146 306 1913 362; baseline 0.001 -14"><span class='ocrx_word' id='word_1_7' title='bbox 146 307 280 348; x_wconf 88' lang='lat' dir='ltr'>sitam</span> <span class='ocrx_word' id='word_1_8' title='bbox 319 306 507 359; x_wconf 80' lang='lat' dir='ltr'>plenius</span> <span class='ocrx_word' id='word_1_9' title='bbox 547 317 701 358; x_wconf 88' lang='lat' dir='ltr'>agere,</span> <span class='ocrx_word' id='word_1_10' title='bbox 741 306 872 348; x_wconf 92' lang='lat' dir='ltr'>cuius</span> <span class='ocrx_word' id='word_1_11' title='bbox 912 307 1193 348; x_wconf 88' lang='lat' dir='ltr'>contrarium</span> <span class='ocrx_word' id='word_1_12' title='bbox 1233 308 1475 362; x_wconf 65' lang='lat' dir='ltr'>potuerita)</span> <span class='ocrx_word' id='word_1_13' title='bbox 1517 309 1738 361; x_wconf 86' lang='lat' dir='ltr'>experiri.</span> <span class='ocrx_word' id='word_1_14' title='bbox 1796 309 1913 351; x_wconf 89' lang='lat' dir='ltr'>Malo</span> 
     </span>
     <span class='ocr_line' id='line_1_3' title="bbox 145 376 1912 431; baseline 0.002 -14"><span class='ocrx_word' id='word_1_15' title='bbox 145 376 319 429; x_wconf 84' lang='lat' dir='ltr'>quippe</span> <span class='ocrx_word' id='word_1_16' title='bbox 353 389 480 418; x_wconf 89' lang='lat' dir='ltr'>meas</span> <span class='ocrx_word' id='word_1_17' title='bbox 513 376 752 429; x_wconf 83' lang='lat' dir='ltr'>pacienter</span> <span class='ocrx_word' id='word_1_18' title='bbox 785 376 843 418; x_wconf 93' lang='lat' dir='ltr'>ad</span> <span class='ocrx_word' id='word_1_19' title='bbox 876 380 1060 430; x_wconf 90' lang='lat' dir='ltr'>tempus</span> <span class='ocrx_word' id='word_1_20' title='bbox 1093 377 1288 420; x_wconf 91' lang='lat' dir='ltr'>iniurias</span> <span class='ocrx_word' id='word_1_21' title='bbox 1321 379 1558 430; x_wconf 81' lang='lat' dir='ltr'>tollerare,</span> <span class='ocrx_word' id='word_1_22' title='bbox 1592 391 1673 431; x_wconf 91' lang='lat' dir='ltr'>spe</span> <span class='ocrx_word' id='word_1_23' title='bbox 1709 380 1912 431; x_wconf 90' lang='lat' dir='ltr'>reposita</span> 
     </span>
     <span class='ocr_line' id='line_1_4' title="bbox 145 447 1912 502; baseline 0.002 -14"><span class='ocrx_word' id='word_1_24' title='bbox 145 459 292 500; x_wconf 89' lang='lat' dir='ltr'>penes</span> <span class='ocrx_word' id='word_1_25' title='bbox 327 447 617 499; x_wconf 90' lang='lat' dir='ltr'>altissimum,</span> <span class='ocrx_word' id='word_1_26' title='bbox 652 447 729 500; x_wconf 90' lang='lat' dir='ltr'>qui</span> <span class='ocrx_word' id='word_1_27' title='bbox 765 448 930 500; x_wconf 90' lang='lat' dir='ltr'>cuique</span> <span class='ocrx_word' id='word_1_28' title='bbox 965 448 1126 489; x_wconf 81' lang='lat' dir='ltr'>tribuit</span> <span class='ocrx_word' id='word_1_29' title='bbox 1159 449 1338 500; x_wconf 92' lang='lat' dir='ltr'>merita,</span> <span class='ocrx_word' id='word_1_30' title='bbox 1374 461 1511 501; x_wconf 91' lang='lat' dir='ltr'>quam</span> <span class='ocrx_word' id='word_1_31' title='bbox 1546 462 1631 502; x_wconf 90' lang='lat' dir='ltr'>per</span> <span class='ocrx_word' id='word_1_32' title='bbox 1666 450 1912 499; x_wconf 78' lang='lat' dir='ltr'>vindictam</span> 
     </span>
     <span class='ocr_line' id='line_1_5' title="bbox 145 518 1911 570; baseline 0.002 -11"><span class='ocrx_word' id='word_1_33' title='bbox 145 519 389 560; x_wconf 92' lang='lat' dir='ltr'>concilium</span> <span class='ocrx_word' id='word_1_34' title='bbox 432 518 714 560; x_wconf 87' lang='lat' dir='ltr'>universalis</span> <span class='ocrx_word' id='word_1_35' title='bbox 756 519 969 570; x_wconf 80' lang='lat' dir='ltr'>ecclesie,</span> <span class='ocrx_word' id='word_1_36' title='bbox 1011 522 1213 561; x_wconf 88' lang='lat' dir='ltr'>vestram</span> <span class='ocrx_word' id='word_1_37' title='bbox 1257 520 1546 562; x_wconf 91' lang='lat' dir='ltr'>maiestatem</span> <span class='ocrx_word' id='word_1_38' title='bbox 1589 524 1633 561; x_wconf 91' lang='lat' dir='ltr'>et</span> <span class='ocrx_word' id='word_1_39' title='bbox 1677 521 1911 562; x_wconf 92' lang='lat' dir='ltr'>dominum</span> 
     </span>
     <span class='ocr_line' id='line_1_6' title="bbox 145 589 1911 643; baseline 0.001 -13"><span class='ocrx_word' id='word_1_40' title='bbox 145 601 298 630; x_wconf 92' lang='lat' dir='ltr'>meum</span> <span class='ocrx_word' id='word_1_41' title='bbox 317 589 576 641; x_wconf 89' lang='lat' dir='ltr'>predictum</span> <span class='ocrx_word' id='word_1_42' title='bbox 598 589 754 631; x_wconf 89' lang='lat' dir='ltr'>taliter</span> <span class='ocrx_word' id='word_1_43' title='bbox 776 589 975 642; x_wconf 91' lang='lat' dir='ltr'>irritare,</span> <span class='ocrx_word' id='word_1_44' title='bbox 997 589 1166 642; x_wconf 92' lang='lat' dir='ltr'>quibus</span> <span class='ocrx_word' id='word_1_45' title='bbox 1187 589 1234 630; x_wconf 92' lang='lat' dir='ltr'>in</span> <span class='ocrx_word' id='word_1_46' title='bbox 1256 602 1306 631; x_wconf 91' lang='lat' dir='ltr'>se</span> <span class='ocrx_word' id='word_1_47' title='bbox 1329 591 1519 642; x_wconf 90' lang='lat' dir='ltr'>suisque</span> <span class='ocrx_word' id='word_1_48' title='bbox 1542 590 1696 632; x_wconf 90' lang='lat' dir='ltr'>missis</span> <span class='ocrx_word' id='word_1_49' title='bbox 1718 591 1911 643; x_wconf 88' lang='lat' dir='ltr'>obsequi</span> 
     </span>
     <span class='ocr_line' id='line_1_7' title="bbox 144 659 1912 714; baseline 0.001 -13"><span class='ocrx_word' id='word_1_50' title='bbox 144 662 308 701; x_wconf 87' lang='lat' dir='ltr'>teneor</span> <span class='ocrx_word' id='word_1_51' title='bbox 329 662 375 701; x_wconf 92' lang='lat' dir='ltr'>et</span> <span class='ocrx_word' id='word_1_52' title='bbox 398 660 503 701; x_wconf 91' lang='lat' dir='ltr'>volo</span> <span class='ocrx_word' id='word_1_53' title='bbox 526 672 619 702; x_wconf 93' lang='lat' dir='ltr'>non</span> <span class='ocrx_word' id='word_1_54' title='bbox 644 659 898 702; x_wconf 90' lang='lat' dir='ltr'>adversari.</span> <span class='ocrx_word' id='word_1_55' title='bbox 936 660 1228 713; x_wconf 82' lang='lat' dir='ltr'>Quapropter</span> <span class='ocrx_word' id='word_1_56' title='bbox 1252 660 1310 702; x_wconf 93' lang='lat' dir='ltr'>ad</span> <span class='ocrx_word' id='word_1_57' title='bbox 1336 661 1487 703; x_wconf 88' lang='lat' dir='ltr'>statim</span> <span class='ocrx_word' id='word_1_58' title='bbox 1511 662 1645 703; x_wconf 86' lang='lat' dir='ltr'>novis</span> <span class='ocrx_word' id='word_1_59' title='bbox 1669 662 1912 714; x_wconf 81' lang='lat' dir='ltr'>premissis</span> 
     </span>
     <span class='ocr_line' id='line_1_8' title="bbox 144 730 1914 785; baseline 0.001 -13"><span class='ocrx_word' id='word_1_60' title='bbox 144 730 358 773; x_wconf 90' lang='lat' dir='ltr'>dolenter</span> <span class='ocrx_word' id='word_1_61' title='bbox 392 730 639 784; x_wconf 89' lang='lat' dir='ltr'>acceptatis</span> <span class='ocrx_word' id='word_1_62' title='bbox 672 730 866 773; x_wconf 87' lang='lat' dir='ltr'>nuncios</span> <span class='ocrx_word' id='word_1_63' title='bbox 900 730 1016 783; x_wconf 93' lang='lat' dir='ltr'>misi,</span> <span class='ocrx_word' id='word_1_64' title='bbox 1051 744 1137 784; x_wconf 89' lang='lat' dir='ltr'>per</span> <span class='ocrx_word' id='word_1_65' title='bbox 1171 744 1286 784; x_wconf 92' lang='lat' dir='ltr'>quos</span> <span class='ocrx_word' id='word_1_66' title='bbox 1322 731 1656 773; x_wconf 86' lang='lat' dir='ltr'>instantissime</span> <span class='ocrx_word' id='word_1_67' title='bbox 1691 732 1914 785; x_wconf 82' lang='lat' dir='ltr'>requisivi</span> 
     </span>
     <span class='ocr_line' id='line_1_9' title="bbox 144 801 1914 855; baseline 0 -12"><span class='ocrx_word' id='word_1_68' title='bbox 144 801 451 854; x_wconf 87' lang='lat' dir='ltr'>captivatores</span> <span class='ocrx_word' id='word_1_69' title='bbox 492 801 716 854; x_wconf 82' lang='lat' dir='ltr'>prefatos,</span> <span class='ocrx_word' id='word_1_70' title='bbox 758 805 987 854; x_wconf 90' lang='lat' dir='ltr'>quatenus</span> <span class='ocrx_word' id='word_1_71' title='bbox 1030 802 1119 854; x_wconf 92' lang='lat' dir='ltr'>ipsi</span> <span class='ocrx_word' id='word_1_72' title='bbox 1162 815 1263 844; x_wconf 93' lang='lat' dir='ltr'>cum</span> <span class='ocrx_word' id='word_1_73' title='bbox 1307 802 1403 844; x_wconf 91' lang='lat' dir='ltr'>suis</span> <span class='ocrx_word' id='word_1_74' title='bbox 1446 802 1579 844; x_wconf 90' lang='lat' dir='ltr'>bonis</span> <span class='ocrx_word' id='word_1_75' title='bbox 1624 802 1914 855; x_wconf 84' lang='lat' dir='ltr'>integraliter</span> 
     </span>
     <span class='ocr_line' id='line_1_10' title="bbox 143 871 1913 926; baseline 0.001 -12"><span class='ocrx_word' id='word_1_76' title='bbox 143 871 459 914; x_wconf 85' lang='lat' dir='ltr'>liberarentur</span> <span class='ocrx_word' id='word_1_77' title='bbox 497 872 952 925; x_wconf 89' lang='lat' dir='ltr'>comminacionibus,</span> <span class='ocrx_word' id='word_1_78' title='bbox 995 873 1032 915; x_wconf 91' lang='lat' dir='ltr'>si</span> <span class='ocrx_word' id='word_1_79' title='bbox 1072 885 1165 915; x_wconf 92' lang='lat' dir='ltr'>non</span> <span class='ocrx_word' id='word_1_80' title='bbox 1206 874 1570 926; x_wconf 84' lang='lat' dir='ltr'>acquiescerent,</span> <span class='ocrx_word' id='word_1_81' title='bbox 1610 873 1913 926; x_wconf 92' lang='lat' dir='ltr'>possibilibus</span> 
     </span>
     <span class='ocr_line' id='line_1_11' title="bbox 143 942 1913 996; baseline 0.001 -12"><span class='ocrx_word' id='word_1_82' title='bbox 143 954 236 984; x_wconf 92' lang='lat' dir='ltr'>non</span> <span class='ocrx_word' id='word_1_83' title='bbox 262 942 493 985; x_wconf 90' lang='lat' dir='ltr'>obmissis.</span> <span class='ocrx_word' id='word_1_84' title='bbox 530 943 571 984; x_wconf 90' lang='lat' dir='ltr'><strong>A</strong></span> <span class='ocrx_word' id='word_1_85' title='bbox 597 942 765 995; x_wconf 91' lang='lat' dir='ltr'>quibus</span> <span class='ocrx_word' id='word_1_86' title='bbox 792 955 893 984; x_wconf 90' lang='lat' dir='ltr'>cum</span> <span class='ocrx_word' id='word_1_87' title='bbox 922 943 1100 996; x_wconf 89' lang='lat' dir='ltr'>magnis</span> <span class='ocrx_word' id='word_1_88' title='bbox 1127 943 1368 985; x_wconf 88' lang='lat' dir='ltr'>laboribus</span> <span class='ocrx_word' id='word_1_89' title='bbox 1395 947 1440 985; x_wconf 91' lang='lat' dir='ltr'>et</span> <span class='ocrx_word' id='word_1_90' title='bbox 1466 944 1543 985; x_wconf 84' lang='lat' dir='ltr'>vix</span> <span class='ocrx_word' id='word_1_91' title='bbox 1570 944 1763 996; x_wconf 89' lang='lat' dir='ltr'>obtinui,</span> <span class='ocrx_word' id='word_1_92' title='bbox 1791 944 1913 996; x_wconf 93' lang='lat' dir='ltr'>quod</span> 
     </span>
     <span class='ocr_line' id='line_1_12' title="bbox 145 1013 1913 1057; baseline 0.001 -2"><span class='ocrx_word' id='word_1_93' title='bbox 145 1013 358 1056; x_wconf 90' lang='lat' dir='ltr'>detentos</span> <span class='ocrx_word' id='word_1_94' title='bbox 399 1026 500 1055; x_wconf 93' lang='lat' dir='ltr'>cum</span> <span class='ocrx_word' id='word_1_95' title='bbox 543 1014 641 1056; x_wconf 91' lang='lat' dir='ltr'>suis</span> <span class='ocrx_word' id='word_1_96' title='bbox 683 1014 898 1056; x_wconf 91' lang='lat' dir='ltr'>omnibus</span> <span class='ocrx_word' id='word_1_97' title='bbox 941 1014 1218 1056; x_wconf 90' lang='lat' dir='ltr'>liberabant.</span> <span class='ocrx_word' id='word_1_98' title='bbox 1275 1013 1321 1056; x_wconf 85' lang='lat' dir='ltr'>Si</span> <span class='ocrx_word' id='word_1_99' title='bbox 1364 1017 1519 1056; x_wconf 86' lang='lat' dir='ltr'>vestra</span> <span class='ocrx_word' id='word_1_100' title='bbox 1560 1015 1787 1057; x_wconf 82' lang='lat' dir='ltr'>celsitudo</span> <span class='ocrx_word' id='word_1_101' title='bbox 1831 1027 1913 1057; x_wconf 92' lang='lat' dir='ltr'>sua</span> 
     </span>
     <span class='ocr_line' id='line_1_13' title="bbox 144 1084 1913 1138; baseline 0.001 -12"><span class='ocrx_word' id='word_1_102' title='bbox 144 1085 381 1127; x_wconf 89' lang='lat' dir='ltr'>sanctione</span> <span class='ocrx_word' id='word_1_103' title='bbox 402 1085 734 1138; x_wconf 88' lang='lat' dir='ltr'>regalibusque</span> <span class='ocrx_word' id='word_1_104' title='bbox 756 1084 905 1126; x_wconf 92' lang='lat' dir='ltr'>literis</span> <span class='ocrx_word' id='word_1_105' title='bbox 924 1085 1245 1138; x_wconf 88' lang='lat' dir='ltr'>impunitatem</span> <span class='ocrx_word' id='word_1_106' title='bbox 1266 1085 1406 1127; x_wconf 91' lang='lat' dir='ltr'>donet</span> <span class='ocrx_word' id='word_1_107' title='bbox 1426 1085 1655 1137; x_wconf 91' lang='lat' dir='ltr'>omnibus,</span> <span class='ocrx_word' id='word_1_108' title='bbox 1676 1086 1755 1138; x_wconf 91' lang='lat' dir='ltr'>qui</span> <span class='ocrx_word' id='word_1_109' title='bbox 1775 1086 1913 1128; x_wconf 89' lang='lat' dir='ltr'>huius</span> 
     </span>
     <span class='ocr_line' id='line_1_14' title="bbox 143 1155 1913 1208; baseline 0.001 -11"><span class='ocrx_word' id='word_1_110' title='bbox 143 1155 251 1198; x_wconf 85' lang='lat' dir='ltr'>facti</span> <span class='ocrx_word' id='word_1_111' title='bbox 274 1155 553 1198; x_wconf 86' lang='lat' dir='ltr'>exstiterunt</span> <span class='ocrx_word' id='word_1_112' title='bbox 574 1159 768 1208; x_wconf 88' lang='lat' dir='ltr'>actores,</span> <span class='ocrx_word' id='word_1_113' title='bbox 789 1156 874 1197; x_wconf 90' lang='lat' dir='ltr'>hec</span> <span class='ocrx_word' id='word_1_114' title='bbox 896 1159 1051 1197; x_wconf 80' lang='lat' dir='ltr'>vestre</span> <span class='ocrx_word' id='word_1_115' title='bbox 1075 1156 1314 1198; x_wconf 90' lang='lat' dir='ltr'>serenitati</span> <span class='ocrx_word' id='word_1_116' title='bbox 1336 1156 1536 1198; x_wconf 91' lang='lat' dir='ltr'>celerius</span> <span class='ocrx_word' id='word_1_117' title='bbox 1558 1156 1761 1208; x_wconf 85' lang='lat' dir='ltr'>notifico,</span> <span class='ocrx_word' id='word_1_118' title='bbox 1783 1157 1913 1198; x_wconf 92' lang='lat' dir='ltr'>cuius</span> 
     </span>
     <span class='ocr_line' id='line_1_15' title="bbox 142 1226 1913 1280; baseline -0.001 -11"><span class='ocrx_word' id='word_1_119' title='bbox 142 1227 290 1280; x_wconf 89' lang='lat' dir='ltr'>gratia</span> <span class='ocrx_word' id='word_1_120' title='bbox 314 1230 575 1269; x_wconf 88' lang='lat' dir='ltr'>carceratos</span> <span class='ocrx_word' id='word_1_121' title='bbox 598 1226 768 1280; x_wconf 90' lang='lat' dir='ltr'>poterit</span> <span class='ocrx_word' id='word_1_122' title='bbox 793 1227 1013 1279; x_wconf 77' lang='lat' dir='ltr'>liberare,</span> <span class='ocrx_word' id='word_1_123' title='bbox 1038 1230 1192 1269; x_wconf 84' lang='lat' dir='ltr'>vestre</span> <span class='ocrx_word' id='word_1_124' title='bbox 1218 1228 1446 1269; x_wconf 89' lang='lat' dir='ltr'>maiestati</span> <span class='ocrx_word' id='word_1_125' title='bbox 1473 1228 1743 1280; x_wconf 91' lang='lat' dir='ltr'>supplicans</span> <span class='ocrx_word' id='word_1_126' title='bbox 1767 1227 1913 1268; x_wconf 91' lang='lat' dir='ltr'>humi-</span> 
     </span>
     <span class='ocr_line' id='line_1_16' title="bbox 143 1297 1912 1351; baseline 0 -12"><span class='ocrx_word' id='word_1_127' title='bbox 143 1297 263 1350; x_wconf 91' lang='lat' dir='ltr'>liter,</span> <span class='ocrx_word' id='word_1_128' title='bbox 301 1301 544 1351; x_wconf 91' lang='lat' dir='ltr'>quatenus,</span> <span class='ocrx_word' id='word_1_129' title='bbox 582 1298 619 1340; x_wconf 92' lang='lat' dir='ltr'>si</span> <span class='ocrx_word' id='word_1_130' title='bbox 656 1298 734 1351; x_wconf 92' lang='lat' dir='ltr'>qui</span> <span class='ocrx_word' id='word_1_131' title='bbox 772 1298 978 1340; x_wconf 84' lang='lat' dir='ltr'>malivoli</span> <span class='ocrx_word' id='word_1_132' title='bbox 1015 1299 1260 1350; x_wconf 85' lang='lat' dir='ltr'>premissa,</span> <span class='ocrx_word' id='word_1_133' title='bbox 1298 1310 1387 1350; x_wconf 88' lang='lat' dir='ltr'>que</span> <span class='ocrx_word' id='word_1_134' title='bbox 1425 1299 1654 1340; x_wconf 86' lang='lat' dir='ltr'>veraciter</span> <span class='ocrx_word' id='word_1_135' title='bbox 1691 1298 1912 1349; x_wconf 91' lang='lat' dir='ltr'>rescribo,</span> 
     </span>
     <span class='ocr_line' id='line_1_17' title="bbox 142 1369 1913 1422; baseline -0.001 -11"><span class='ocrx_word' id='word_1_136' title='bbox 142 1369 448 1422; x_wconf 88' lang='lat' dir='ltr'>calumpniari</span> <span class='ocrx_word' id='word_1_137' title='bbox 483 1370 559 1411; x_wconf 85' lang='lat' dir='ltr'>vel</span> <span class='ocrx_word' id='word_1_138' title='bbox 595 1369 895 1422; x_wconf 88' lang='lat' dir='ltr'>interpretari</span> <span class='ocrx_word' id='word_1_139' title='bbox 932 1370 1121 1411; x_wconf 90' lang='lat' dir='ltr'>sinistre</span> <span class='ocrx_word' id='word_1_140' title='bbox 1156 1372 1381 1410; x_wconf 92' lang='lat' dir='ltr'>conentur</span> <span class='ocrx_word' id='word_1_141' title='bbox 1415 1369 1686 1422; x_wconf 83' lang='lat' dir='ltr'>gaudentes,</span> <span class='ocrx_word' id='word_1_142' title='bbox 1725 1370 1763 1410; x_wconf 93' lang='lat' dir='ltr'>si</span> <span class='ocrx_word' id='word_1_143' title='bbox 1801 1369 1913 1421; x_wconf 90' lang='lat' dir='ltr'>quid</span> 
     </span>
     <span class='ocr_line' id='line_1_18' title="bbox 141 1438 1913 1493; baseline -0.001 -11"><span class='ocrx_word' id='word_1_144' title='bbox 141 1453 200 1482; x_wconf 89' lang='lat' dir='ltr'>ex</span> <span class='ocrx_word' id='word_1_145' title='bbox 222 1441 526 1493; x_wconf 88' lang='lat' dir='ltr'>asperacione</span> <span class='ocrx_word' id='word_1_146' title='bbox 541 1453 643 1482; x_wconf 91' lang='lat' dir='ltr'>cum</span> <span class='ocrx_word' id='word_1_147' title='bbox 659 1438 889 1493; x_wconf 68' lang='lat' dir='ltr'>graviusb)</span> <span class='ocrx_word' id='word_1_148' title='bbox 908 1443 1063 1482; x_wconf 87' lang='lat' dir='ltr'>vestre</span> <span class='ocrx_word' id='word_1_149' title='bbox 1080 1439 1344 1482; x_wconf 90' lang='lat' dir='ltr'>celsitudini</span> <span class='ocrx_word' id='word_1_150' title='bbox 1359 1439 1543 1482; x_wconf 82' lang='lat' dir='ltr'>referre</span> <span class='ocrx_word' id='word_1_151' title='bbox 1559 1440 1760 1492; x_wconf 88' lang='lat' dir='ltr'>valeant,</span> <span class='ocrx_word' id='word_1_152' title='bbox 1775 1438 1913 1481; x_wconf 90' lang='lat' dir='ltr'>fidem</span> 
     </span>
     <span class='ocr_line' id='line_1_19' title="bbox 142 1510 1913 1563; baseline -0.001 -10"><span class='ocrx_word' id='word_1_153' title='bbox 142 1523 235 1553; x_wconf 92' lang='lat' dir='ltr'>non</span> <span class='ocrx_word' id='word_1_154' title='bbox 271 1510 489 1553; x_wconf 90' lang='lat' dir='ltr'>adhibeat</span> <span class='ocrx_word' id='word_1_155' title='bbox 525 1514 595 1553; x_wconf 90' lang='lat' dir='ltr'>set</span> <span class='ocrx_word' id='word_1_156' title='bbox 630 1511 785 1553; x_wconf 88' lang='lat' dir='ltr'>sciatis</span> <span class='ocrx_word' id='word_1_157' title='bbox 823 1511 1154 1563; x_wconf 89' lang='lat' dir='ltr'>indubitanter,</span> <span class='ocrx_word' id='word_1_158' title='bbox 1192 1511 1314 1563; x_wconf 91' lang='lat' dir='ltr'>quod</span> <span class='ocrx_word' id='word_1_159' title='bbox 1351 1511 1397 1551; x_wconf 94' lang='lat' dir='ltr'>in</span> <span class='ocrx_word' id='word_1_160' title='bbox 1434 1511 1646 1563; x_wconf 91' lang='lat' dir='ltr'>captione</span> <span class='ocrx_word' id='word_1_161' title='bbox 1683 1511 1913 1563; x_wconf 89' lang='lat' dir='ltr'>premissa</span> 
     </span>
     <span class='ocr_line' id='line_1_20' title="bbox 141 1580 1913 1635; baseline -0.001 -11"><span class='ocrx_word' id='word_1_162' title='bbox 141 1582 276 1635; x_wconf 91' lang='lat' dir='ltr'>culpa</span> <span class='ocrx_word' id='word_1_163' title='bbox 307 1582 435 1624; x_wconf 90' lang='lat' dir='ltr'>carui</span> <span class='ocrx_word' id='word_1_164' title='bbox 467 1585 514 1624; x_wconf 93' lang='lat' dir='ltr'>et</span> <span class='ocrx_word' id='word_1_165' title='bbox 543 1581 877 1624; x_wconf 89' lang='lat' dir='ltr'>liberacionem</span> <span class='ocrx_word' id='word_1_166' title='bbox 909 1581 1015 1624; x_wconf 91' lang='lat' dir='ltr'>totis</span> <span class='ocrx_word' id='word_1_167' title='bbox 1047 1581 1224 1623; x_wconf 90' lang='lat' dir='ltr'>viribus</span> <span class='ocrx_word' id='word_1_168' title='bbox 1256 1581 1512 1634; x_wconf 79' lang='lat' dir='ltr'>perquisivi</span> <span class='ocrx_word' id='word_1_169' title='bbox 1545 1581 1761 1633; x_wconf 89' lang='lat' dir='ltr'>quodque</span> <span class='ocrx_word' id='word_1_170' title='bbox 1794 1580 1913 1622; x_wconf 93' lang='lat' dir='ltr'>dicto</span> 
     </span>
     <span class='ocr_line' id='line_1_21' title="bbox 142 1652 1912 1706; baseline -0.001 -11"><span class='ocrx_word' id='word_1_171' title='bbox 142 1664 274 1695; x_wconf 88' lang='lat' dir='ltr'>sacro</span> <span class='ocrx_word' id='word_1_172' title='bbox 307 1653 516 1706; x_wconf 92' lang='lat' dir='ltr'>concilio,</span> <span class='ocrx_word' id='word_1_173' title='bbox 551 1656 706 1694; x_wconf 89' lang='lat' dir='ltr'>vestre</span> <span class='ocrx_word' id='word_1_174' title='bbox 740 1653 969 1694; x_wconf 90' lang='lat' dir='ltr'>maiestati</span> <span class='ocrx_word' id='word_1_175' title='bbox 1003 1656 1047 1694; x_wconf 88' lang='lat' dir='ltr'>et</span> <span class='ocrx_word' id='word_1_176' title='bbox 1080 1652 1264 1706; x_wconf 82' lang='lat' dir='ltr'>prefato</span> <span class='ocrx_word' id='word_1_177' title='bbox 1299 1652 1485 1694; x_wconf 90' lang='lat' dir='ltr'>domino</span> <span class='ocrx_word' id='word_1_178' title='bbox 1520 1664 1622 1694; x_wconf 92' lang='lat' dir='ltr'>meo</span> <span class='ocrx_word' id='word_1_179' title='bbox 1657 1652 1703 1693; x_wconf 93' lang='lat' dir='ltr'>in</span> <span class='ocrx_word' id='word_1_180' title='bbox 1738 1652 1912 1693; x_wconf 91' lang='lat' dir='ltr'>cunctis</span> 
     </span>
     <span class='ocr_line' id='line_1_22' title="bbox 141 1722 1911 1777; baseline -0.002 -10"><span class='ocrx_word' id='word_1_181' title='bbox 141 1724 446 1777; x_wconf 91' lang='lat' dir='ltr'>possibilibus</span> <span class='ocrx_word' id='word_1_182' title='bbox 471 1724 760 1777; x_wconf 90' lang='lat' dir='ltr'>complacere</span> <span class='ocrx_word' id='word_1_183' title='bbox 784 1725 956 1765; x_wconf 91' lang='lat' dir='ltr'>vellem</span> <span class='ocrx_word' id='word_1_184' title='bbox 981 1727 1117 1776; x_wconf 90' lang='lat' dir='ltr'>atque</span> <span class='ocrx_word' id='word_1_185' title='bbox 1143 1723 1334 1766; x_wconf 89' lang='lat' dir='ltr'>servire.</span> <span class='ocrx_word' id='word_1_186' title='bbox 1372 1723 1587 1765; x_wconf 90' lang='lat' dir='ltr'>Vestram</span> <span class='ocrx_word' id='word_1_187' title='bbox 1612 1722 1911 1765; x_wconf 87' lang='lat' dir='ltr'>serenitatem</span> 
     </span>
     <span class='ocr_line' id='line_1_23' title="bbox 141 1793 1910 1848; baseline -0.001 -12"><span class='ocrx_word' id='word_1_188' title='bbox 141 1798 385 1837; x_wconf 91' lang='lat' dir='ltr'>conservet</span> <span class='ocrx_word' id='word_1_189' title='bbox 408 1795 662 1838; x_wconf 88' lang='lat' dir='ltr'>altissimus</span> <span class='ocrx_word' id='word_1_190' title='bbox 684 1798 730 1837; x_wconf 92' lang='lat' dir='ltr'>et</span> <span class='ocrx_word' id='word_1_191' title='bbox 751 1795 905 1848; x_wconf 90' lang='lat' dir='ltr'>cupita</span> <span class='ocrx_word' id='word_1_192' title='bbox 927 1794 1162 1848; x_wconf 88' lang='lat' dir='ltr'>provehat</span> <span class='ocrx_word' id='word_1_193' title='bbox 1177 1794 1235 1836; x_wconf 93' lang='lat' dir='ltr'>ad</span> <span class='ocrx_word' id='word_1_194' title='bbox 1258 1797 1425 1835; x_wconf 89' lang='lat' dir='ltr'>votum.</span> <span class='ocrx_word' id='word_1_195' title='bbox 1462 1793 1691 1847; x_wconf 86' lang='lat' dir='ltr'>Scriptum</span> <span class='ocrx_word' id='word_1_196' title='bbox 1717 1793 1910 1835; x_wconf 83' lang='lat' dir='ltr'>Divione</span> 
     </span>
     <span class='ocr_line' id='line_1_24' title="bbox 142 1863 1912 1916; baseline -0.001 -9"><span class='ocrx_word' id='word_1_197' title='bbox 142 1865 216 1908; x_wconf 94' lang='lat' dir='ltr'>die</span> <span class='ocrx_word' id='word_1_198' title='bbox 249 1864 404 1907; x_wconf 91' lang='lat' dir='ltr'>XIIII.</span> <span class='ocrx_word' id='word_1_199' title='bbox 439 1865 613 1908; x_wconf 92' lang='lat' dir='ltr'>mensis</span> <span class='ocrx_word' id='word_1_200' title='bbox 646 1865 786 1907; x_wconf 82' lang='lat' dir='ltr'>Junii.</span> <span class='ocrx_word' id='word_1_201' title='bbox 831 1865 1000 1907; x_wconf 89' lang='lat' dir='ltr'>Vestre</span> <span class='ocrx_word' id='word_1_202' title='bbox 1034 1865 1289 1907; x_wconf 89' lang='lat' dir='ltr'>maiestatis</span> <span class='ocrx_word' id='word_1_203' title='bbox 1321 1864 1609 1906; x_wconf 92' lang='lat' dir='ltr'>humillimus</span> <span class='ocrx_word' id='word_1_204' title='bbox 1642 1863 1912 1916; x_wconf 87' lang='lat' dir='ltr'>consangui-</span> 
     </span>
     <span class='ocr_line' id='line_1_25' title="bbox 141 1935 1911 1988; baseline -0.002 -10"><span class='ocrx_word' id='word_1_205' title='bbox 141 1948 259 1979; x_wconf 89' lang='lat' dir='ltr'>neus</span> <span class='ocrx_word' id='word_1_206' title='bbox 298 1936 505 1979; x_wconf 85' lang='lat' dir='ltr'>Joannes</span> <span class='ocrx_word' id='word_1_207' title='bbox 545 1936 639 1978; x_wconf 82' lang='lat' dir='ltr'>dux</span> <span class='ocrx_word' id='word_1_208' title='bbox 678 1935 962 1988; x_wconf 87' lang='lat' dir='ltr'>Burgundie,</span> <span class='ocrx_word' id='word_1_209' title='bbox 1002 1948 1155 1978; x_wconf 90' lang='lat' dir='ltr'>comes</span> <span class='ocrx_word' id='word_1_210' title='bbox 1195 1935 1430 1987; x_wconf 89' lang='lat' dir='ltr'>Flandrie,</span> <span class='ocrx_word' id='word_1_211' title='bbox 1470 1935 1674 1977; x_wconf 85' lang='lat' dir='ltr'>Arthesii</span> <span class='ocrx_word' id='word_1_212' title='bbox 1716 1938 1761 1977; x_wconf 92' lang='lat' dir='ltr'>et</span> <span class='ocrx_word' id='word_1_213' title='bbox 1800 1935 1911 1976; x_wconf 85' lang='lat' dir='ltr'>Bur-</span> 
     </span>
     <span class='ocr_line' id='line_1_26' title="bbox 141 2006 648 2060; baseline 0.002 -12"><span class='ocrx_word' id='word_1_214' title='bbox 141 2007 326 2060; x_wconf 86' lang='lat' dir='ltr'>gundie.</span> <span class='ocrx_word' id='word_1_215' title='bbox 369 2007 421 2050; x_wconf 89' lang='lat' dir='ltr'>G.</span> <span class='ocrx_word' id='word_1_216' title='bbox 452 2006 648 2060; x_wconf 83' lang='lat' dir='ltr'>LeboyS.</span> 
     </span>
    </p>

    <p class='ocr_par' dir='ltr' id='par_1_3' title="bbox 141 2076 1911 2416">
     <span class='ocr_line' id='line_1_27' title="bbox 259 2076 1911 2131; baseline -0.002 -11"><span class='ocrx_word' id='word_1_217' title='bbox 259 2078 440 2120; x_wconf 91' lang='lat' dir='ltr'>Deinde</span> <span class='ocrx_word' id='word_1_218' title='bbox 471 2082 574 2131; x_wconf 93' lang='lat' dir='ltr'>post</span> <span class='ocrx_word' id='word_1_219' title='bbox 606 2090 841 2120; x_wconf 92' lang='lat' dir='ltr'>recessum</span> <span class='ocrx_word' id='word_1_220' title='bbox 874 2078 997 2131; x_wconf 89' lang='lat' dir='ltr'>regis</span> <span class='ocrx_word' id='word_1_221' title='bbox 1029 2078 1088 2120; x_wconf 91' lang='lat' dir='ltr'>ad</span> <span class='ocrx_word' id='word_1_222' title='bbox 1117 2090 1263 2119; x_wconf 90' lang='lat' dir='ltr'>unum</span> <span class='ocrx_word' id='word_1_223' title='bbox 1291 2077 1479 2130; x_wconf 91' lang='lat' dir='ltr'>opidum</span> <span class='ocrx_word' id='word_1_224' title='bbox 1511 2089 1657 2130; x_wconf 91' lang='lat' dir='ltr'>prope</span> <span class='ocrx_word' id='word_1_225' title='bbox 1691 2076 1911 2118; x_wconf 90' lang='lat' dir='ltr'>Constan-</span> 
     </span>
     <span class='ocr_line' id='line_1_28' title="bbox 141 2147 1910 2202; baseline -0.002 -11"><span class='ocrx_word' id='word_1_226' title='bbox 141 2149 257 2192; x_wconf 91' lang='lat' dir='ltr'>ciam</span> <span class='ocrx_word' id='word_1_227' title='bbox 280 2150 420 2192; x_wconf 89' lang='lat' dir='ltr'>allate</span> <span class='ocrx_word' id='word_1_228' title='bbox 444 2152 550 2192; x_wconf 90' lang='lat' dir='ltr'>sunt</span> <span class='ocrx_word' id='word_1_229' title='bbox 574 2149 708 2191; x_wconf 91' lang='lat' dir='ltr'>litere</span> <span class='ocrx_word' id='word_1_230' title='bbox 731 2149 938 2202; x_wconf 87' lang='lat' dir='ltr'>magistri</span> <span class='ocrx_word' id='word_1_231' title='bbox 960 2149 1199 2191; x_wconf 88' lang='lat' dir='ltr'>Benedicti</span> <span class='ocrx_word' id='word_1_232' title='bbox 1223 2148 1462 2200; x_wconf 90' lang='lat' dir='ltr'>Genciani,</span> <span class='ocrx_word' id='word_1_233' title='bbox 1486 2147 1692 2201; x_wconf 91' lang='lat' dir='ltr'>magistri</span> <span class='ocrx_word' id='word_1_234' title='bbox 1717 2148 1763 2189; x_wconf 93' lang='lat' dir='ltr'>in</span> <span class='ocrx_word' id='word_1_235' title='bbox 1785 2147 1910 2189; x_wconf 91' lang='lat' dir='ltr'>theo-</span> 
     </span>
     <span class='ocr_line' id='line_1_29' title="bbox 142 2218 1910 2274; baseline -0.002 -11"><span class='ocrx_word' id='word_1_236' title='bbox 142 2221 276 2274; x_wconf 89' lang='lat' dir='ltr'>logia,</span> <span class='ocrx_word' id='word_1_237' title='bbox 299 2221 456 2262; x_wconf 91' lang='lat' dir='ltr'>nuncii</span> <span class='ocrx_word' id='word_1_238' title='bbox 480 2220 798 2263; x_wconf 88' lang='lat' dir='ltr'>universitatis</span> <span class='ocrx_word' id='word_1_239' title='bbox 823 2220 1102 2262; x_wconf 88' lang='lat' dir='ltr'>Parisiensis</span> <span class='ocrx_word' id='word_1_240' title='bbox 1127 2220 1266 2262; x_wconf 90' lang='lat' dir='ltr'>unius</span> <span class='ocrx_word' id='word_1_241' title='bbox 1289 2220 1575 2272; x_wconf 91' lang='lat' dir='ltr'>captivorum</span> <span class='ocrx_word' id='word_1_242' title='bbox 1597 2218 1910 2271; x_wconf 91' lang='lat' dir='ltr'>predictorum</span> 
     </span>
     <span class='ocr_line' id='line_1_30' title="bbox 141 2289 1909 2345; baseline -0.002 -12"><span class='ocrx_word' id='word_1_243' title='bbox 141 2292 432 2334; x_wconf 90' lang='lat' dir='ltr'>continentes</span> <span class='ocrx_word' id='word_1_244' title='bbox 456 2291 641 2333; x_wconf 92' lang='lat' dir='ltr'>modum</span> <span class='ocrx_word' id='word_1_245' title='bbox 664 2292 892 2345; x_wconf 89' lang='lat' dir='ltr'>captionis</span> <span class='ocrx_word' id='word_1_246' title='bbox 917 2294 961 2333; x_wconf 92' lang='lat' dir='ltr'>et</span> <span class='ocrx_word' id='word_1_247' title='bbox 986 2291 1294 2344; x_wconf 89' lang='lat' dir='ltr'>liberationis,</span> <span class='ocrx_word' id='word_1_248' title='bbox 1320 2303 1514 2343; x_wconf 89' lang='lat' dir='ltr'>quarum</span> <span class='ocrx_word' id='word_1_249' title='bbox 1539 2293 1673 2332; x_wconf 89' lang='lat' dir='ltr'>tenor</span> <span class='ocrx_word' id='word_1_250' title='bbox 1696 2289 1802 2331; x_wconf 89' lang='lat' dir='ltr'>talis</span> <span class='ocrx_word' id='word_1_251' title='bbox 1827 2291 1909 2339; x_wconf 90' lang='lat' dir='ltr'>est,</span> 
     </span>
     <span class='ocr_line' id='line_1_31' title="bbox 141 2361 1524 2416; baseline -0.002 -12"><span class='ocrx_word' id='word_1_252' title='bbox 141 2362 237 2416; x_wconf 63' lang='lat' dir='ltr'>ade)</span> <span class='ocrx_word' id='word_1_253' title='bbox 271 2362 452 2415; x_wconf 91' lang='lat' dir='ltr'>aliquos</span> <span class='ocrx_word' id='word_1_254' title='bbox 484 2363 541 2404; x_wconf 94' lang='lat' dir='ltr'>de</span> <span class='ocrx_word' id='word_1_255' title='bbox 572 2362 653 2404; x_wconf 90' lang='lat' dir='ltr'>illa</span> <span class='ocrx_word' id='word_1_256' title='bbox 685 2363 990 2404; x_wconf 90' lang='lat' dir='ltr'>universitate</span> <span class='ocrx_word' id='word_1_257' title='bbox 1023 2364 1198 2404; x_wconf 91' lang='lat' dir='ltr'>stantes</span> <span class='ocrx_word' id='word_1_258' title='bbox 1231 2361 1524 2403; x_wconf 92' lang='lat' dir='ltr'>Constancie:</span> 
     </span>
    </p>

    <p class='ocr_par' dir='ltr' id='par_1_4' title="bbox 141 2430 1910 2982">
     <span class='ocr_line' id='line_1_32' title="bbox 260 2430 1910 2487; baseline -0.002 -12"><span class='ocrx_word' id='word_1_259' title='bbox 260 2433 486 2486; x_wconf 90' lang='lat' dir='ltr'>Pericula,</span> <span class='ocrx_word' id='word_1_260' title='bbox 511 2445 601 2487; x_wconf 90' lang='lat' dir='ltr'>que</span> <span class='ocrx_word' id='word_1_261' title='bbox 626 2446 711 2475; x_wconf 92' lang='lat' dir='ltr'>nos</span> <span class='ocrx_word' id='word_1_262' title='bbox 735 2433 873 2486; x_wconf 92' lang='lat' dir='ltr'>primi</span> <span class='ocrx_word' id='word_1_263' title='bbox 899 2433 1203 2485; x_wconf 90' lang='lat' dir='ltr'>suscepimus,</span> <span class='ocrx_word' id='word_1_264' title='bbox 1231 2432 1404 2474; x_wconf 91' lang='lat' dir='ltr'>utinam</span> <span class='ocrx_word' id='word_1_265' title='bbox 1430 2445 1512 2474; x_wconf 93' lang='lat' dir='ltr'>vos</span> <span class='ocrx_word' id='word_1_266' title='bbox 1538 2432 1775 2473; x_wconf 89' lang='lat' dir='ltr'>cauciores</span> <span class='ocrx_word' id='word_1_267' title='bbox 1802 2430 1910 2471; x_wconf 84' lang='lat' dir='ltr'>faci-</span> 
     </span>
     <span class='ocr_line' id='line_1_33' title="bbox 142 2501 1908 2558; baseline -0.003 -11"><span class='ocrx_word' id='word_1_268' title='bbox 142 2508 233 2558; x_wconf 87' lang='lat' dir='ltr'>ant,</span> <span class='ocrx_word' id='word_1_269' title='bbox 269 2504 557 2547; x_wconf 90' lang='lat' dir='ltr'>dilectissimi</span> <span class='ocrx_word' id='word_1_270' title='bbox 595 2504 781 2547; x_wconf 85' lang='lat' dir='ltr'>fratres.</span> <span class='ocrx_word' id='word_1_271' title='bbox 832 2504 895 2546; x_wconf 89' lang='lat' dir='ltr'>Ea</span> <span class='ocrx_word' id='word_1_272' title='bbox 931 2516 1147 2556; x_wconf 87' lang='lat' dir='ltr'>namque,</span> <span class='ocrx_word' id='word_1_273' title='bbox 1185 2504 1223 2545; x_wconf 94' lang='lat' dir='ltr'>si</span> <span class='ocrx_word' id='word_1_274' title='bbox 1259 2516 1353 2545; x_wconf 93' lang='lat' dir='ltr'>non</span> <span class='ocrx_word' id='word_1_275' title='bbox 1390 2503 1580 2553; x_wconf 88' lang='lat' dir='ltr'>maiora,</span> <span class='ocrx_word' id='word_1_276' title='bbox 1616 2502 1739 2555; x_wconf 91' lang='lat' dir='ltr'>quod</span> <span class='ocrx_word' id='word_1_277' title='bbox 1776 2501 1908 2551; x_wconf 89' lang='lat' dir='ltr'>absit,</span> 
     </span>
     <span class='ocr_line' id='line_1_34' title="bbox 143 2572 1909 2629; baseline -0.003 -13"><span class='ocrx_word' id='word_1_278' title='bbox 143 2576 273 2618; x_wconf 91' lang='lat' dir='ltr'>vobis</span> <span class='ocrx_word' id='word_1_279' title='bbox 307 2578 607 2629; x_wconf 89' lang='lat' dir='ltr'>apparantur,</span> <span class='ocrx_word' id='word_1_280' title='bbox 641 2588 741 2617; x_wconf 91' lang='lat' dir='ltr'>cum</span> <span class='ocrx_word' id='word_1_281' title='bbox 776 2579 821 2617; x_wconf 93' lang='lat' dir='ltr'>et</span> <span class='ocrx_word' id='word_1_282' title='bbox 856 2588 936 2617; x_wconf 84' lang='lat' dir='ltr'>vos</span> <span class='ocrx_word' id='word_1_283' title='bbox 971 2574 1210 2617; x_wconf 88' lang='lat' dir='ltr'>nobiscum</span> <span class='ocrx_word' id='word_1_284' title='bbox 1244 2587 1349 2616; x_wconf 90' lang='lat' dir='ltr'>esse</span> <span class='ocrx_word' id='word_1_285' title='bbox 1385 2573 1633 2615; x_wconf 83' lang='lat' dir='ltr'>carnifices</span> <span class='ocrx_word' id='word_1_286' title='bbox 1666 2573 1811 2613; x_wconf 90' lang='lat' dir='ltr'>nostri</span> <span class='ocrx_word' id='word_1_287' title='bbox 1848 2572 1909 2612; x_wconf 93' lang='lat' dir='ltr'>le-</span> 
     </span>
     <span class='ocr_line' id='line_1_35' title="bbox 141 2642 1908 2698; baseline -0.003 -10"><span class='ocrx_word' id='word_1_288' title='bbox 141 2649 291 2690; x_wconf 90' lang='lat' dir='ltr'>tantes</span> <span class='ocrx_word' id='word_1_289' title='bbox 311 2647 608 2689; x_wconf 87' lang='lat' dir='ltr'>extimarunt.</span> <span class='ocrx_word' id='word_1_290' title='bbox 641 2646 745 2698; x_wconf 91' lang='lat' dir='ltr'>Ubi,</span> <span class='ocrx_word' id='word_1_291' title='bbox 766 2645 993 2698; x_wconf 92' lang='lat' dir='ltr'>inquiunt,</span> <span class='ocrx_word' id='word_1_292' title='bbox 1014 2645 1323 2687; x_wconf 87' lang='lat' dir='ltr'>cancellarius</span> <span class='ocrx_word' id='word_1_293' title='bbox 1344 2647 1427 2697; x_wconf 88' lang='lat' dir='ltr'>est,</span> <span class='ocrx_word' id='word_1_294' title='bbox 1448 2643 1526 2685; x_wconf 94' lang='lat' dir='ltr'>ubi</span> <span class='ocrx_word' id='word_1_295' title='bbox 1550 2644 1633 2695; x_wconf 91' lang='lat' dir='ltr'>illi,</span> <span class='ocrx_word' id='word_1_296' title='bbox 1655 2643 1731 2695; x_wconf 91' lang='lat' dir='ltr'>qui</span> <span class='ocrx_word' id='word_1_297' title='bbox 1753 2642 1908 2684; x_wconf 90' lang='lat' dir='ltr'>taliter</span> 
     </span>
     <span class='ocr_line' id='line_1_36' title="bbox 142 2712 1906 2771; baseline -0.003 -13"><span class='ocrx_word' id='word_1_298' title='bbox 142 2715 314 2760; x_wconf 92' lang='lat' dir='ltr'>dudum</span> <span class='ocrx_word' id='word_1_299' title='bbox 351 2717 682 2771; x_wconf 87' lang='lat' dir='ltr'>predicarunt‘?</span> <span class='ocrx_word' id='word_1_300' title='bbox 733 2716 989 2759; x_wconf 90' lang='lat' dir='ltr'>Audiemus</span> <span class='ocrx_word' id='word_1_301' title='bbox 1026 2729 1161 2768; x_wconf 91' lang='lat' dir='ltr'>nunc,</span> <span class='ocrx_word' id='word_1_302' title='bbox 1201 2715 1238 2757; x_wconf 93' lang='lat' dir='ltr'>si</span> <span class='ocrx_word' id='word_1_303' title='bbox 1277 2727 1518 2758; x_wconf 91' lang='lat' dir='ltr'>sermones</span> <span class='ocrx_word' id='word_1_304' title='bbox 1557 2726 1717 2756; x_wconf 91' lang='lat' dir='ltr'>eorum</span> <span class='ocrx_word' id='word_1_305' title='bbox 1755 2713 1824 2755; x_wconf 91' lang='lat' dir='ltr'>eis</span> <span class='ocrx_word' id='word_1_306' title='bbox 1862 2712 1906 2753; x_wconf 92' lang='lat' dir='ltr'>in</span> 
     </span>
     <span class='ocr_line' id='line_1_37' title="bbox 141 2783 1908 2841; baseline -0.003 -11"><span class='ocrx_word' id='word_1_307' title='bbox 141 2787 297 2841; x_wconf 87' lang='lat' dir='ltr'>aliquo</span> <span class='ocrx_word' id='word_1_308' title='bbox 327 2789 635 2831; x_wconf 70' lang='lat' dir='ltr'>subvenient?</span> <span class='ocrx_word' id='word_1_309' title='bbox 680 2788 991 2830; x_wconf 81' lang='lat' dir='ltr'>Infortunium</span> <span class='ocrx_word' id='word_1_310' title='bbox 1022 2790 1175 2829; x_wconf 87' lang='lat' dir='ltr'>autem</span> <span class='ocrx_word' id='word_1_311' title='bbox 1206 2789 1414 2828; x_wconf 91' lang='lat' dir='ltr'>nostrum</span> <span class='ocrx_word' id='word_1_312' title='bbox 1444 2786 1536 2828; x_wconf 92' lang='lat' dir='ltr'>tale</span> <span class='ocrx_word' id='word_1_313' title='bbox 1569 2788 1655 2827; x_wconf 92' lang='lat' dir='ltr'>est:</span> <span class='ocrx_word' id='word_1_314' title='bbox 1700 2784 1775 2826; x_wconf 91' lang='lat' dir='ltr'>die</span> <span class='ocrx_word' id='word_1_315' title='bbox 1807 2783 1908 2825; x_wconf 89' lang='lat' dir='ltr'>sab-</span> 
     </span>
     <span class='ocr_line' id='line_1_38' title="bbox 142 2853 1906 2912; baseline -0.003 -12"><span class='ocrx_word' id='word_1_316' title='bbox 142 2857 235 2901; x_wconf 86' lang='lat' dir='ltr'>bati</span> <span class='ocrx_word' id='word_1_317' title='bbox 260 2863 418 2902; x_wconf 90' lang='lat' dir='ltr'>octava</span> <span class='ocrx_word' id='word_1_318' title='bbox 442 2858 569 2902; x_wconf 87' lang='lat' dir='ltr'>Junii</span> <span class='ocrx_word' id='word_1_319' title='bbox 593 2872 679 2901; x_wconf 91' lang='lat' dir='ltr'>nos</span> <span class='ocrx_word' id='word_1_320' title='bbox 704 2858 1019 2912; x_wconf 90' lang='lat' dir='ltr'>duodeviginti</span> <span class='ocrx_word' id='word_1_321' title='bbox 1043 2860 1224 2900; x_wconf 88' lang='lat' dir='ltr'>ceteros</span> <span class='ocrx_word' id='word_1_322' title='bbox 1249 2859 1502 2910; x_wconf 90' lang='lat' dir='ltr'>preeuntes</span> <span class='ocrx_word' id='word_1_323' title='bbox 1526 2857 1641 2898; x_wconf 91' lang='lat' dir='ltr'>hora</span> <span class='ocrx_word' id='word_1_324' title='bbox 1666 2858 1823 2897; x_wconf 90' lang='lat' dir='ltr'>octava</span> <span class='ocrx_word' id='word_1_325' title='bbox 1850 2853 1906 2895; x_wconf 91' lang='lat' dir='ltr'>de</span> 
     </span>
     <span class='ocr_line' id='line_1_39' title="bbox 142 2925 1906 2982; baseline -0.003 -12"><span class='ocrx_word' id='word_1_326' title='bbox 142 2941 276 2972; x_wconf 89' lang='lat' dir='ltr'>mane</span> <span class='ocrx_word' id='word_1_327' title='bbox 309 2942 333 2972; x_wconf 90' lang='lat' dir='ltr'>a</span> <span class='ocrx_word' id='word_1_328' title='bbox 366 2930 526 2971; x_wconf 91' lang='lat' dir='ltr'>decem</span> <span class='ocrx_word' id='word_1_329' title='bbox 559 2930 762 2982; x_wconf 89' lang='lat' dir='ltr'>armatis,</span> <span class='ocrx_word' id='word_1_330' title='bbox 795 2929 871 2982; x_wconf 91' lang='lat' dir='ltr'>qui</span> <span class='ocrx_word' id='word_1_331' title='bbox 905 2928 1124 2970; x_wconf 89' lang='lat' dir='ltr'>extractis</span> <span class='ocrx_word' id='word_1_332' title='bbox 1155 2927 1324 2982; x_wconf 87' lang='lat' dir='ltr'>gladiis</span> <span class='ocrx_word' id='word_1_333' title='bbox 1358 2940 1383 2970; x_wconf 93' lang='lat' dir='ltr'>a</span> <span class='ocrx_word' id='word_1_334' title='bbox 1417 2927 1556 2968; x_wconf 89' lang='lat' dir='ltr'>dorso</span> <span class='ocrx_word' id='word_1_335' title='bbox 1589 2926 1645 2968; x_wconf 91' lang='lat' dir='ltr'>de</span> <span class='ocrx_word' id='word_1_336' title='bbox 1681 2925 1797 2967; x_wconf 89' lang='lat' dir='ltr'>silva</span> <span class='ocrx_word' id='word_1_337' title='bbox 1830 2936 1906 2965; x_wconf 79' lang='lat' dir='ltr'>ex-</span> 
     </span>
    </p>
   </div>
   <div class='ocr_carea' id='block_1_3' title="bbox 385 3013 490 3017">
    <p class='ocr_par' dir='ltr' id='par_1_5' title="bbox 385 3013 490 3017">
     <span class='ocr_line' id='line_1_40' title="bbox 385 3013 490 3017; baseline 0 0"><span class='ocrx_word' id='word_1_338' title='bbox 385 3013 490 3017; x_wconf 95' lang='lat' dir='ltr'> </span> 
     </span>
    </p>
   </div>
   <div class='ocr_carea' id='block_1_4' title="bbox 245 3014 1558 3113">
    <p class='ocr_par' dir='ltr' id='par_1_6' title="bbox 245 3014 1558 3113">
     <span class='ocr_line' id='line_1_41' title="bbox 245 3014 1558 3068; baseline -0.005 -5"><span class='ocrx_word' id='word_1_339' title='bbox 245 3014 329 3065; x_wconf 46' lang='lat' dir='ltr'>alt-¹,</span> <span class='ocrx_word' id='word_1_340' title='bbox 352 3034 398 3059; x_wconf 82' lang='lat' dir='ltr'>D:</span> <span class='ocrx_word' id='word_1_341' title='bbox 419 3034 559 3068; x_wconf 84' lang='lat' dir='ltr'>poterat.</span> <span class='ocrx_word' id='word_1_342' title='bbox 598 3033 630 3061; x_wconf 79' lang='lat' dir='ltr'>b)</span> <span class='ocrx_word' id='word_1_343' title='bbox 653 3034 690 3059; x_wconf 72' lang='lat' dir='ltr'><em>(J.-</em></span> <span class='ocrx_word' id='word_1_344' title='bbox 712 3039 968 3066; x_wconf 55' lang='lat' dir='ltr'>congrcgainns:</span> <span class='ocrx_word' id='word_1_345' title='bbox 993 3033 1037 3058; x_wconf 72' lang='lat'>11:</span> <span class='ocrx_word' id='word_1_346' title='bbox 1058 3038 1267 3060; x_wconf 59' lang='lat' dir='ltr'>colit-Kl&#39;atllll&lt;:</span> <span class='ocrx_word' id='word_1_347' title='bbox 1289 3030 1379 3055; x_wconf 60' lang='lat' dir='ltr'>,stalle</span> <span class='ocrx_word' id='word_1_348' title='bbox 1402 3029 1558 3056; x_wconf 65' lang='lat' dir='ltr'>remim-bt.</span> 
     </span>
     <span class='ocr_line' id='line_1_42' title="bbox 247 3078 793 3113; baseline 0 -7"><span class='ocrx_word' id='word_1_349' title='bbox 247 3083 275 3111; x_wconf 79' lang='lat' dir='ltr'>c)</span> <span class='ocrx_word' id='word_1_350' title='bbox 295 3078 337 3106; x_wconf 78' lang='lat' dir='ltr'>ad</span> <span class='ocrx_word' id='word_1_351' title='bbox 357 3099 363 3105; x_wconf 87' lang='lat'>.</span> <span class='ocrx_word' id='word_1_352' title='bbox 387 3101 391 3105; x_wconf 94' lang='lat'><em>.</em></span> <span class='ocrx_word' id='word_1_353' title='bbox 413 3102 418 3107; x_wconf 93' lang='lat'>.</span> <span class='ocrx_word' id='word_1_354' title='bbox 440 3078 634 3107; x_wconf 84' lang='lat' dir='ltr'>Constancie</span> <span class='ocrx_word' id='word_1_355' title='bbox 657 3079 737 3113; x_wconf 71' lang='lat' dir='ltr'>fehlt</span> <span class='ocrx_word' id='word_1_356' title='bbox 758 3080 793 3106; x_wconf 86' lang='lat' dir='ltr'>B-</span> 
     </span>
    </p>
   </div>
  </div>
 </body>
</html>
