2227 3434
527 196 570 230 A.
612 195 809 230 Fillastres
838 194 952 230 Gesta
980 194 1131 230 concilii
1158 193 1472 229 Constantiensis.
1829 196 1883 237 77

237 315 401 368 Incipit
428 327 677 368 processus
707 317 866 356 contra
896 314 943 356 P.
974 314 1031 355 de
1062 313 1192 355 Luna
1222 313 1391 355 dictum
1422 313 1722 355 Benedictum
1752 313 1881 354 XIII.

233 386 341 428 Post
369 386 453 428 hoc
482 385 673 427 fuerunt
701 385 814 427 certi
845 384 1051 438 deputati
1080 397 1166 437 per
1195 384 1441 437 collegium
1471 384 1790 436 cardinalium,
1822 384 1884 424 vi-

115 456 284 499 delicet
304 457 556 499 cardinalis
579 456 723 498 sancti
749 456 887 498 Marci
910 459 956 497 et
979 456 1291 508 Florentinus,
1312 459 1357 497 et
1379 455 1436 497 de
1460 456 1667 508 qualibet
1688 456 1882 496 nacione

114 528 387 580 quatuor,de
418 527 651 580 aliquibus
682 539 779 568 sex.
822 527 876 568 Et
905 539 964 568 ex
993 530 1101 568 tunc
1131 527 1238 568 dicti
1269 526 1409 579 legati
1438 526 1671 579 Aragonie
1701 526 1884 579 incepe-

116 602 223 640 runt
262 598 419 641 facere
458 598 700 640 nacionem
738 597 1065 650 Hyspanicam,
1105 610 1207 639 cum
1247 598 1415 650 quibus
1459 600 1609 639 tamen
1650 610 1742 639 non
1782 610 1884 639 con-

115 672 345 711 venerunt
379 669 519 723 legati
553 669 678 722 regis
714 668 993 721 Portugalie.
1041 669 1096 710 Et
1129 668 1236 710 dicti
1271 669 1601 722 Aragonenses
1635 669 1885 722 deputave-

117 743 223 782 runt
259 740 317 782 ad
351 740 640 782 tractandum
678 740 816 781 simul
853 739 910 781 de
948 752 1172 792 processu
1207 739 1369 781 fiendo
1404 743 1563 781 contra
1600 740 1786 781 Petrum
1825 740 1881 781 de

115 810 245 852 Luna
271 810 330 853 ad
353 810 499 852 finem
525 823 608 852 sue
633 810 886 863 eiectionis‚
914 811 1030 853 sicut
1055 811 1101 852 in
1127 810 1342 863 capitulis
1367 811 1582 852 Narbone
1609 811 1882 852 continetur.

115 880 199 932 Qui
223 881 430 934 deputati
454 881 589 924 simul
614 884 789 924 stantes
813 882 1046 935 proloquti
1073 884 1178 923 sunt
1201 882 1258 923 de
1283 882 1491 935 materia,
1516 885 1584 924 set
1609 883 1716 935 quia
1740 882 1881 923 nichil

115 954 289 994 certum
319 951 633 1005 asserebatur,
665 955 735 994 set
765 952 1019 1005 vagabatur
1050 953 1097 993 in
1126 952 1297 1005 verbis,
1327 965 1447 995 unus
1478 965 1537 994 ex
1567 953 1884 995 cardinalibus

115 1022 314 1064 confecit
343 1035 429 1076 per
460 1023 680 1065 articulos
711 1023 1068 1065 instruccionem
1101 1023 1159 1065 ad
1190 1036 1461 1076 processum
1493 1024 1638 1077 illum,
1671 1023 1885 1066 dividens

115 1095 258 1135 totum
289 1094 531 1146 negocium
566 1094 613 1135 in
646 1094 762 1136 duas
794 1097 967 1147 partes,
1002 1095 1049 1136 in
1082 1095 1324 1136 materiam
1357 1098 1402 1136 et
1434 1108 1597 1137 causas
1631 1094 1884 1147 eiectionis,

115 1175 205 1217 que
232 1163 279 1205 in
306 1164 428 1206 facto
454 1168 588 1206 erant
614 1168 658 1206 et
686 1165 734 1206 in
760 1164 911 1207 forma
938 1178 1200 1218 processus,
1229 1169 1274 1207 et
1300 1166 1356 1207 de
1385 1166 1578 1208 materia
1606 1167 1703 1209 sive
1731 1167 1884 1208 causis

113 1233 223 1277 fecit
238 1235 545 1287 quadraginta
560 1238 605 1277 et
621 1236 821 1288 amplius
838 1235 1070 1289 articulos,
1086 1239 1132 1278 et
1145 1240 1487 1289 consequenter
1501 1249 1561 1278 ex
1576 1237 1671 1279 illis
1686 1236 1887 1279 extraxit

115 1317 272 1347 casum
292 1306 498 1359 brevem,
519 1309 567 1348 ut
589 1319 731 1359 super
751 1306 833 1349 illo
854 1307 1094 1349 videretur
1115 1307 1174 1349 de
1194 1307 1310 1360 iure,
1332 1311 1485 1350 utrum
1507 1308 1782 1351 sufficerent
1803 1309 1884 1350 ille

115 1388 253 1418 cause
277 1376 336 1418 ad
358 1377 507 1430 ipsius
531 1377 656 1419 Petri
679 1377 968 1420 eiectionem.
1004 1379 1058 1420 Et
1080 1379 1128 1420 in
1151 1378 1302 1421 forma
1324 1392 1573 1432 processus
1596 1379 1723 1422 dedit
1746 1379 1883 1422 etiarn

113 1445 478 1501 instructionem,
505 1460 595 1501 que
622 1451 807 1491 servata
832 1449 934 1502 fuit,
960 1452 1008 1491 ut
1034 1453 1197 1502 postea
1222 1451 1412 1503 patebit,
1439 1453 1485 1492 et
1510 1451 1808 1492 articulorum
1837 1451 1882 1492 in

114 1516 234 1560 facto
260 1521 306 1560 et
333 1518 390 1560 de
416 1517 568 1561 forma
596 1518 682 1561 fuit
709 1519 815 1562 data
842 1520 974 1573 copia
1001 1520 1235 1573 deputatis
1263 1521 1510 1564 cuiuslibet
1536 1522 1758 1564 nacionis.

235 1588 360 1631 Inter
391 1589 477 1631 hec
510 1592 610 1632 orta
644 1593 715 1633 est
747 1592 1065 1633 controversia
1099 1592 1220 1633 inter
1254 1593 1366 1634 istos
1402 1592 1578 1646 legatos
1613 1592 1736 1645 regis
1770 1594 1882 1634 Ara-

113 1669 297 1712 gonum,
320 1659 398 1713 qui
421 1660 596 1702 faciunt
618 1661 859 1703 nacionem
884 1662 1125 1715 Hispanie,
1141 1653 1194 1704 ¹et
1216 1663 1436 1716 Anglicos
1459 1676 1517 1705 ex
1540 1676 1596 1705 eo
1620 1664 1756 1717 quod,
1781 1677 1881 1706 cum

114 1741 206 1772 una
238 1730 405 1773 cedula
436 1743 522 1784 pro
556 1731 748 1775 licencia
781 1732 1047 1785 recedendi,
1083 1746 1172 1786 que
1207 1734 1446 1776 consuevit
1480 1735 1656 1788 signari
1692 1735 1883 1788 signetis

113 1800 460 1852 presidencium
487 1802 748 1856 nacionum,
779 1804 825 1844 in
854 1816 945 1856 qua
973 1808 1108 1846 erant
1135 1805 1341 1858 quinque
1371 1817 1477 1847 cere
1507 1808 1733 1859 apposite,
1762 1809 1806 1848 et
1836 1807 1883 1847 in

114 1870 262 1914 tribus
301 1871 465 1924 primis
505 1876 639 1915 erant
679 1873 857 1926 signeta
899 1875 1037 1916 trium
1077 1876 1341 1917 nacionum:
1385 1876 1577 1931 Ytalice,
1619 1876 1797 1919 Gallice
1839 1880 1883 1919 et

115 1940 405 1995 Germanice,
445 1943 532 1985 fuit
571 1943 725 1986 ablata
765 1944 1002 1998 signatura
1041 1945 1328 1998 presidentis
1366 1948 1574 1989 nacionis
1614 1948 1881 2001 Hispanice‚

115 2011 192 2064 qui
227 2011 492 2066 signaverat
527 2027 630 2056 eam
667 2015 713 2056 in
748 2019 912 2068 quarto
947 2017 1059 2058 loco.
1109 2017 1276 2060 Postea
1300 2017 1397 2060 'fuit
1433 2019 1588 2061 oblata
1623 2019 1882 2072 presidenti

114 2082 320 2126 nacionis
352 2084 520 2137 Anglie
556 2097 641 2137 pro
675 2086 837 2128 ultimo
872 2087 985 2139 loco,
1021 2088 1099 2140 qui
1135 2089 1263 2131 solus
1298 2089 1516 2131 restabat.
1568 2090 1673 2143 Ipse
1709 2090 1882 2132 delevit

112 2154 341 2206 signetum
368 2155 594 2208 Hispanie
621 2159 667 2198 et
694 2156 847 2209 posuit
874 2170 1007 2200 suum
1034 2161 1079 2200 et
1107 2159 1291 2212 scripsit
1318 2160 1363 2201 in
1391 2161 1568 2213 quinto:
1599 2161 1664 2203 sic
1691 2174 1777 2214 pro
1804 2161 1879 2202 Hi-

111 2224 293 2276 spania;
324 2225 447 2278 quod
476 2226 675 2270 scientes
704 2228 946 2281 Aragones
976 2232 1021 2271 et
1048 2229 1244 2283 Hispani
1274 2243 1366 2272 non
1396 2232 1615 2273 tulerunt.
1659 2232 1713 2274 Et
1742 2232 1878 2274 huius

110 2297 326 2346 pretextu
359 2300 661 2339 cessaverunt
695 2310 754 2339 ex
786 2301 880 2341 toto
914 2312 1068 2352 agere,
1103 2300 1325 2353 dicentes,
1360 2302 1480 2354 quod
1517 2302 1776 2344 debebatur
1810 2303 1878 2344 eis

111 2368 302 2416 quartus
336 2365 464 2409 locus
497 2370 541 2409 et
575 2371 681 2410 ante
715 2369 932 2422 Anglicos
967 2373 1012 2412 et
1044 2370 1090 2411 in
1124 2371 1354 2425 omnibus,
1388 2375 1545 2425 utpote
1581 2374 1627 2414 in
1661 2373 1874 2415 dicendo:

114 2433 282 2488 Placet,
309 2436 355 2477 in
382 2437 592 2480 sessione
618 2441 663 2480 et
688 2438 734 2480 in
761 2439 855 2482 illis
881 2441 1089 2493 signetiS‚
1115 2443 1236 2484 inter
1262 2442 1520 2495 deputatos,
1547 2448 1590 2486 et
1617 2445 1798 2486 ceteris.
1827 2445 1879 2486 Et

113 2503 198 2547 fuit
223 2510 403 2549 cessata
428 2507 509 2550 illa
536 2509 730 2552 materia
755 2522 1003 2563 processus
1029 2515 1187 2554 contra
1214 2513 1401 2555 Petrum
1428 2514 1485 2555 de
1514 2514 1643 2557 Luna
1670 2527 1755 2568 per
1780 2519 1879 2557 octo

113 2574 227 2629 dles,
268 2577 436 2630 quibus
478 2578 565 2621 fuit
608 2583 813 2622 vacatum
856 2582 914 2623 ad
955 2583 1261 2636 concordiam,
1304 2597 1393 2637 que
1435 2585 1542 2626 fieri
1585 2598 1676 2628 non
1718 2586 1876 2639 potuit.

78 2684 85 2688 .
110 2644 282 2688 Verum
304 2653 644 2692 consenserunt
666 2650 996 2704 Aragonenses
1021 2665 1160 2706 agere
1185 2654 1242 2695 de
1266 2667 1489 2707 processu
1512 2668 1659 2708 usque
1686 2656 1743 2698 ad
1768 2656 1875 2698 duo-

112 2714 258 2758 decim
290 2718 392 2760 dies
423 2722 736 2771 protestantes
769 2722 889 2763 inter
921 2723 1179 2776 deputatos,
1212 2725 1348 2778 quod,
1382 2727 1419 2768 si
1453 2727 1632 2779 Anglici
1664 2730 1877 2768 tenerent

112 2790 324 2838 quartum
356 2789 504 2831 locum
536 2794 642 2832 ante
673 2791 794 2844 illos,
824 2805 916 2834 non
946 2794 1305 2837 consenciebant
1336 2796 1473 2838 alicui
1504 2797 1585 2850 rei,
1617 2810 1706 2850 que
1738 2798 1877 2839 fieret

113 2867 196 2908 per
222 2859 480 2913 concilium,
508 2873 626 2914 ymo,
655 2862 778 2914 quod
805 2864 934 2905 nulla
963 2867 1100 2907 esset.
1141 2866 1195 2907 Et
1222 2869 1328 2908 tunc
1357 2867 1444 2909 fuit
1472 2871 1736 2921 resumptus
1764 2872 1877 2910 trac-

111 2927 230 2969 tatus
260 2940 403 2981 super
433 2943 703 2983 processum
733 2936 891 2976 contra
922 2934 1110 2976 Petrum
1141 2935 1198 2977 de
1232 2936 1360 2979 Luna
1392 2940 1438 2979 et
1467 2938 1546 2979 diu
1579 2938 1875 2991 disputatum,

113 2998 263 3040 utrum
299 3011 438 3042 cause
476 3001 766 3047 sufficerent.
819 3004 872 3046 Et
910 3004 1118 3047 finaliter
1155 3007 1276 3048 inter
1314 3007 1558 3060 deputatos
1595 3009 1874 3061 conclusum,

112 3067 233 3118 quod
264 3069 342 3111 sic.
