2227 3434
804 132 848 169 A.
875 132 1207 168 Reformtraktate.
1805 132 1890 175 603
1903 158 1908 162 ,

124 252 218 295 caci
242 252 428 295 racione
452 252 675 295 fundatur
699 252 779 294 illa
803 251 1042 294 distinccio
1066 250 1123 293 de
1148 250 1424 304 symoniacis
1448 249 1718 303 simpliciter
1743 249 1890 301 malis,
1938 291 1944 299 ,

124 326 169 366 et
193 322 251 365 de
275 321 551 375 symoniacis
577 334 633 364 eo
658 322 757 364 solo
782 321 930 374 malis,
954 322 1063 374 quia
1088 320 1348 374 prohibitis,

240 404 371 456 Quod
402 416 527 457 papa
562 416 654 446 non
689 391 842 457 potest
875 403 961 445 hoc
994 416 1081 456 per
1116 403 1302 445 modum
1339 404 1456 456 legis
1491 403 1565 445 vel
1602 402 1771 454 statuti,
1798 414 1891 455 ‚per

123 474 527 528 dispensacionem
557 475 632 516 vel
662 475 873 526 quamvis
903 474 1040 516 aliam
1071 474 1355 516 voluntatem
1385 474 1569 516 tacitam
1597 473 1670 515 vel
1700 485 1892 525 expres-

123 557 221 588 sam
249 545 416 587 tollere
445 557 624 598 necque
653 543 938 597 generaliter
968 556 1146 597 necque
1178 545 1224 585 in
1255 544 1523 597 particulari
1553 556 1675 595 casu,
1707 542 1892 596 quando

122 616 230 658 talis
286 616 345 659 sit
402 615 693 668 symoniacus
752 618 796 657 et
855 615 1059 658 incurrat
1117 618 1354 667 peccatum
1412 615 1621 667 mortale,
1680 613 1892 667 obligans

123 686 182 729 ad
219 686 580 737 restitucionem‚
620 686 699 728 ubi
739 685 952 727 interfuit
991 686 1057 727 rei
1100 686 1403 737 interventus,
1443 685 1551 727 licet
1590 697 1737 738 penas
1778 684 1892 726 iurIS

122 756 307 810 positivi
332 760 493 810 posset
517 757 698 810 tollere,
727 756 810 800 sed
835 756 981 798 eciam
1010 757 1056 797 in
1083 756 1167 798 hoc
1195 755 1451 797 mortaliter
1478 760 1692 809 peccaret
1716 755 1806 797 nisi
1833 767 1892 796 ex

122 827 327 871 evidenti
349 827 627 870 necessitate
649 831 726 870 aut
745 828 958 869 utilitate.

239 910 369 962 Quod
403 922 503 952 cum
537 922 659 963 papa
693 910 767 951 vel
800 910 903 951 eius
939 909 1281 950 interveniente
1318 908 1515 950 sciencia
1548 907 1893 961 dampnabilior

121 979 169 1022 in
199 980 304 1023 foro
334 980 620 1023 consciencie
652 980 946 1022 committitur
979 980 1188 1032 symonia
1220 992 1357 1035 quam
1388 980 1520 1031 aliaS‚
1551 978 1659 1032 quia
1690 978 1893 1021 abutitur

122 1051 330 1095 clavibus
355 1056 400 1095 et
427 1052 503 1094 dat
530 1052 734 1104 exempli
760 1050 1029 1104 perniciem.
1578 1052 1582 1056 '

239 1133 369 1185 Quod
398 1146 520 1187 papa
551 1136 704 1186 potest
735 1134 1020 1175 committere
1055 1132 1310 1185 symoniam
1343 1135 1388 1174 et
1419 1132 1606 1186 gezima)
1644 1134 1688 1174 et
1721 1131 1777 1173 de
1812 1130 1893 1172 illa

121 1206 274 1257 potest
301 1205 507 1247 accusari
536 1207 581 1246 et
609 1203 956 1256 condempnari,
985 1203 1234 1256 presertim
1262 1203 1335 1244 vel
1366 1203 1533 1255 saltim,
1561 1202 1641 1244 ubi
1669 1206 1740 1245 est
1767 1204 1893 1243 noto-

122 1275 242 1317 rium
282 1278 329 1318 et
367 1275 564 1317 ecclesia
606 1275 958 1317 scandalizatur.
1012 1275 1066 1316 Et
1109 1275 1170 1316 ita
1209 1287 1320 1316 vera
1361 1278 1432 1316 est
1471 1275 1615 1327 glosa,
1655 1272 1805 1326 posita
1846 1272 1893 1313 in

121 1357 298 1388 canone
327 1345 364 1388 si
391 1358 512 1399 papa
541 1349 585 1388 et
611 1348 765 1388 textus
794 1346 855 1387 ibi
883 1345 1060 1398 positus
1088 1345 1218 1386 nullo
1247 1345 1381 1386 modo
1409 1344 1518 1386 facit
1543 1344 1616 1387 ius
1643 1357 1726 1386 nec
1752 1343 1894 1385 habet

121 1415 240 1470 legis
267 1419 345 1459 aut
369 1417 717 1460 constitucionis
744 1417 1077 1463 auctoritatem,
1106 1419 1150 1458 et
1179 1415 1215 1458 si
1244 1415 1314 1457 ius
1341 1415 1531 1468 faceret,
1559 1411 1892 1467 intelligendus

122 1491 206 1542 est,
229 1491 280 1530 ut
302 1487 364 1529 ibi
390 1488 521 1541 ponit
543 1487 687 1541 glosa.

238 1569 369 1622 Quod
403 1569 696 1622 symoniacus
729 1571 797 1611 rei
831 1569 1097 1611 interventu
1130 1570 1311 1610 nullum
1347 1568 1542 1621 acquirit
1576 1567 1663 1610 sibi
1697 1566 1893 1619 tytulum

122 1640 375 1694 legitimum
405 1653 584 1694 necque
615 1640 851 1693 viciosum,
882 1640 965 1683 sed
995 1644 1066 1682 est
1095 1640 1282 1682 omnino
1312 1641 1414 1682 sine
1445 1650 1720 1692 quocunque
1749 1638 1894 1690 tytulo

123 1712 170 1753 in
199 1711 575 1764 beneficialibus,
606 1712 714 1764 quia
744 1713 866 1753 inter
895 1711 1050 1753 datum
1080 1714 1126 1753 et
1156 1713 1392 1764 acceptum
1421 1723 1514 1752 non
1544 1712 1697 1763 potest
1725 1708 1893 1751 cadere

123 1782 447 1825 commercium
482 1795 660 1835 necque
697 1783 853 1835 aliqua
890 1783 993 1835 lege
1029 1783 1114 1824 hoc
1148 1785 1300 1835 potest
1336 1780 1578 1832 introduci,
1614 1793 1714 1822 cum
1748 1791 1895 1832 super

123 1853 401 1906 impossibili
428 1854 505 1895 lex
530 1866 623 1895 non
651 1854 799 1906 fingat
823 1866 1002 1906 necque
1029 1852 1212 1906 fingere
1239 1852 1386 1905 possit
1411 1855 1455 1894 et
1481 1855 1552 1893 est
1579 1849 1893 1904 repugnancia

123 1928 168 1968 et
193 1925 467 1967 resistencia
493 1937 718 1977 expressa
748 1924 861 1967 iuris
887 1924 1031 1965 divini
1058 1928 1104 1966 et
1126 1923 1331 1976 humani,
1357 1926 1406 1965 ut
1432 1922 1495 1964 nil
1523 1935 1582 1964 ex
1607 1922 1692 1964 hoc
1719 1920 1894 1974 acquiri

122 1993 281 2048 possit.

240 2066 369 2118 Quod
394 2066 685 2119 symoniacus
709 2066 754 2107 in
779 2066 942 2108 ordine
966 2068 1158 2119 propter
1182 2078 1346 2107 manus
1373 2064 1720 2117 imposicionem
1742 2075 1894 2105 carac-

124 2140 271 2180 terem
306 2137 483 2190 recipit,
518 2137 600 2179 sed
635 2140 789 2179 utrum
824 2137 1154 2178 execucionem
1190 2139 1266 2178 aut
1301 2136 1437 2178 aliter
1472 2134 1624 2188 quoad
1658 2147 1724 2187 se,
1760 2133 1895 2176 aliter

124 2207 276 2261 quoad
310 2208 442 2261 alios,
477 2208 726 2250 declarabo
761 2208 915 2250 dando
948 2211 1098 2250 certos
1133 2207 1293 2249 modos
1328 2206 1511 2248 dicendi
1547 2205 1699 2259 quoad
1731 2205 1817 2247 hoc
1851 2207 1896 2246 et

123 2279 409 2321 diversitatis
441 2291 606 2322 causas
639 2278 760 2321 inter
794 2279 1107 2331 symoniacum
1143 2278 1189 2320 in
1223 2278 1387 2320 ordine
1421 2281 1466 2320 et
1500 2276 1813 2329 symoniacum
1848 2276 1893 2317 in

125 2348 486 2392 beneficialibus
511 2347 636 2404 etc.¹³)

242 2431 373 2484 Quod
410 2435 569 2474 contra
608 2432 896 2485 symoniacos
934 2432 1002 2474 rei
1044 2432 1308 2473 interventu
1348 2435 1454 2473 sunt
1492 2430 1669 2472 inflicte
1710 2429 1895 2471 diverse

124 2514 261 2555 pene,
287 2515 482 2556 quarum
507 2503 705 2555 quedam
733 2506 839 2546 sunt
863 2503 1216 2551 substanciales,
1242 2505 1289 2544 ut
1316 2503 1374 2544 ita
1399 2502 1578 2554 loquar,
1603 2504 1647 2542 et
1674 2501 1774 2559 sine
1801 2499 1896 2552 qui-

124 2573 212 2616 bus
236 2586 322 2616 nec
350 2573 485 2616 datur
511 2575 685 2627 peccati
713 2574 848 2616 venia
875 2586 960 2615 nec
987 2577 1268 2616 contractum
1297 2573 1469 2614 crimen
1499 2571 1545 2613 in
1570 2572 1674 2614 eius
1699 2570 1894 2613 veritate

124 2647 168 2686 et
194 2643 464 2687 substancia
494 2645 721 2697 aboletur,
753 2645 836 2686 sed
865 2645 1068 2686 totaliter
1099 2646 1321 2696 remanet,
1352 2646 1401 2685 ut
1432 2645 1538 2686 sunt
1565 2641 1723 2684 debita
1752 2639 1895 2684 animi

125 2715 345 2757 contricio
371 2715 515 2757 eciam
545 2715 739 2757 deducta
769 2715 826 2757 ad
854 2718 1002 2757 actum
1028 2715 1341 2756 extrinsecum
1370 2712 1679 2755 confessionis
1706 2712 1893 2762 vocalis,

127 2785 165 2827 si
189 2785 387 2828 facultas
411 2786 544 2837 adsit,
569 2789 613 2828 et
638 2787 703 2827 rei
730 2785 794 2827 sic
817 2785 1180 2838 dampnabiliter
1204 2788 1416 2827 assecute
1439 2787 1486 2826 et
1508 2786 1726 2835 occupate
1751 2783 1894 2824 realis

127 2855 336 2898 dimissio
357 2859 402 2898 et
426 2869 451 2898 a
477 2869 526 2899 se
551 2854 678 2898 illius
703 2856 945 2898 abdicatio.
981 2857 1077 2908 Que
1104 2855 1194 2897 duo
1220 2858 1324 2897 sunt
1348 2855 1404 2896 de
1430 2854 1705 2896 necessitate
1731 2852 1892 2895 salutis

125 2928 171 2968 et
202 2925 260 2968 ad
293 2925 340 2968 C.
373 2929 451 2969 tua
483 2930 528 2969 et
559 2939 594 2968 c.
627 2926 684 2968 de
717 2926 924 2979 symonia
957 2930 1003 2969 et
1035 2926 1248 2968 similiter
1281 2925 1466 2967 dabitur
1497 2923 1670 2966 efficax
1704 2922 1891 2965 solucio.

231 3042 261 3072 a)
282 3041 314 3069 St
333 3041 469 3076 gyezim.
545 3042 576 3070 b)
597 3041 678 3074 fehlt
697 3041 741 3069 St.
