2102 3444
273 140 359 184 228
809 140 833 173 Ι.
860 138 1070 174 Abschniti.
1110 138 1510 183 Konzilstagebiicher.

393 259 478 300 Die
513 259 700 300 veneris
735 258 975 300 XXVIIII.
1012 257 1187 300 mensis
1225 257 1381 300 Marcii
1417 270 1518 300 cum
1552 257 1759 311 predicte
1794 259 1891 300 tres
1924 256 2045 299 naci-

275 342 402 382 ones,
444 329 659 372 videlicet
702 329 993 381 Germanica,
1036 328 1278 371 Gallicana
1318 332 1363 370 et
1402 329 1659 382 Anglicana
1701 328 2045 370 deliberassent

275 401 534 443 sessionem
567 400 809 442 celebrare
844 400 889 441 in
923 400 1175 442 crastinum
1207 403 1252 441 et
1284 400 1500 452 capitula,
1534 412 1623 453 que
1657 398 1876 441 volebant
1909 398 1957 440 in
1987 410 2045 440 ea

276 474 494 525 statuere,
538 471 580 513 d.
624 471 888 513 cardinales
933 471 978 512 in
1022 470 1202 524 palacio
1246 471 1500 524 episcopali
1548 469 1900 512 Constanciensi
1941 481 2045 512 con-

273 543 517 584 venientes
550 530 706 584 habita
742 542 862 583 inter
896 554 944 584 se
981 541 1327 583 deliberacione
1361 542 1629 584 obtulerunt
1664 541 1705 582 d.
1739 540 1838 594 regi
1869 540 2043 582 ibidem

273 625 374 654 cum
399 613 468 655 eis
493 613 787 654 convenienti
811 625 896 666 pro
921 615 1053 665 parte
1079 612 1120 654 d.
1145 613 1292 655 nostri
1317 625 1438 666 pape
1464 613 1584 654 ultra
1611 610 1877 665 supradicta
1902 610 2044 653 infra-

274 684 470 736 scriptas
497 683 780 736 oblaciones,
807 683 930 736 quod
958 683 999 726 d.
1027 686 1187 726 noster
1213 696 1335 737 papa
1362 686 1552 736 paratus
1578 685 1680 724 erat
1707 683 1859 735 ipsum
1886 693 2043 735 regem

273 766 469 796 unacum
495 754 536 796 d.
561 754 878 796 cardinalibus
901 757 1228 808 procuratores
1253 754 1311 796 ad
1335 754 1703 796 renunciandum
1728 753 1919 807 papatui
1941 765 2044 795 con-

273 826 480 878 stituere,
507 825 570 867 ita
596 825 733 878 quod,
760 826 797 868 si
825 825 917 867 duo
942 838 1002 867 ex
1028 825 1069 867 d.
1097 825 1414 867 cardinalibus
1442 825 1578 867 simul
1605 837 1707 866 cum
1734 825 1838 877 ipso
1863 824 1905 866 d.
1933 835 2044 877 rege

272 896 620 949 concordarent,
643 896 834 949 papatui
859 896 1027 938 cedere
1052 899 1244 949 possent
1268 896 1369 950 ipso
1392 897 1580 938 nolente
1605 895 1788 937 cedere.
1830 895 1943 937 Item
1965 907 2044 948 pa-

272 970 400 1009 ratus
426 970 527 1009 erat
550 967 651 1020 ipse
678 967 720 1009 d.
746 970 905 1010 noster
931 980 1053 1020 papa
1079 968 1254 1009 curiam
1281 980 1410 1009 suam
1438 967 1538 1009 sine
1566 966 1914 1008 deliberacione
1940 978 2044 1008 con-

272 1037 364 1079 cilii
392 1038 500 1079 hinc
526 1050 620 1079 non
648 1037 923 1079 transferre.
967 1039 1081 1080 Item
1110 1038 1378 1080 obtulerunt
1407 1037 1512 1079 dicti
1542 1038 1583 1079 d.
1612 1037 1892 1090 cardinales,
1921 1035 2043 1090 quod

271 1108 360 1161 ipsi
389 1108 539 1161 parati
569 1112 703 1150 erant
734 1108 933 1150 sessioni
965 1109 1011 1150 in
1042 1109 1294 1151 crastinum
1324 1109 1607 1150 celebrande
1640 1109 1884 1160 interesse,
1917 1107 2044 1150 dum-

270 1179 406 1222 modo
432 1192 526 1222 non
554 1179 728 1222 fierent
753 1192 907 1232 neque
936 1182 1252 1222 statuerentur
1280 1179 1371 1222 alia
1400 1180 1601 1232 capitula
1629 1179 1719 1220 nisi
1749 1178 1952 1232 capitula
1978 1178 2045 1220 in-

270 1251 536 1303 frascripta;
570 1250 739 1303 quibus
771 1250 836 1293 sic
866 1250 1034 1292 oblatis
1065 1251 1107 1293 d.
1138 1263 1223 1292 rex
1254 1251 1454 1304 receptis
1485 1250 1699 1304 capitulis
1729 1249 2045 1303 infrascriptis

271 1321 398 1374 dixit,
428 1334 477 1365 se
505 1321 676 1363 iturum
704 1321 763 1363 ad
788 1322 1011 1364 naciones
1038 1322 1086 1363 in
1111 1322 1314 1363 claustro
1343 1335 1377 1364 s.
1408 1321 1640 1364 Francisci
1667 1323 1972 1375 congregatas
1998 1322 2044 1361 et
2084 1323 2091 1326 “

271 1405 371 1434 cum
395 1392 464 1435 eis
486 1392 697 1446 predicta
719 1393 921 1445 capitula
942 1392 1160 1435 conferre
1185 1393 1308 1434 velle
1333 1396 1377 1434 et
1400 1393 1470 1434 eis
1492 1395 1655 1446 postea
1679 1391 1983 1445 respondere.

387 1463 563 1505 Eadem
597 1463 672 1505 die
707 1462 835 1506 venit
866 1475 1037 1505 novum
1072 1463 1129 1505 de
1164 1463 1358 1506 Scafusa
1394 1462 1731 1516 Constanciam,
1765 1462 1966 1516 qualiter
2000 1461 2041 1504 d.

270 1537 429 1577 noster
453 1547 576 1588 papa
599 1535 783 1588 timens,
808 1547 868 1576 ne
894 1534 936 1576 d.
960 1547 1047 1576 rex
1072 1538 1272 1577 castrum
1298 1534 1491 1577 Scafuse
1516 1533 1768 1587 obsideret,
1794 1533 1902 1575 inde
1927 1533 2043 1575 hora

269 1617 392 1648 nona
420 1608 525 1647 ante
553 1605 797 1648 meridiem
824 1606 956 1647 nullo
982 1605 1209 1648 cardinali
1237 1605 1437 1648 sociatus
1464 1617 1567 1647 cum
1593 1604 1752 1658 paucis
1780 1617 1839 1646 ex
1866 1616 1950 1646 suo
1975 1603 2043 1646 fa-

273 1676 400 1718 milia
443 1677 530 1719 sub
574 1676 712 1718 ductu
755 1675 884 1719 ducis
926 1675 1114 1718 Austrie
1159 1679 1421 1719 recesserat
1465 1679 1510 1718 et
1552 1688 1718 1718 versus
1764 1674 2040 1729 Friburgum

269 1749 559 1799 perrexerat.

387 1817 561 1860 Eadem
588 1817 664 1859 die
688 1818 804 1860 hora
828 1817 962 1860 tarda
989 1817 1030 1860 d.
1059 1830 1143 1859 rex
1170 1830 1195 1860 a
1221 1817 1495 1860 nacionibus
1523 1818 1580 1860 ad
1607 1817 1751 1860 dictos
1777 1816 2041 1860 cardinales

268 1888 459 1931 rediens
490 1888 662 1941 retulit,
695 1888 818 1941 quod
848 1889 1070 1931 naciones
1102 1901 1245 1942 super
1274 1888 1587 1942 infrascriptis
1618 1888 1833 1942 capitulis
1863 1890 2039 1930 tantum

269 1960 315 2001 in
341 1960 551 2002 sessione
576 1958 834 2002 statuendis
856 1972 949 2001 non
972 1962 1221 2013 potuerant
1243 1959 1539 2003 concordare.
1578 1958 1670 2002 Sed
1693 1959 1959 2001 obtinuerat
1982 1958 2040 2000 ab

267 2030 351 2083 eis,
378 2030 500 2083 quod
527 2029 676 2072 sessio
700 2042 849 2083 usque
877 2030 935 2072 ad
960 2030 1123 2074 horam
1147 2030 1375 2073 decimam
1402 2033 1748 2084 prorogaretur,
1773 2032 1821 2073 et
1846 2029 1893 2071 in
1919 2041 2040 2072 cras-

267 2100 412 2143 tinum
447 2113 594 2154 usque
630 2100 688 2143 ad
723 2101 850 2142 illam
883 2101 1045 2143 horam
1079 2101 1308 2154 viderent,
1344 2102 1381 2143 si
1415 2103 1609 2154 possent
1642 2100 1901 2143 adinvicem
1935 2112 2040 2142 con-

267 2171 516 2226 cordarefl)

385 2242 470 2284 Die
511 2242 706 2295 sabbati,
746 2255 835 2295 que
875 2242 963 2284 fuit
1003 2242 1104 2285 dies
1146 2243 1326 2284 sabbati
1368 2242 1526 2295 sancti,
1565 2241 1824 2296 penultima
1862 2241 2037 2284 mensis

270 2312 425 2355 Marcii
452 2313 567 2355 hora
595 2312 791 2366 septima
818 2316 924 2355 ante
951 2312 1195 2354 meridiem
1223 2313 1608 2356 convenientibus
1636 2313 1683 2355 in
1708 2313 1890 2367 palacio
1916 2313 2038 2366 epis-

266 2383 415 2437 copali
439 2383 790 2426 Constanciensi
814 2383 855 2426 d.
879 2395 989 2437 rege
1012 2383 1338 2436 Romanorum,
1362 2384 1402 2426 d.
1428 2383 1745 2426 cardinalibus
1767 2386 1812 2426 et
1833 2384 2037 2426 nacioni-

267 2454 352 2497 bus
381 2454 467 2496 fuit
495 2454 748 2507 plurimum
780 2466 921 2507 super
952 2454 1265 2507 infrascriptis
1295 2457 1341 2496 et
1370 2454 1475 2496 aliis
1505 2454 1720 2508 capitulis
1749 2455 2035 2497 altercatum.

264 2525 558 2568 Universitas
581 2525 719 2567 etiam
743 2524 1024 2567 Parisiensis
1048 2525 1241 2567 multum
1264 2525 1427 2567 institit
1451 2525 1575 2578 apud
1597 2537 1770 2579 regem,
1793 2537 1853 2567 ne
1877 2527 2035 2568 contra

264 2595 427 2638 ducem
462 2595 649 2638 Austrie
685 2598 893 2637 moveret
927 2607 1162 2649 guerram3
1201 2595 1406 2637 dicentes
1445 2596 1567 2649 quod
1604 2595 1642 2639 si
1677 2608 1848 2650 guerra
1883 2608 2035 2638 move-

264 2669 406 2719 retur,
449 2666 754 2709 dubitandum
796 2669 909 2719 erat,
952 2666 1074 2719 quod
1116 2666 1360 2708 concilium
1401 2679 1494 2708 non
1537 2666 1887 2709 dissolveretur.
1942 2665 2033 2709 Sed

262 2750 346 2779 rex
366 2749 415 2780 se
437 2736 603 2779 durum
624 2737 670 2778 in
689 2737 775 2779 hoc
797 2749 982 2790 semper
1003 2736 1226 2779 exhibuit.
1261 2737 1315 2779 Et
1334 2736 1521 2779 tandem
1542 2737 1583 2779 d.
1602 2734 1910 2791 cardinalesb)
1931 2749 2033 2779 cum

262 2807 537 2850 nacionibus
570 2820 713 2860 super
742 2808 862 2861 ipsis
894 2807 1109 2861 capitulis
1142 2820 1234 2849 non
1270 2808 1481 2850 valentes
1516 2807 1812 2860 concordare,
1846 2807 1935 2851 fuit
1968 2807 2034 2849 in-

263 2881 394 2930 cepta
418 2878 559 2921 missa
583 2891 668 2931 pro
694 2879 904 2921 sessione
930 2878 1226 2920 celebranda.
1265 2878 1391 2920 Tunc
1416 2878 1457 2920 d.
1484 2891 1569 2920 rex
1594 2878 1761 2921 iterum
1786 2878 1844 2921 ad
1868 2878 1910 2920 d.
1936 2890 2032 2920 car-

263 2948 445 2990 dinales
469 2950 709 3002 ingressus
733 2952 803 2992 est
825 2952 870 2991 et
892 2949 1051 2991 habito
1073 2961 1174 2991 cum
1198 2949 1266 2991 eis
1289 2948 1481 3001 aliquali
1505 2949 1736 3002 colloquio
1760 2949 1802 2991 d.
1827 2961 1862 2991 s.
1891 2948 2029 2991 Marci

366 3058 395 3078 a}
420 3053 484 3079 Das
505 3053 654 3085 solqcnde
674 3053 754 3085 fehlt
780 3056 809 3086 C,
861 3053 890 3085 bJ
911 3061 946 3079 80
967 3053 1175 3080 h'unstruiert.
