2227 3434
539 162 576 196 B.
621 160 868 196 Avisamente
896 161 966 194 der
996 159 1312 194 Reformatorien.
1723 159 1807 201 617

14 281 318 335 ‘mysterio,⁸)
360 292 448 333 que
488 292 609 322 unus
647 282 718 321 est
755 279 872 320 deus
911 290 1094 330 queque
1134 290 1220 331 per
1259 277 1678 329 dispensacionem‚
1719 288 1808 328 que

42 351 296 394 secundum
319 362 505 392 carnem
530 349 650 391 facta
675 352 745 391 est
768 348 991 401 unigeniti
1017 348 1104 389 filii
1131 348 1304 390 domini
1329 347 1474 390 nostri
1499 347 1612 389 Jesu
1638 346 1807 388 Christi

40 425 86 463 et
113 421 171 464 de
199 421 366 463 ceteris
393 420 590 462 ecclesie
622 420 705 460 Dei
735 415 1038 471 dogmatibus,
1068 418 1183 460 sicut
1212 418 1256 459 in
1286 417 1632 459 universalibus
1671 429 1777 458 con
1795 441 1808 446 -

41 491 219 534 ciliis
273 494 319 533 et
359 490 769 533 constitucionibus
812 489 1169 550 apostolicorum
1225 488 1496 541 pontificum
1540 487 1809 541 probatissi-

40 573 312 614 morumque
358 561 556 602 ecclesie
619 559 935 601 doctorum
997 559 1179 612 scriptis
1229 562 1334 600 sunt
1382 558 1714 610 commendata,
1762 557 1809 598 id

5 636 110 675 -est
153 643 427 685 quecunque
474 631 531 673 ad
577 630 899 672 rectitudinem
945 641 1055 671 vere
1102 632 1353 682 nostreque
1399 629 1654 671 orthodoxe
1702 627 1808 670 fidei

0 690 9 747 ξ
40 715 67 746 a
97 705 142 745 te
175 701 471 744 traditionem
505 701 674 754 accepi,
707 704 756 743 ut
787 696 1114 742 conservarem
1161 703 1377 742 sancta
1423 712 1664 752 quoque
1710 703 1808 741 octo

0 762 16 766 ⁰
39 772 326 815 universalia
347 772 564 825 concilia,
597 772 643 814 id
676 775 746 814 est
778 771 1014 822 Nicenum,
1049 770 1626 823 Constantinopolitanum,
1661 769 1810 822 Ephe-

40 844 192 886 sinum
232 843 447 896 primum,
488 842 861 885 Calczedonense
903 842 1113 894 quintum
1153 853 1339 894 quoque
1378 844 1423 882 et
1463 844 1658 892 sextum,
1701 840 1807 882 item

39 913 600 967 Constantinopolitanum
633 910 936 966 septimum,¹·)
974 911 1081 954 item
1114 912 1335 953 Nicenum
1369 914 1577 953 octavum
1611 923 1808 963 quoque,

38 983 148 1027 item
181 983 744 1037 Constantinopolitanum
789 995 984 1035 usque
1031 982 1100 1024 ad
1144 994 1322 1023 unum
1367 981 1603 1034 apicem
1649 982 1809 1022 immu-

39 1055 168 1097 tilata
202 1066 392 1096 servare
428 1057 472 1096 et
506 1054 607 1107 pari
644 1054 820 1095 honore
855 1056 901 1095 et
934 1053 1207 1094 reverencia
1241 1053 1381 1106 digna
1413 1053 1589 1094 habere
1625 1056 1682 1104 et,
1718 1064 1807 1105 que

38 1124 400 1178 predicaverunt
428 1128 472 1166 et
502 1127 775 1176 statuerunt,
806 1123 1070 1165 omnimodo
1099 1124 1231 1176 sequi
1261 1126 1307 1165 et
1335 1123 1594 1176 predicare,
1626 1135 1808 1176 queque

38 1195 512 1248 condempnaverunt,
547 1195 891 1247 condempnare
929 1207 1010 1236 ore
1047 1198 1093 1236 et
1129 1194 1280 1236 corde.
1332 1194 1618 1247 Diligencius
1655 1197 1807 1236 autem

37 1269 83 1308 et
109 1265 327 1319 vivacius,
356 1265 577 1318 quamdiu
605 1266 781 1317 vixero,
809 1265 963 1307 omnia
1004 1264 1261 1306 decreta
1301 1265 1604 1306 canonica
1643 1263 1808 1317 prede-

37 1348 272 1378 cessorum
328 1336 685 1389 apostolicorum
740 1338 1003 1377 nostrorum
1060 1335 1347 1388 pontificum,
1402 1347 1677 1388 quecunque
1733 1335 1806 1375 vel

37 1406 441 1460 synodaliter
487 1410 746 1449 statuerunt
777 1410 822 1448 et
853 1406 1049 1460 probata
1082 1409 1201 1458 sunt,
1236 1406 1517 1448 confirmare
1551 1409 1596 1447 et
1626 1405 1808 1447 indimi-

36 1481 146 1520 nuta
175 1488 368 1520 servare
398 1481 457 1530 et,
488 1477 603 1520 sicut
632 1477 690 1520 ab
721 1477 790 1520 eis
821 1480 987 1519 statuta
1021 1481 1139 1529 sunt,
1173 1478 1219 1518 in
1251 1477 1320 1518 sui
1352 1476 1525 1529 vigoris
1557 1475 1806 1519 stabilitate

36 1548 284 1601 custodire,
312 1561 495 1601 queque
525 1549 598 1590 vel
629 1561 837 1601 quosque
867 1547 1327 1600 condempnaverunt
1357 1548 1430 1588 vel
1461 1547 1807 1599 abdicaverunt,

37 1618 177 1661 simili
205 1619 444 1661 sentencia
473 1618 816 1671 condempnare
848 1620 920 1660 vel
952 1619 1185 1672 abdicare,
1216 1618 1508 1671 disciplinam
1537 1621 1583 1660 et
1623 1618 1806 1659 ritum

36 1690 342 1742 ecclesie,
390 1690 504 1732 sicut
539 1690 694 1732 inveni
731 1693 776 1731 et
810 1702 835 1731 a
869 1690 1039 1732 sanctis
1075 1689 1490 1741 predecessoribus
1525 1688 1640 1731 meis
1675 1701 1806 1730 cano-

37 1760 136 1802 nice
179 1760 398 1803 traditum
442 1761 613 1814 reperi,
657 1760 876 1813 quamdiu
920 1760 1056 1801 michi
1099 1760 1190 1802 vita
1232 1772 1387 1802 comes
1429 1759 1584 1812 fuerit,
1628 1754 1807 1801 illibata

37 1830 268 1873 custodire
291 1834 339 1873 et
374 1831 432 1872 in
449 1830 476 1872 d
493 1831 505 1872 i
522 1843 564 1872 m
582 1830 592 1871 i
610 1834 754 1872 nuta
771 1844 792 1873 s
829 1843 905 1873 res
930 1831 1126 1872 ecclesie
1153 1842 1431 1872 conservare
1457 1843 1610 1883 neque
1650 1830 1775 1871 alie
1793 1853 1807 1858 -

35 1913 184 1944 nare
227 1914 311 1943 seu
341 1902 386 1943 in
418 1900 610 1943 feudum
642 1904 718 1944 aut
749 1914 937 1943 censum
969 1903 1042 1943 vel
1074 1901 1384 1954 enphiteosim
1417 1901 1528 1943 dare
1559 1900 1807 1954 quomodo-

36 1971 150 2016 libet
183 1985 241 2014 ex
276 1984 550 2025 quacunque
587 1984 726 2014 causa
760 1977 819 2024 et,
854 1976 902 2014 ut
936 1971 1211 2014 indiminute
1247 1972 1579 2023 custodiantur,
1616 1984 1805 2024 operam

0 2046 2 2048 '
37 2041 163 2095 dare,
198 2042 339 2084 nichil
376 2043 434 2086 de
469 2043 741 2096 tradicione,
777 2055 914 2096 quam
951 2056 976 2085 a
1013 2043 1354 2095 probatissimis
1390 2042 1806 2096 predecessoribus

36 2113 151 2156 meis
181 2113 396 2155 traditam
428 2116 473 2155 et
505 2117 734 2156 servatam
766 2114 971 2166 repperi,
1005 2114 1267 2155 diminuere
1300 2114 1373 2155 vel
1406 2116 1583 2155 mutare
1617 2116 1693 2155 aut
1726 2113 1806 2155 ali-

36 2195 172 2236 quam
219 2183 561 2226 novitatem
609 2184 973 2236 admittere,
1022 2184 1104 2226 sed
1141 2184 1381 2226 ferventer
1415 2187 1463 2226 ut
1496 2196 1658 2225 eorum
1694 2195 1804 2224 vere

34 2253 109 2296 hic
135 2253 390 2308 discipulus
418 2258 463 2296 et
491 2254 748 2308 sequipeda
776 2255 882 2298 totis
909 2255 1078 2297 mentis
1104 2267 1206 2296 mee
1235 2255 1490 2307 conatibus,
1519 2267 1608 2307 que
1637 2253 1805 2296 tradita

34 2325 254 2367 canonice
287 2325 505 2378 comperi,
538 2326 790 2367 observare
824 2338 874 2367 ac
906 2326 1138 2367 venerari.
1183 2325 1229 2367 Si
1262 2338 1351 2378 qua
1384 2337 1497 2367 vero
1527 2325 1805 2366 emerserint

0 2427 8 2435 .
34 2398 192 2438 contra
245 2396 510 2438 canonicam
577 2395 869 2449 disciplinam
935 2395 1225 2437 filiorum
1290 2408 1582 2448 meorum,
1649 2398 1804 2436 sancte

3 2456 5 2458 ¹
35 2464 240 2508 Romane
272 2466 469 2508 ecclesie
504 2465 824 2518 cardinalium,
858 2479 958 2507 cum
1004 2479 1258 2519 quorum
1304 2466 1582 2508 consilio
1626 2469 1670 2507 et
1703 2478 1805 2507 con-

36 2548 190 2589 sensu,
225 2536 487 2578 direccione
523 2540 567 2578 et
603 2537 998 2579 rememoracione
1035 2537 1343 2578 ministerium
1378 2550 1531 2578 meum
1565 2549 1723 2590 geram
1760 2539 1805 2577 et

35 2617 270 2660 peragam,
300 2606 493 2649 consilio
523 2606 776 2649 emendare
807 2610 885 2649 aut
914 2607 1152 2659 pacienter
1194 2610 1458 2659 excepta
1499 2606 1661 2648 fidei
1705 2610 1805 2648 aut

35 2676 390 2720 christiane
439 2677 787 2731 religionis
833 2678 1007 2730 gravi
1058 2678 1457 2730 offensione,
1503 2681 1581 2720 tua
1617 2681 1661 2719 et
1698 2678 1803 2718 bea-
1859 2709 1863 2712 .

33 2746 199 2789 tissimi
244 2749 494 2801 coapostoli
542 2749 605 2790 tui
654 2748 785 2790 Pauli
834 2749 1151 2800 patrocinante
1201 2749 1534 2790 intercessione
1580 2748 1802 2789 tollerare

27 2828 378 2870 ‚sacrosque
438 2830 710 2859 canones
770 2822 815 2860 et
876 2818 1176 2860 canonica
1239 2817 1538 2860 instituta
1598 2817 1803 2869 ponti-

35 2885 247 2940 ficum,
287 2891 336 2930 ut
361 2888 516 2930 divina
544 2892 588 2930 et
616 2888 968 2941 ecclesiastica)
1001 2888 1215 2930 mandata
1246 2889 1344 2929 Deo
1372 2888 1626 2930 auxiliante
1655 2890 1801 2929 custo-

0 2949 136 3000 ‘'dire
162 2962 317 3012 utpote
344 2958 442 3000 Deo
466 2963 512 3002 et
537 2959 625 3000 sibi
651 2959 803 3001 sciens
830 2971 901 3000 me
928 2959 1217 3000 redditurum
1246 2958 1303 3000 de
1329 2958 1557 3009 omnibus,
1582 2970 1670 3010 que
1699 2970 1801 3010 pro-

141 3066 170 3092 ὃ)
194 3061 229 3093 Ε,
251 3061 274 3088 C
291 3060 487 3088 ministerio.
527 3061 559 3094 b)
573 3061 749 3095 septimum
767 3081 772 3087 .
788 3083 794 3089 .
809 3083 814 3089 .
836 3060 1004 3088 Constant.
1016 3062 1048 3087 in
1065 3061 1086 3088 S
1101 3069 1150 3087 (ιηι
1169 3062 1281 3088 lentule
1297 3061 1540 3093 macharem-naeu.
1579 3067 1606 3087 cv
1623 3059 1792 3086 (scelus-tiu
