2227 3434
233 135 272 173 C.
311 137 390 172 Der
413 136 654 173 literarische
681 137 824 182 Kampf
848 148 910 173 um
938 138 1002 173 die
1027 138 1201 183 Stellung
1226 139 1295 173 des
1321 139 1481 183 Papstes
1507 150 1590 174 zum
1621 140 1765 174 Konzil.
1800 142 1882 184 717

117 254 164 297 in
199 267 475 309 quocunque
509 269 621 298 casu
654 257 765 311 vult,
802 256 911 298 dum
946 260 1101 299 tamen
1136 257 1221 299 hoc
1257 257 1343 300 fiat
1377 270 1464 311 per
1497 257 1683 300 modum
1720 260 1884 301 consti-

114 327 312 369 tucionis
341 327 578 379 generalis
605 330 652 368 et
683 339 776 369 non
807 327 865 369 sit
893 331 1052 370 contra
1086 329 1236 381 legem
1267 328 1472 370 divinam
1502 329 1576 370 vel
1608 329 1883 381 naturalem,

114 396 359 438 concilium
383 400 535 450 potest
560 397 750 439 auferre
775 398 1106 440 execucionem
1131 411 1270 452 pape,
1297 411 1357 440 ex
1382 411 1474 452 quo
1496 403 1649 452 potest
1674 400 1882 452 obligare

115 479 223 509 eum
257 467 315 510 ad
350 466 663 509 obediendum
700 469 797 511 suis
832 468 1044 511 decretis.
1094 469 1148 511 Et
1183 470 1382 512 ulterius
1419 470 1641 523 sequitur,
1678 471 1801 523 quod
1837 471 1883 512 in

114 538 196 580 tali
234 550 346 580 casu
381 537 736 581 reformacionis
773 539 1008 591 generalis
1048 543 1094 581 et
1129 552 1252 593 papa
1290 540 1493 594 legitime
1530 540 1802 594 presidente
1839 546 1883 583 et

115 607 352 650 residente
387 609 632 650 concilium
665 621 759 651 non
793 609 942 651 solum
977 610 1116 652 habet
1149 610 1362 652 diffinire
1394 615 1441 653 et
1475 611 1804 664 determinare,
1839 611 1884 653 id

114 681 199 732 est,
225 691 319 721 non
344 679 494 722 solum
520 679 662 722 habet
686 682 961 733 potestatem
990 681 1281 733 approbandi
1308 685 1353 723 et
1379 682 1664 734 reprobandi
1691 683 1884 724 auctori-

115 748 254 791 tative
277 761 348 802 ea,
369 761 459 802 que
481 750 717 802 pertinent
739 750 798 793 ad
820 750 1222 803 reformacionem,
1245 764 1406 793 verum
1428 753 1574 794 eciam
1596 752 1738 795 habet
1759 757 1884 806 pote-

115 822 278 861 statem
323 819 639 862 committendi
686 820 1016 873 probacionem
1064 823 1316 874 sentencie,
1364 823 1435 864 cui
1483 824 1593 876 vult,
1640 836 1730 876 que
1779 827 1884 864 sunt

115 889 372 943 approbata
398 894 444 933 et
470 890 734 944 reprobata.
774 891 905 942 Quod
931 896 1003 935 est
1030 892 1278 934 manifeste
1307 897 1466 935 contra
1495 897 1705 946 quartam
1735 906 1884 936 asser-

114 960 307 1015 cionem,
343 962 603 1016 quoniama)
643 966 688 1005 et
723 962 808 1003 iste
846 963 1068 1004 articulus
1104 966 1256 1016 potest
1292 964 1561 1017 contingere
1597 964 1884 1006 decidendus

115 1031 162 1072 in
188 1030 528 1074 reformacione
556 1033 782 1085 generali,
810 1036 963 1074 utrum
993 1034 1051 1075 sit
1078 1033 1259 1086 melius,
1287 1047 1345 1075 an
1375 1035 1497 1087 quod
1525 1047 1647 1088 papa
1675 1035 1884 1088 proferat

114 1101 414 1144 diffinitivam
443 1103 728 1145 sentenciam
757 1103 954 1156 concilii,
983 1116 1041 1146 an
1071 1104 1194 1156 quod
1223 1104 1357 1157 alius,
1387 1117 1524 1157 quem
1553 1106 1798 1147 concilium
1827 1106 1884 1148 ad

114 1172 198 1215 hoc
227 1172 478 1227 deputavit,
503 1173 728 1226 proferat,
756 1174 956 1216 maxime
983 1187 1042 1215 ne
1069 1187 1155 1227 per
1181 1175 1279 1229 hoc,
1308 1175 1431 1228 quod
1457 1179 1528 1218 est
1555 1176 1717 1219 solitus
1744 1177 1883 1218 talem

114 1243 398 1286 sentenciam
428 1243 660 1296 proferre,
693 1248 878 1298 arroget
909 1245 1013 1298 sibi,
1045 1245 1168 1298 quod
1199 1246 1258 1288 ad
1290 1245 1441 1299 ipsum
1473 1247 1622 1289 solum
1652 1248 1883 1300 pertineat

114 1312 343 1356 diffinire.

230 1384 455 1428 Preterea
493 1385 605 1438 quid
642 1385 693 1427 in
731 1398 842 1428 casu
882 1386 1040 1428 dubii‘?
1095 1386 1321 1438 Quoniam
1361 1388 1559 1430 ecclesia
1598 1388 1738 1430 habet
1777 1401 1884 1430 exe-

113 1454 350 1497 cucionem
380 1455 483 1509 ipsa
516 1460 703 1499 carente
736 1460 925 1509 pastore
956 1469 1040 1498 nec
1075 1457 1324 1511 dubitatur,
1358 1459 1469 1511 quin
1503 1471 1625 1512 papa
1659 1459 1883 1512 deposito,

113 1525 236 1578 quod
266 1526 414 1568 eciam
448 1526 496 1568 in
530 1527 762 1579 superiori
795 1539 907 1570 casu
938 1527 1212 1581 continetur,
1247 1529 1349 1582 ipsa
1382 1529 1522 1571 habet
1554 1530 1884 1572 execucionem

112 1601 159 1640 et
194 1597 341 1639 eciam
377 1596 441 1638 ibi
478 1601 710 1640 constaret
744 1610 914 1651 papam
951 1611 1056 1641 esse
1094 1599 1449 1652 illegitimatum,
1487 1600 1702 1642 similiter
1739 1600 1883 1642 eciam

113 1666 309 1709 haberet
335 1667 683 1720 execucionem3
716 1680 877 1710 verum
907 1669 1019 1722 quid
1048 1670 1095 1710 in
1125 1682 1234 1712 casu
1264 1670 1422 1711 dubii‘?
1469 1671 1717 1713 Dubitatur
1744 1672 1884 1723 enim,

115 1739 268 1779 utrum
293 1750 416 1791 papa
442 1738 499 1780 sit
525 1738 842 1792 illegitimatus
867 1740 941 1781 vel
968 1751 1075 1782 non.
1115 1740 1170 1782 Et
1194 1745 1301 1783 sunt
1327 1740 1485 1794 aliqui,
1513 1741 1590 1794 qui
1617 1742 1777 1783 volunt
1801 1742 1885 1783 hoc

114 1807 315 1860 probare
338 1811 501 1851 contra
525 1821 645 1862 eum,
671 1812 716 1851 et
741 1810 899 1863 aliqui,
925 1811 1002 1863 qui
1028 1811 1188 1852 volunt
1214 1823 1318 1852 eum
1345 1811 1618 1854 defendere.
1655 1812 1884 1865 Numquid

116 1878 161 1920 in
188 1879 270 1920 tali
296 1891 410 1921 casu
435 1879 679 1921 concilium
708 1892 794 1922 seu
819 1881 1018 1924 ecclesia
1045 1881 1187 1923 habet
1213 1883 1575 1924 execucionem?
1617 1882 1663 1925 Si
1692 1882 1884 1935 dicatur,

114 1948 238 2001 quod
265 1949 344 2002 sic,
371 1952 479 1991 tunc
509 1950 632 2003 quia,
662 1963 763 1992 cum
793 1951 878 1993 hoc
909 1954 1010 2004 stat,
1041 1952 1163 2004 quod
1194 1965 1287 1994 non
1317 1952 1373 1995 sit
1403 1965 1579 2005 verum,
1611 1953 1733 2006 quod
1763 1965 1884 2006 papa

112 2019 171 2061 sit
191 2018 522 2072 illegitimatus,
544 2021 766 2073 sequitur,
787 2021 910 2075 quod
928 2020 1074 2063 eciam
1092 2025 1228 2064 extra
1248 2021 1355 2065 illos
1373 2034 1507 2065 casus
1528 2024 1726 2066 ecclesia
1746 2022 1886 2065 habet

114 2090 458 2133 execucionem.
494 2091 541 2134 Si
564 2104 671 2144 non,
695 2095 816 2145 tunc,
840 2104 900 2134 ex
924 2105 1016 2146 quo
1028 2105 1139 2135 casu
1155 2106 1255 2135 cum
1271 2097 1373 2146 stat,
1390 2094 1513 2146 quod
1527 2106 1649 2147 papa
1665 2095 1885 2148 sitillegi-

115 2160 315 2213 timatus,
348 2163 572 2215 sequitur,
608 2163 731 2215 quod
765 2163 812 2204 in
846 2163 926 2205 tali
962 2176 1071 2206 casu
1104 2177 1189 2205 nec
1223 2177 1309 2218 per
1342 2177 1511 2217 papam
1544 2178 1630 2207 nec
1663 2178 1748 2219 per
1782 2178 1884 2207 con-

114 2230 270 2273 cilium
295 2232 465 2286 poterit
489 2233 727 2286 provideri
753 2234 965 2287 ecclesie,
992 2234 1099 2287 quia
1125 2238 1290 2276 neuter
1316 2235 1456 2278 habet
1480 2236 1824 2278 execucionem.

233 2301 366 2344 Circa
389 2302 719 2356 probacionem
743 2304 947 2346 secunde
974 2304 1254 2348 assercion-is
1279 2305 1529 2358 dubitatur,
1555 2306 1677 2359 quod
1703 2306 1883 2359 dicitur,

113 2372 238 2424 quod
264 2385 390 2426 vpapa
420 2373 738 2426 illegitimatus
770 2375 843 2416 vel
877 2374 1116 2428 depositus
1147 2379 1342 2428 utraque
1375 2380 1513 2429 caret,
1546 2377 1719 2418 scilicet
1752 2377 1883 2418 iuris-

115 2442 312 2485 dictione
345 2446 391 2486 et
423 2444 719 2486 execucione.
766 2445 834 2486 Ex
863 2445 956 2487 ¹isto
987 2458 1187 2498 namque
1222 2445 1405 2488 videtur
1439 2447 1585 2499 sequi,
1620 2447 1742 2501 quod
1775 2447 1882 2489 olim

114 2512 354 2556 Johannes
381 2513 461 2556 diu
489 2518 594 2557 ante
625 2515 763 2558 desiit
789 2527 895 2558 esse
924 2528 1060 2569 papa,
1088 2529 1227 2569 quam
1255 2520 1382 2559 esset
1410 2517 1662 2570 depositus.
1704 2518 1815 2559 Nam
1845 2518 1880 2559 si

115 2582 432 2637 illegitimatus
465 2583 587 2626 idem
623 2584 870 2639 significat,
904 2586 1027 2639 quod
1061 2585 1240 2628 habens
1274 2587 1322 2628 in
1357 2599 1406 2630 se
1440 2600 1604 2630 causas
1639 2588 1882 2641 legitimas,

115 2656 308 2707 propter
328 2666 445 2707 quas
467 2654 637 2708 deponi
660 2656 821 2708 possit,
844 2656 959 2698 sicut
982 2656 1198 2698 videntur
1221 2657 1528 2710 probaciones
1552 2658 1637 2699 iste
1664 2659 1708 2699 in
1733 2670 1882 2700 corre-

115 2722 235 2766 lario
252 2735 439 2778 sonare,
458 2728 506 2766 et
527 2725 766 2768 <Iohannes
789 2726 867 2768 diu
891 2730 996 2769 ante
1020 2726 1181 2770 habuit
1196 2727 1242 2768 in
1260 2739 1309 2769 se
1324 2728 1444 2770 tales
1459 2740 1640 2779 causas,
1659 2729 1881 2780 sequitur,

114 2793 238 2846 quod
266 2794 346 2836 diu
372 2798 482 2836 ante
513 2795 600 2838 fuit
632 2796 948 2849 illegitimatus
976 2801 1024 2840 et
1054 2810 1139 2850 per
1169 2810 1461 2850 consequens
1492 2798 1569 2839 diu
1601 2802 1707 2840 ante
1737 2798 1881 2840 caruit

116 2863 432 2906 iurisdictione
467 2868 511 2907 et
542 2866 844 2918 execucione;
880 2870 950 2909 set
984 2867 1240 2909 iurisdictio
1273 2871 1318 2909 et
1350 2869 1569 2910 execucio
1601 2871 1647 2910 et
1682 2870 1880 2910 maxime

116 2933 373 2976 iurisdictio
396 2935 644 2989 constituit,
672 2937 780 2989 quia
807 2949 899 2979 non
927 2938 1182 2990 requiritur
1211 2937 1273 2978 ibi
1301 2937 1428 2979 ordo.
1471 2938 1589 2991 Ergo
1616 2941 1699 2980 etc.

220 3042 251 3069 n)
270 3017 381 3071 ᾖεῖιιι
404 3018 464 3064 vnitv
480 3037 820 3072 Abh·iir:un938r1·ich;
841 3039 910 3066 also
932 3039 1072 3073 quando.
