2227 3434
738 113 830 147 1417
854 112 945 147 Nov.
970 112 1010 147 21
1038 133 1080 137 -
1106 112 1194 146 Dez.
1220 111 1275 146 19.
1805 111 1890 153 523

123 235 169 275 et
195 231 421 285 gaudiosa
450 231 624 273 eleccio
653 230 773 272 facte
792 233 924 282 sunt,
955 230 1251 283 congregavit
1281 229 1471 281 utiliter,
1504 228 1722 271 adunavit
1754 228 1891 269 stabi-

124 303 245 356 liter,
289 301 554 344 defensavit
594 301 804 343 fideliter
846 304 890 343 et
932 300 1214 342 eleccionem
1258 299 1475 352 papalem
1518 302 1610 341 tam
1655 299 1803 340 libere
1847 301 1892 339 et

123 374 351 415 instanter
372 371 481 414 fieri
502 371 645 414 voluit
666 374 712 413 et
732 371 977 422 ordinavit,
1000 374 1048 412 ut
1069 373 1171 423 post
1193 371 1476 411 eleccionem
1502 369 1670 411 Mathie
1694 369 1890 421 apostoli

123 443 316 486 liberior
357 446 403 485 et
441 442 674 484 celebrior
713 454 806 483 non
848 441 1017 494 legitur
1057 441 1179 482 facta
1220 440 1380 482 fuisse.
1434 439 1553 492 Quid
1593 452 1718 492 ergo,
1759 442 1891 492 pater

122 517 278 556 sancte
303 516 348 555 et
371 516 532 565 patres
557 511 939 555 reverendissimi
968 524 1018 554 ac
1046 510 1220 553 domini
1246 510 1495 552 reverendi
1523 523 1609 563 pro
1632 510 1723 551 hiis
1750 508 1892 551 omni-

120 583 207 626 bus
254 582 406 625 eidem
453 583 758 625 serenissimo
804 581 1073 635 imperatori
1120 581 1448 633 retribuemus,
1494 580 1586 623 nisi
1631 579 1890 633 graciarum

122 653 346 706 acciones,
382 653 572 697 devotas
607 653 863 705 oraciones,
897 652 1050 695 laudis
1084 655 1130 694 et
1162 653 1310 705 glorie
1346 652 1536 694 crebras
1569 650 1892 692 exhibiciones

120 727 166 766 et
196 723 422 766 honorem
456 723 676 776 debitum,
710 723 788 777 qui
822 726 892 766 est
924 723 1154 776 premium
1188 722 1372 764 virtutis
1406 756 1414 764 .
1450 759 1457 765 .
1495 756 1502 763 .
1551 722 1684 774 Ergo,
1719 724 1890 774 patres,

120 794 246 837 iuxta
273 794 588 838 hortacionem
615 795 753 848 primi
780 793 940 836 vicarii
968 805 1126 846 regem
1151 792 1460 835 honorificate
1492 792 1533 845 (I
1562 792 1687 834 Petri
1714 791 1761 844 2)
1793 825 1801 833 .
1837 824 1846 832 .
1882 824 1890 832 .

238 866 294 908 Et
321 865 443 919 quia,
471 868 605 919 pater
633 867 804 917 sancte,
833 864 1051 907 instinctu
1079 863 1272 916 spiritus
1300 862 1444 905 sancti
1474 861 1681 905 crederis
1709 875 1814 904 esse
1844 862 1891 903 in

118 947 288 989 papam
317 935 494 978 electus
527 970 535 978 .
571 969 579 977 .
615 969 624 978 .
656 947 779 987 cura,
810 939 860 978 ut
890 935 1024 987 scias,
1056 934 1286 987 quomodo
1317 936 1528 986 oporteat
1559 933 1605 974 in
1638 933 1773 974 domo
1804 932 1890 973 Dei

117 1007 402 1059 conversari,
429 1018 540 1049 cura
568 1040 577 1049 .
613 1040 621 1048 .
657 1040 665 1048 .
694 1009 828 1059 pater
856 1008 1028 1058 sancte,
1055 1008 1104 1047 ut
1133 1004 1197 1048 sis
1226 1005 1484 1057 extirpator
1510 1003 1729 1046 falsitatis
1757 1003 1891 1044 here-

120 1090 222 1120 sum
258 1088 486 1130 errorum,
526 1077 817 1130 exemplator
855 1076 1109 1119 sanctitatis
1146 1079 1192 1117 et
1232 1087 1425 1128 operum
1463 1075 1704 1126 bonorum,
1744 1074 1891 1115 refor-

120 1151 268 1191 mator
286 1148 545 1190 honestatis
566 1150 611 1190 et
632 1150 776 1191 status
797 1147 1085 1189 clericorum,
1119 1146 1257 1199 Cura,
1280 1145 1482 1198 inquam,
1504 1148 1637 1198 pater
1660 1143 1891 1187 sanctissi-

119 1231 235 1273 mus,
260 1221 311 1261 ut
335 1219 400 1261 sis
427 1217 684 1277 extirpator
710 1217 929 1261 falsitatis
955 1218 1175 1259 heresum
1202 1220 1248 1258 et
1273 1229 1485 1258 errorum
1605 1216 1707 1257 sine
1735 1227 1891 1268 accep-

120 1288 259 1331 cione.
275 1301 597 1342 personarum,
624 1289 662 1332 si
686 1289 892 1331 heresim
917 1288 1065 1342 sapiat
1091 1323 1099 1330 .
1135 1323 1143 1330 .
1179 1322 1187 1330 .
1226 1287 1378 1330 Debet
1398 1290 1554 1329 tamen
1578 1286 1890 1328 hereticorum

119 1360 376 1414 extirpacio
398 1359 508 1402 fieri
530 1372 633 1402 cum
659 1359 868 1413 diligenti
893 1362 938 1402 et
963 1359 1098 1401 fideli
1122 1358 1475 1400 examinacione
1500 1357 1676 1411 previa,
1701 1361 1751 1400 ut
1773 1355 1890 1398 fide-

117 1430 225 1473 liter
253 1433 299 1473 et
326 1431 427 1473 sine
457 1429 633 1473 invidia
661 1429 980 1483 investigetur,
1010 1442 1099 1482 que
1129 1429 1319 1483 proprie
1351 1429 1408 1471 sit
1434 1428 1656 1480 heretica,
1685 1426 1889 1469 heresim

120 1500 323 1555 sapienS,
355 1514 444 1556 que
477 1501 765 1553 scandalosa,
798 1513 888 1554 que
919 1500 1158 1551 iniuriosa,
1193 1512 1281 1553 que
1313 1499 1495 1552 piarum
1528 1499 1709 1540 aurium
1741 1497 1891 1540 offen-

121 1571 232 1625 siva,
256 1585 316 1614 ex
341 1584 432 1625 qua
458 1572 722 1614 intencione
750 1572 807 1615 sit
831 1572 1025 1624 locutus,
1052 1572 1130 1624 qui
1155 1570 1356 1613 habetur
1381 1570 1436 1612 de
1463 1569 1620 1612 heresi
1647 1571 1890 1622 suspectus

119 1647 165 1686 et
200 1642 454 1686 secundum
490 1642 774 1696 qualitatem,
811 1642 857 1684 in
893 1655 982 1695 qua
1017 1641 1256 1694 fidelibus,
1291 1640 1425 1684 iustis
1460 1640 1892 1682 examinacionibus

119 1712 263 1757 fuerit
291 1712 555 1767 proposicio
583 1715 785 1766 reperta,
817 1712 1109 1754 diiudicetur.
1153 1712 1198 1755 Si
1230 1713 1355 1754 enim
1388 1724 1574 1765 semper
1603 1714 1728 1753 esset
1757 1710 1891 1752 here-

119 1784 272 1837 ticum,
313 1784 436 1837 quod
475 1783 731 1826 hereticum
773 1783 940 1826 dicitur
979 1787 1057 1826 aut
1097 1783 1327 1840 scribitur,
1370 1783 1460 1825 iam
1500 1781 1602 1824 fere
1644 1794 1806 1824 omnes
1847 1784 1891 1823 et

121 1854 336 1908 maiores,
359 1855 437 1908 qui
462 1858 569 1898 sunt
590 1855 648 1897 de
671 1867 865 1908 corpore
887 1855 1025 1896 huius
1051 1855 1170 1896 sacri
1194 1853 1390 1906 concilii,
1415 1856 1587 1905 essent,
1611 1852 1733 1905 quod
1757 1851 1890 1903 absit,

119 1925 313 1968 heretici
350 1928 396 1969 et
428 1928 556 1979 patet
590 1928 683 1968 tam
719 1939 778 1968 ex
812 1925 918 1978 hiis,
955 1937 1044 1978 que
1082 1924 1141 1967 ad
1174 1924 1324 1967 hostia
1359 1924 1664 1966 ecclesiarum
1700 1922 1891 1965 fuerunt

121 1995 290 2050 scripta
318 1996 391 2038 hic
419 1996 465 2038 in
496 1995 772 2039 Constancia
798 2000 1008 2049 tempore
1038 1995 1265 2038 moderno
1294 2029 1301 2037 .
1338 2033 1344 2038 .
1382 2029 1390 2037 .

237 2066 360 2110 Cura
386 2068 547 2120 eciam,
576 2070 711 2120 pater
739 2070 909 2120 sancte,
938 2070 988 2109 ut
1015 2067 1078 2109 sis
1107 2066 1400 2119 exemplator
1429 2065 1684 2108 sanctitatis
1712 2067 1757 2107 et
1785 2076 1892 2117 ope-

122 2151 223 2180 rum
240 2142 291 2182 et
307 2138 536 2181 bonorum
559 2172 567 2180 .
603 2172 611 2180 .
647 2172 655 2180 .
689 2138 825 2190 Cura,
846 2141 895 2180 ut
915 2150 1121 2180 summus
1142 2138 1207 2180 sis
1229 2138 1275 2179 in
1298 2136 1550 2179 sanctitatis
1571 2135 1731 2189 gradu.
1766 2135 1891 2187 Mon-

121 2211 303 2252 struosa
332 2207 455 2251 enim
485 2221 562 2252 res
592 2212 662 2251 est
690 2208 862 2262 gradus
891 2221 1097 2252 summus
1127 2212 1173 2250 et
1202 2207 1383 2250 animus
1412 2206 1619 2249 infimus.
1663 2241 1670 2248 .
1707 2240 1715 2248 .
1751 2240 1759 2248 .
1802 2205 1891 2247 Au-

120 2279 228 2333 dite,
253 2283 388 2334 pater
408 2283 583 2333 sancte,
611 2279 721 2333 quid
745 2283 900 2322 vestre
926 2279 1201 2322 beatitudini
1231 2278 1351 2320 dicat
1375 2279 1613 2320 laureatus
1642 2278 1727 2319 iste
1753 2279 1890 2330 poeta

122 2349 396 2393 Franciscus
420 2350 671 2393 Petrarcha
696 2350 817 2393 libro
842 2350 993 2403 primo
1018 2350 1074 2392 de
1100 2349 1322 2392 remediis
1346 2349 1590 2402 utriusque
1615 2348 1802 2390 fortune
1828 2381 1837 2389 .
1855 2381 1889 2389 ..

120 2420 220 2473 Quo
247 2421 395 2463 maior
422 2421 618 2463 urbibus
649 2421 793 2464 Roma
823 2424 908 2474 est,
938 2433 994 2463 eo
1025 2420 1172 2463 maior
1200 2419 1283 2462 tibi
1315 2420 1527 2462 laborum
1557 2419 1704 2461 moles
1736 2422 1890 2460 manet

211 2525 219 2534 .
271 2491 437 2545 Populi
477 2490 812 2535 discordiarum
854 2492 1178 2545 scelerumque
1218 2491 1422 2533 omnium
1461 2503 1582 2533 unus
1621 2490 1709 2542 tua)
1753 2501 1891 2531 causa

121 2560 363 2606 vocaberis
393 2595 403 2604 .
437 2594 448 2604 .
482 2595 492 2605 .

239 2631 361 2675 Cura
386 2632 546 2685 eciam,
571 2636 706 2687 pater
729 2635 900 2685 sancte,
925 2636 975 2676 ut
999 2632 1063 2676 sis
1090 2632 1369 2674 reformator
1391 2631 1648 2674 honestatis
1675 2634 1718 2672 et
1745 2633 1888 2672 status

122 2702 408 2745 clericorum.
457 2703 554 2746 Hoc
590 2707 660 2746 est
698 2716 875 2746 summe
913 2703 1230 2745 necessarium
1271 2704 1316 2744 in
1355 2702 1551 2744 ecclesia
1592 2701 1688 2745 Dei.
1741 2700 1889 2742 Video

120 2785 334 2826 namque,
363 2773 485 2826 quod
512 2774 676 2817 dolens
705 2774 877 2826 refero,
905 2773 1081 2816 clerum
1109 2786 1214 2815 esse
1243 2773 1551 2815 deformatum
1582 2771 1778 2824 turpiter
1804 2783 1889 2823 per

120 2843 505 2887 incontinenciam
533 2844 786 2887 affectuum
812 2844 1083 2897 carnalium,
1100 2843 1367 2886 defedatum
1385 2843 1539 2885 viliter
1552 2855 1638 2895 per
1654 2841 1890 2894 concupis-

120 2914 324 2956 cenciam
358 2926 514 2957 rerum
545 2915 886 2968 temporalium,
921 2914 1189 2957 inclinatum
1223 2915 1404 2957 vaniter
1436 2925 1522 2967 per
1553 2913 1622 2956 sui
1656 2913 1887 2955 excellen-

276 3018 329 3044 Mil
348 3017 432 3052 s019t
453 3019 496 3046 in.
