<?xml version="1.0" encoding="UTF-8"?>
<!DOCTYPE html PUBLIC "-//W3C//DTD XHTML 1.0 Transitional//EN"
    "http://www.w3.org/TR/xhtml1/DTD/xhtml1-transitional.dtd">
<html xmlns="http://www.w3.org/1999/xhtml" xml:lang="en" lang="en">
 <head>
  <title>
</title>
<meta http-equiv="Content-Type" content="text/html;charset=utf-8" />
  <meta name='ocr-system' content='tesseract 3.04.00' />
  <meta name='ocr-capabilities' content='ocr_page ocr_carea ocr_par ocr_line ocrx_word'/>
</head>
<body>
  <div class='ocr_page' id='page_1' title='image "./actaconciliicons02counuoft/actaconciliicons02counuoft_0073.png"; bbox 0 0 2227 3434; ppageno 0'>
   <div class='ocr_carea' id='block_1_1' title="bbox 551 172 1906 224">
    <p class='ocr_par' dir='ltr' id='par_1_1' title="bbox 551 172 1906 224">
     <span class='ocr_line' id='line_1_1' title="bbox 551 172 1906 224; baseline 0.006 -18"><span class='ocrx_word' id='word_1_1' title='bbox 551 173 594 207; x_wconf 91' lang='lat' dir='ltr'>A.</span> <span class='ocrx_word' id='word_1_2' title='bbox 635 172 832 209; x_wconf 84' lang='lat' dir='ltr'>Fillastres</span> <span class='ocrx_word' id='word_1_3' title='bbox 862 174 977 209; x_wconf 87' lang='lat' dir='ltr'>Gesta</span> <span class='ocrx_word' id='word_1_4' title='bbox 1004 175 1154 210; x_wconf 90' lang='lat' dir='ltr'>concilii</span> <span class='ocrx_word' id='word_1_5' title='bbox 1181 176 1495 212; x_wconf 78' lang='lat' dir='ltr'>Constantiensis.</span> <span class='ocrx_word' id='word_1_6' title='bbox 1852 183 1906 224; x_wconf 84' lang='lat'>59</span> 
     </span>
    </p>
   </div>
   <div class='ocr_carea' id='block_1_2' title="bbox 139 290 1910 842">
    <p class='ocr_par' dir='ltr' id='par_1_2' title="bbox 139 290 1907 546">
     <span class='ocr_line' id='line_1_2' title="bbox 140 290 1907 351; baseline 0.006 -20"><span class='ocrx_word' id='word_1_7' title='bbox 140 290 281 332; x_wconf 83' lang='lat' dir='ltr'>nichil</span> <span class='ocrx_word' id='word_1_8' title='bbox 307 295 652 344; x_wconf 89' lang='lat' dir='ltr'>proposuerunt</span> <span class='ocrx_word' id='word_1_9' title='bbox 679 295 749 334; x_wconf 94' lang='lat' dir='ltr'>set</span> <span class='ocrx_word' id='word_1_10' title='bbox 775 293 1104 336; x_wconf 86' lang='lat' dir='ltr'>intimaverunt</span> <span class='ocrx_word' id='word_1_11' title='bbox 1130 307 1269 336; x_wconf 89' lang='lat' dir='ltr'>unam</span> <span class='ocrx_word' id='word_1_12' title='bbox 1297 297 1635 348; x_wconf 92' lang='lat' dir='ltr'>apellacionem</span> <span class='ocrx_word' id='word_1_13' title='bbox 1663 311 1804 351; x_wconf 91' lang='lat' dir='ltr'>super</span> <span class='ocrx_word' id='word_1_14' title='bbox 1832 300 1907 341; x_wconf 94' lang='lat' dir='ltr'>de-</span> 
     </span>
     <span class='ocr_line' id='line_1_3' title="bbox 141 362 1906 421; baseline 0.005 -19"><span class='ocrx_word' id='word_1_15' title='bbox 141 365 266 403; x_wconf 86' lang='lat' dir='ltr'>creto</span> <span class='ocrx_word' id='word_1_16' title='bbox 303 362 561 404; x_wconf 88' lang='lat' dir='ltr'>monitorio.</span> <span class='ocrx_word' id='word_1_17' title='bbox 614 363 668 404; x_wconf 91' lang='lat' dir='ltr'>Et</span> <span class='ocrx_word' id='word_1_18' title='bbox 704 363 792 405; x_wconf 84' lang='lat' dir='ltr'>fuit</span> <span class='ocrx_word' id='word_1_19' title='bbox 830 365 898 406; x_wconf 89' lang='lat' dir='ltr'>eis</span> <span class='ocrx_word' id='word_1_20' title='bbox 939 365 1172 417; x_wconf 89' lang='lat' dir='ltr'>assignata</span> <span class='ocrx_word' id='word_1_21' title='bbox 1211 366 1311 408; x_wconf 93' lang='lat' dir='ltr'>dies</span> <span class='ocrx_word' id='word_1_22' title='bbox 1352 367 1466 409; x_wconf 81' lang='lat' dir='ltr'>iovis</span> <span class='ocrx_word' id='word_1_23' title='bbox 1506 380 1709 421; x_wconf 91' lang='lat' dir='ltr'>sequens</span> <span class='ocrx_word' id='word_1_24' title='bbox 1748 370 1906 411; x_wconf 83' lang='lat' dir='ltr'>ultima</span> 
     </span>
     <span class='ocr_line' id='line_1_4' title="bbox 139 432 1907 490; baseline 0.005 -17"><span class='ocrx_word' id='word_1_25' title='bbox 139 432 317 485; x_wconf 79' lang='lat' dir='ltr'>Aprilis</span> <span class='ocrx_word' id='word_1_26' title='bbox 367 433 425 475; x_wconf 88' lang='lat' dir='ltr'>ad</span> <span class='ocrx_word' id='word_1_27' title='bbox 475 434 854 486; x_wconf 88' lang='lat' dir='ltr'>respondendum</span> <span class='ocrx_word' id='word_1_28' title='bbox 906 437 1168 488; x_wconf 84' lang='lat' dir='ltr'>oppositum</span> <span class='ocrx_word' id='word_1_29' title='bbox 1220 441 1265 479; x_wconf 92' lang='lat' dir='ltr'>et</span> <span class='ocrx_word' id='word_1_30' title='bbox 1314 437 1661 490; x_wconf 89' lang='lat' dir='ltr'>procedendum</span> <span class='ocrx_word' id='word_1_31' title='bbox 1712 441 1907 482; x_wconf 88' lang='lat' dir='ltr'>ulterius</span> 
     </span>
     <span class='ocr_line' id='line_1_5' title="bbox 141 503 365 546; baseline 0 -2"><span class='ocrx_word' id='word_1_32' title='bbox 141 503 188 544; x_wconf 91' lang='lat' dir='ltr'>in</span> <span class='ocrx_word' id='word_1_33' title='bbox 213 515 365 546; x_wconf 88' lang='lat' dir='ltr'>causa.</span> 
     </span>
    </p>

    <p class='ocr_par' dir='ltr' id='par_1_3' title="bbox 139 574 1910 842">
     <span class='ocr_line' id='line_1_6' title="bbox 258 574 1909 629; baseline 0.005 -14"><span class='ocrx_word' id='word_1_34' title='bbox 258 574 343 616; x_wconf 91' lang='lat' dir='ltr'>Die</span> <span class='ocrx_word' id='word_1_35' title='bbox 375 575 491 618; x_wconf 79' lang='lat' dir='ltr'>iovis</span> <span class='ocrx_word' id='word_1_36' title='bbox 521 577 683 618; x_wconf 90' lang='lat' dir='ltr'>ultima</span> <span class='ocrx_word' id='word_1_37' title='bbox 713 577 890 629; x_wconf 80' lang='lat' dir='ltr'>Aprilis</span> <span class='ocrx_word' id='word_1_38' title='bbox 921 590 1043 620; x_wconf 91' lang='lat' dir='ltr'>anno</span> <span class='ocrx_word' id='word_1_39' title='bbox 1076 578 1383 621; x_wconf 92' lang='lat' dir='ltr'>MCCCCXVI</span> <span class='ocrx_word' id='word_1_40' title='bbox 1417 584 1461 622; x_wconf 86' lang='lat' dir='ltr'>et</span> <span class='ocrx_word' id='word_1_41' title='bbox 1492 580 1673 622; x_wconf 90' lang='lat' dir='ltr'>concilii</span> <span class='ocrx_word' id='word_1_42' title='bbox 1706 581 1909 623; x_wconf 91' lang='lat' dir='ltr'>secundo</span> 
     </span>
     <span class='ocr_line' id='line_1_7' title="bbox 140 645 1910 704; baseline 0.004 -17"><span class='ocrx_word' id='word_1_43' title='bbox 140 645 259 688; x_wconf 89' lang='lat' dir='ltr'>sedit</span> <span class='ocrx_word' id='word_1_44' title='bbox 286 646 530 688; x_wconf 89' lang='lat' dir='ltr'>concilium</span> <span class='ocrx_word' id='word_1_45' title='bbox 558 648 660 689; x_wconf 90' lang='lat' dir='ltr'>sine</span> <span class='ocrx_word' id='word_1_46' title='bbox 689 648 968 690; x_wconf 83' lang='lat' dir='ltr'>solennitate</span> <span class='ocrx_word' id='word_1_47' title='bbox 997 653 1042 691; x_wconf 92' lang='lat' dir='ltr'>et</span> <span class='ocrx_word' id='word_1_48' title='bbox 1070 649 1196 691; x_wconf 85' lang='lat' dir='ltr'>dedit</span> <span class='ocrx_word' id='word_1_49' title='bbox 1225 650 1494 703; x_wconf 79' lang='lat' dir='ltr'>Argentinis</span> <span class='ocrx_word' id='word_1_50' title='bbox 1523 653 1758 704; x_wconf 90' lang='lat' dir='ltr'>apostolos</span> <span class='ocrx_word' id='word_1_51' title='bbox 1786 652 1910 694; x_wconf 81' lang='lat' dir='ltr'>refu-</span> 
     </span>
     <span class='ocr_line' id='line_1_8' title="bbox 139 717 1908 775; baseline 0.004 -17"><span class='ocrx_word' id='word_1_52' title='bbox 139 717 329 760; x_wconf 90' lang='lat' dir='ltr'>tatorios</span> <span class='ocrx_word' id='word_1_53' title='bbox 362 730 462 760; x_wconf 89' lang='lat' dir='ltr'>cum</span> <span class='ocrx_word' id='word_1_54' title='bbox 496 719 694 771; x_wconf 91' lang='lat' dir='ltr'>quadam</span> <span class='ocrx_word' id='word_1_55' title='bbox 728 719 1049 762; x_wconf 90' lang='lat' dir='ltr'>declaracione</span> <span class='ocrx_word' id='word_1_56' title='bbox 1084 721 1334 763; x_wconf 80' lang='lat' dir='ltr'>verborum</span> <span class='ocrx_word' id='word_1_57' title='bbox 1368 722 1628 775; x_wconf 90' lang='lat' dir='ltr'>aliquorum</span> <span class='ocrx_word' id='word_1_58' title='bbox 1664 724 1908 775; x_wconf 89' lang='lat' dir='ltr'>monitorii,</span> 
     </span>
     <span class='ocr_line' id='line_1_9' title="bbox 140 788 1908 842; baseline 0.003 -12"><span class='ocrx_word' id='word_1_59' title='bbox 140 800 229 840; x_wconf 91' lang='lat' dir='ltr'>que</span> <span class='ocrx_word' id='word_1_60' title='bbox 259 788 316 830; x_wconf 92' lang='lat' dir='ltr'>ab</span> <span class='ocrx_word' id='word_1_61' title='bbox 345 788 613 842; x_wconf 83' lang='lat' dir='ltr'>Argentinis</span> <span class='ocrx_word' id='word_1_62' title='bbox 643 789 931 842; x_wconf 88' lang='lat' dir='ltr'>iniquitatem</span> <span class='ocrx_word' id='word_1_63' title='bbox 961 792 1199 833; x_wconf 89' lang='lat' dir='ltr'>continere</span> <span class='ocrx_word' id='word_1_64' title='bbox 1230 792 1517 834; x_wconf 87' lang='lat' dir='ltr'>dicebantur.</span> <span class='ocrx_word' id='word_1_65' title='bbox 1560 794 1614 835; x_wconf 92' lang='lat' dir='ltr'>Et</span> <span class='ocrx_word' id='word_1_66' title='bbox 1643 794 1908 836; x_wconf 89' lang='lat' dir='ltr'>mandatum</span> 
     </span>
    </p>
   </div>
   <div class='ocr_carea' id='block_1_3' title="bbox 139 859 1907 918">
    <p class='ocr_par' dir='ltr' id='par_1_4' title="bbox 139 859 1907 918">
     <span class='ocr_line' id='line_1_10' title="bbox 139 859 1907 918; baseline 0.003 -18"><span class='ocrx_word' id='word_1_67' title='bbox 139 861 209 901; x_wconf 90' lang='lat' dir='ltr'>est</span> <span class='ocrx_word' id='word_1_68' title='bbox 241 859 350 912; x_wconf 92' lang='lat' dir='ltr'>illis,</span> <span class='ocrx_word' id='word_1_69' title='bbox 385 861 421 902; x_wconf 94' lang='lat' dir='ltr'>si</span> <span class='ocrx_word' id='word_1_70' title='bbox 457 872 620 903; x_wconf 84' lang='lat' dir='ltr'>causas</span> <span class='ocrx_word' id='word_1_71' title='bbox 654 861 860 914; x_wconf 84' lang='lat' dir='ltr'>allegare</span> <span class='ocrx_word' id='word_1_72' title='bbox 895 862 1070 904; x_wconf 86' lang='lat' dir='ltr'>vellent</span> <span class='ocrx_word' id='word_1_73' title='bbox 1102 866 1260 905; x_wconf 91' lang='lat' dir='ltr'>contra</span> <span class='ocrx_word' id='word_1_74' title='bbox 1292 863 1601 917; x_wconf 91' lang='lat' dir='ltr'>monitorium,</span> <span class='ocrx_word' id='word_1_75' title='bbox 1636 865 1907 918; x_wconf 86' lang='lat' dir='ltr'>allegarent.</span> 
     </span>
    </p>
   </div>
   <div class='ocr_carea' id='block_1_4' title="bbox 140 929 1910 1130">
    <p class='ocr_par' dir='ltr' id='par_1_5' title="bbox 140 929 1910 1130">
     <span class='ocr_line' id='line_1_11' title="bbox 141 929 1910 988; baseline 0.003 -17"><span class='ocrx_word' id='word_1_76' title='bbox 141 929 417 972; x_wconf 85' lang='lat' dir='ltr'>Procurator</span> <span class='ocrx_word' id='word_1_77' title='bbox 442 943 603 973; x_wconf 93' lang='lat' dir='ltr'>eorum</span> <span class='ocrx_word' id='word_1_78' title='bbox 628 931 769 972; x_wconf 90' lang='lat' dir='ltr'>nichil</span> <span class='ocrx_word' id='word_1_79' title='bbox 796 933 1051 985; x_wconf 80' lang='lat' dir='ltr'>respondit,</span> <span class='ocrx_word' id='word_1_80' title='bbox 1078 937 1149 975; x_wconf 90' lang='lat' dir='ltr'>set</span> <span class='ocrx_word' id='word_1_81' title='bbox 1174 933 1422 976; x_wconf 77' lang='lat' dir='ltr'>advocatus</span> <span class='ocrx_word' id='word_1_82' title='bbox 1448 938 1668 987; x_wconf 89' lang='lat' dir='ltr'>presente</span> <span class='ocrx_word' id='word_1_83' title='bbox 1694 948 1910 988; x_wconf 90' lang='lat' dir='ltr'>procura-</span> 
     </span>
     <span class='ocr_line' id='line_1_12' title="bbox 141 1001 1908 1055; baseline 0.003 -13"><span class='ocrx_word' id='word_1_84' title='bbox 141 1004 240 1043; x_wconf 79' lang='lat' dir='ltr'>tore</span> <span class='ocrx_word' id='word_1_85' title='bbox 277 1001 430 1054; x_wconf 87' lang='lat' dir='ltr'>peciit,</span> <span class='ocrx_word' id='word_1_86' title='bbox 468 1002 591 1055; x_wconf 91' lang='lat' dir='ltr'>quod</span> <span class='ocrx_word' id='word_1_87' title='bbox 629 1002 819 1045; x_wconf 91' lang='lat' dir='ltr'>daretur</span> <span class='ocrx_word' id='word_1_88' title='bbox 857 1004 949 1045; x_wconf 89' lang='lat' dir='ltr'>alia</span> <span class='ocrx_word' id='word_1_89' title='bbox 986 1004 1088 1046; x_wconf 90' lang='lat' dir='ltr'>dies</span> <span class='ocrx_word' id='word_1_90' title='bbox 1126 1005 1183 1046; x_wconf 90' lang='lat' dir='ltr'>ad</span> <span class='ocrx_word' id='word_1_91' title='bbox 1219 1005 1304 1046; x_wconf 92' lang='lat' dir='ltr'>hoc</span> <span class='ocrx_word' id='word_1_92' title='bbox 1342 1008 1386 1047; x_wconf 87' lang='lat' dir='ltr'>et</span> <span class='ocrx_word' id='word_1_93' title='bbox 1422 1005 1510 1047; x_wconf 83' lang='lat' dir='ltr'>fuit</span> <span class='ocrx_word' id='word_1_94' title='bbox 1547 1006 1652 1048; x_wconf 89' lang='lat' dir='ltr'>data</span> <span class='ocrx_word' id='word_1_95' title='bbox 1691 1007 1749 1048; x_wconf 92' lang='lat' dir='ltr'>ad</span> <span class='ocrx_word' id='word_1_96' title='bbox 1786 1006 1908 1048; x_wconf 90' lang='lat' dir='ltr'>diem</span> 
     </span>
     <span class='ocr_line' id='line_1_13' title="bbox 140 1072 1908 1130; baseline 0.003 -16"><span class='ocrx_word' id='word_1_97' title='bbox 140 1072 321 1114; x_wconf 90' lang='lat' dir='ltr'>sabbati</span> <span class='ocrx_word' id='word_1_98' title='bbox 347 1077 620 1126; x_wconf 88' lang='lat' dir='ltr'>sequentem</span> <span class='ocrx_word' id='word_1_99' title='bbox 650 1074 705 1116; x_wconf 94' lang='grc' dir='ltr'>ΙΙ.</span> <span class='ocrx_word' id='word_1_100' title='bbox 737 1074 843 1117; x_wconf 91' lang='lat' dir='ltr'>Maii</span> <span class='ocrx_word' id='word_1_101' title='bbox 870 1078 915 1116; x_wconf 91' lang='lat' dir='ltr'>et</span> <span class='ocrx_word' id='word_1_102' title='bbox 942 1076 1003 1117; x_wconf 90' lang='lat' dir='ltr'>ita</span> <span class='ocrx_word' id='word_1_103' title='bbox 1030 1075 1116 1117; x_wconf 85' lang='lat' dir='ltr'>visi</span> <span class='ocrx_word' id='word_1_104' title='bbox 1143 1079 1250 1118; x_wconf 89' lang='lat' dir='ltr'>sunt</span> <span class='ocrx_word' id='word_1_105' title='bbox 1276 1077 1554 1118; x_wconf 87' lang='lat' dir='ltr'>renunciare</span> <span class='ocrx_word' id='word_1_106' title='bbox 1583 1078 1908 1130; x_wconf 89' lang='lat' dir='ltr'>appellacioni.</span> 
     </span>
    </p>
   </div>
   <div class='ocr_carea' id='block_1_5' title="bbox 139 1155 1912 3061">
    <p class='ocr_par' dir='ltr' id='par_1_6' title="bbox 139 1155 1912 2495">
     <span class='ocr_line' id='line_1_14' title="bbox 263 1155 1908 1211; baseline 0.003 -14"><span class='ocrx_word' id='word_1_107' title='bbox 263 1155 374 1197; x_wconf 87' lang='lat' dir='ltr'>Item</span> <span class='ocrx_word' id='word_1_108' title='bbox 398 1156 473 1198; x_wconf 89' lang='lat' dir='ltr'>die</span> <span class='ocrx_word' id='word_1_109' title='bbox 497 1156 612 1199; x_wconf 83' lang='lat' dir='ltr'>iovis</span> <span class='ocrx_word' id='word_1_110' title='bbox 635 1157 796 1199; x_wconf 91' lang='lat' dir='ltr'>ultima</span> <span class='ocrx_word' id='word_1_111' title='bbox 817 1157 994 1210; x_wconf 81' lang='lat' dir='ltr'>Aprilis</span> <span class='ocrx_word' id='word_1_112' title='bbox 1019 1159 1120 1211; x_wconf 90' lang='lat' dir='ltr'>ipso</span> <span class='ocrx_word' id='word_1_113' title='bbox 1144 1158 1337 1201; x_wconf 93' lang='lat' dir='ltr'>sedente</span> <span class='ocrx_word' id='word_1_114' title='bbox 1361 1160 1556 1201; x_wconf 91' lang='lat' dir='ltr'>concilio</span> <span class='ocrx_word' id='word_1_115' title='bbox 1579 1160 1769 1201; x_wconf 86' lang='lat' dir='ltr'>fuerunt</span> <span class='ocrx_word' id='word_1_116' title='bbox 1792 1161 1908 1202; x_wconf 91' lang='lat' dir='ltr'>lecte</span> 
     </span>
     <span class='ocr_line' id='line_1_15' title="bbox 141 1227 1908 1284; baseline 0.002 -16"><span class='ocrx_word' id='word_1_117' title='bbox 141 1227 293 1268; x_wconf 90' lang='lat' dir='ltr'>littere</span> <span class='ocrx_word' id='word_1_118' title='bbox 325 1227 465 1270; x_wconf 89' lang='lat' dir='ltr'>misse</span> <span class='ocrx_word' id='word_1_119' title='bbox 499 1228 692 1270; x_wconf 88' lang='lat' dir='ltr'>concilio</span> <span class='ocrx_word' id='word_1_120' title='bbox 722 1229 999 1272; x_wconf 86' lang='lat' dir='ltr'>nunciantes</span> <span class='ocrx_word' id='word_1_121' title='bbox 1032 1233 1224 1271; x_wconf 88' lang='lat' dir='ltr'>mortem</span> <span class='ocrx_word' id='word_1_122' title='bbox 1258 1231 1382 1283; x_wconf 90' lang='lat' dir='ltr'>regis</span> <span class='ocrx_word' id='word_1_123' title='bbox 1415 1231 1681 1284; x_wconf 81' lang='lat' dir='ltr'>Aragonum</span> <span class='ocrx_word' id='word_1_124' title='bbox 1715 1231 1789 1273; x_wconf 93' lang='lat' dir='ltr'>die</span> <span class='ocrx_word' id='word_1_125' title='bbox 1828 1232 1908 1272; x_wconf 91' lang='grc' dir='ltr'><strong>ΙΙΙ.</strong></span> 
     </span>
     <span class='ocr_line' id='line_1_16' title="bbox 140 1298 1910 1354; baseline 0.002 -15"><span class='ocrx_word' id='word_1_126' title='bbox 140 1298 330 1350; x_wconf 85' lang='lat' dir='ltr'>Aprilis,</span> <span class='ocrx_word' id='word_1_127' title='bbox 359 1298 415 1340; x_wconf 94' lang='lat' dir='ltr'>de</span> <span class='ocrx_word' id='word_1_128' title='bbox 445 1311 535 1351; x_wconf 94' lang='lat' dir='ltr'>quo</span> <span class='ocrx_word' id='word_1_129' title='bbox 562 1299 755 1341; x_wconf 91' lang='lat' dir='ltr'>nimium</span> <span class='ocrx_word' id='word_1_130' title='bbox 783 1301 1039 1342; x_wconf 91' lang='lat' dir='ltr'>contristati</span> <span class='ocrx_word' id='word_1_131' title='bbox 1069 1300 1260 1342; x_wconf 87' lang='lat' dir='ltr'>fuerunt</span> <span class='ocrx_word' id='word_1_132' title='bbox 1289 1313 1463 1353; x_wconf 89' lang='lat' dir='ltr'>omnes,</span> <span class='ocrx_word' id='word_1_133' title='bbox 1493 1302 1711 1354; x_wconf 87' lang='lat' dir='ltr'>quoniam</span> <span class='ocrx_word' id='word_1_134' title='bbox 1739 1314 1798 1343; x_wconf 84' lang='lat' dir='ltr'>ex</span> <span class='ocrx_word' id='word_1_135' title='bbox 1826 1302 1910 1343; x_wconf 91' lang='lat' dir='ltr'>hoc</span> 
     </span>
     <span class='ocr_line' id='line_1_17' title="bbox 140 1368 1912 1425; baseline 0.002 -15"><span class='ocrx_word' id='word_1_136' title='bbox 140 1368 326 1411; x_wconf 89' lang='lat' dir='ltr'>timetur</span> <span class='ocrx_word' id='word_1_137' title='bbox 356 1381 572 1423; x_wconf 90' lang='lat' dir='ltr'>magnum</span> <span class='ocrx_word' id='word_1_138' title='bbox 601 1370 861 1423; x_wconf 89' lang='lat' dir='ltr'>periculum</span> <span class='ocrx_word' id='word_1_139' title='bbox 892 1371 937 1412; x_wconf 92' lang='lat' dir='ltr'>in</span> <span class='ocrx_word' id='word_1_140' title='bbox 968 1371 1159 1424; x_wconf 90' lang='lat' dir='ltr'>negocio</span> <span class='ocrx_word' id='word_1_141' title='bbox 1189 1372 1387 1414; x_wconf 90' lang='lat' dir='ltr'>unionis.</span> <span class='ocrx_word' id='word_1_142' title='bbox 1431 1373 1484 1414; x_wconf 83' lang='lat' dir='ltr'>Et</span> <span class='ocrx_word' id='word_1_143' title='bbox 1516 1386 1657 1425; x_wconf 91' lang='lat' dir='ltr'>super</span> <span class='ocrx_word' id='word_1_144' title='bbox 1687 1373 1771 1415; x_wconf 91' lang='lat' dir='ltr'>hoc</span> <span class='ocrx_word' id='word_1_145' title='bbox 1802 1373 1912 1414; x_wconf 86' lang='lat' dir='ltr'>fecit</span> 
     </span>
     <span class='ocr_line' id='line_1_18' title="bbox 141 1439 1910 1495; baseline 0.002 -14"><span class='ocrx_word' id='word_1_146' title='bbox 141 1439 331 1482; x_wconf 91' lang='lat' dir='ltr'>brevem</span> <span class='ocrx_word' id='word_1_147' title='bbox 354 1444 398 1482; x_wconf 93' lang='lat' dir='ltr'>et</span> <span class='ocrx_word' id='word_1_148' title='bbox 420 1441 628 1494; x_wconf 90' lang='lat' dir='ltr'>pulcram</span> <span class='ocrx_word' id='word_1_149' title='bbox 653 1442 954 1483; x_wconf 91' lang='lat' dir='ltr'>collacionem</span> <span class='ocrx_word' id='word_1_150' title='bbox 977 1443 1225 1495; x_wconf 90' lang='lat' dir='ltr'>episcopus</span> <span class='ocrx_word' id='word_1_151' title='bbox 1249 1443 1509 1485; x_wconf 87' lang='lat' dir='ltr'>Laudensis</span> <span class='ocrx_word' id='word_1_152' title='bbox 1534 1444 1590 1485; x_wconf 91' lang='lat' dir='ltr'>de</span> <span class='ocrx_word' id='word_1_153' title='bbox 1614 1443 1778 1485; x_wconf 92' lang='lat' dir='ltr'>ordine</span> <span class='ocrx_word' id='word_1_154' title='bbox 1803 1444 1910 1485; x_wconf 90' lang='lat' dir='ltr'>Pre-</span> 
     </span>
     <span class='ocr_line' id='line_1_19' title="bbox 140 1511 1910 1566; baseline 0.002 -14"><span class='ocrx_word' id='word_1_155' title='bbox 140 1511 394 1553; x_wconf 85' lang='lat' dir='ltr'>dicatorum</span> <span class='ocrx_word' id='word_1_156' title='bbox 423 1511 480 1553; x_wconf 91' lang='lat' dir='ltr'>de</span> <span class='ocrx_word' id='word_1_157' title='bbox 511 1512 729 1555; x_wconf 91' lang='lat' dir='ltr'>laudibus</span> <span class='ocrx_word' id='word_1_158' title='bbox 758 1513 864 1555; x_wconf 91' lang='lat' dir='ltr'>dicti</span> <span class='ocrx_word' id='word_1_159' title='bbox 897 1514 1021 1566; x_wconf 88' lang='lat' dir='ltr'>regis</span> <span class='ocrx_word' id='word_1_160' title='bbox 1050 1517 1095 1555; x_wconf 90' lang='lat' dir='ltr'>et</span> <span class='ocrx_word' id='word_1_161' title='bbox 1123 1513 1315 1556; x_wconf 89' lang='lat' dir='ltr'>tristicia</span> <span class='ocrx_word' id='word_1_162' title='bbox 1346 1515 1416 1555; x_wconf 92' lang='lat' dir='ltr'>sui</span> <span class='ocrx_word' id='word_1_163' title='bbox 1449 1514 1600 1556; x_wconf 89' lang='lat' dir='ltr'>obitus</span> <span class='ocrx_word' id='word_1_164' title='bbox 1631 1517 1675 1556; x_wconf 96' lang='lat' dir='ltr'>et</span> <span class='ocrx_word' id='word_1_165' title='bbox 1705 1515 1910 1557; x_wconf 88' lang='lat' dir='ltr'>consola-</span> 
     </span>
     <span class='ocr_line' id='line_1_20' title="bbox 139 1583 1911 1639; baseline 0.002 -15"><span class='ocrx_word' id='word_1_166' title='bbox 139 1583 270 1625; x_wconf 88' lang='lat' dir='ltr'>cione</span> <span class='ocrx_word' id='word_1_167' title='bbox 301 1583 496 1636; x_wconf 86' lang='lat' dir='ltr'>concilii,</span> <span class='ocrx_word' id='word_1_168' title='bbox 528 1584 635 1637; x_wconf 90' lang='lat' dir='ltr'>quia</span> <span class='ocrx_word' id='word_1_169' title='bbox 666 1584 797 1626; x_wconf 81' lang='lat' dir='ltr'>filius</span> <span class='ocrx_word' id='word_1_170' title='bbox 830 1597 1070 1627; x_wconf 88' lang='lat' dir='ltr'>successor</span> <span class='ocrx_word' id='word_1_171' title='bbox 1102 1589 1431 1638; x_wconf 78' lang='lat' dir='ltr'>perseveraret</span> <span class='ocrx_word' id='word_1_172' title='bbox 1464 1586 1509 1626; x_wconf 92' lang='lat' dir='ltr'>in</span> <span class='ocrx_word' id='word_1_173' title='bbox 1541 1586 1687 1638; x_wconf 92' lang='lat' dir='ltr'>ceptis</span> <span class='ocrx_word' id='word_1_174' title='bbox 1718 1598 1803 1638; x_wconf 91' lang='lat' dir='ltr'>per</span> <span class='ocrx_word' id='word_1_175' title='bbox 1833 1598 1911 1639; x_wconf 92' lang='lat' dir='ltr'>pa-</span> 
     </span>
     <span class='ocr_line' id='line_1_21' title="bbox 140 1654 1910 1710; baseline 0.001 -14"><span class='ocrx_word' id='word_1_176' title='bbox 140 1657 271 1696; x_wconf 87' lang='lat' dir='ltr'>trem.</span> <span class='ocrx_word' id='word_1_177' title='bbox 308 1654 662 1708; x_wconf 90' lang='lat' dir='ltr'>Consequenter</span> <span class='ocrx_word' id='word_1_178' title='bbox 686 1656 796 1698; x_wconf 83' lang='lat' dir='ltr'>fecit</span> <span class='ocrx_word' id='word_1_179' title='bbox 821 1656 958 1698; x_wconf 87' lang='lat' dir='ltr'>aliam</span> <span class='ocrx_word' id='word_1_180' title='bbox 984 1656 1285 1698; x_wconf 89' lang='lat' dir='ltr'>collacionem</span> <span class='ocrx_word' id='word_1_181' title='bbox 1310 1657 1519 1709; x_wconf 91' lang='lat' dir='ltr'>pulcram</span> <span class='ocrx_word' id='word_1_182' title='bbox 1544 1657 1601 1698; x_wconf 91' lang='lat' dir='ltr'>ad</span> <span class='ocrx_word' id='word_1_183' title='bbox 1626 1656 1748 1698; x_wconf 90' lang='lat' dir='ltr'>idem</span> <span class='ocrx_word' id='word_1_184' title='bbox 1773 1669 1910 1710; x_wconf 91' lang='lat' dir='ltr'>gene-</span> 
     </span>
     <span class='ocr_line' id='line_1_22' title="bbox 140 1726 1907 1780; baseline 0 -12"><span class='ocrx_word' id='word_1_185' title='bbox 140 1727 253 1768; x_wconf 76' lang='lat' dir='ltr'>ralis</span> <span class='ocrx_word' id='word_1_186' title='bbox 287 1726 506 1780; x_wconf 91' lang='lat' dir='ltr'>magister</span> <span class='ocrx_word' id='word_1_187' title='bbox 539 1726 718 1769; x_wconf 92' lang='lat' dir='ltr'>ordinis</span> <span class='ocrx_word' id='word_1_188' title='bbox 751 1731 907 1770; x_wconf 91' lang='lat' dir='ltr'>sancte</span> <span class='ocrx_word' id='word_1_189' title='bbox 943 1728 1088 1770; x_wconf 89' lang='lat' dir='ltr'>Marie</span> <span class='ocrx_word' id='word_1_190' title='bbox 1123 1728 1179 1769; x_wconf 94' lang='lat' dir='ltr'>de</span> <span class='ocrx_word' id='word_1_191' title='bbox 1219 1728 1445 1779; x_wconf 79' lang='lat' dir='ltr'>Mercede,</span> <span class='ocrx_word' id='word_1_192' title='bbox 1480 1728 1770 1770; x_wconf 86' lang='lat' dir='ltr'>ambaxiator</span> <span class='ocrx_word' id='word_1_193' title='bbox 1803 1728 1907 1769; x_wconf 90' lang='lat' dir='ltr'>dicti</span> 
     </span>
     <span class='ocr_line' id='line_1_23' title="bbox 141 1792 1910 1852; baseline 0.001 -13"><span class='ocrx_word' id='word_1_194' title='bbox 141 1799 265 1851; x_wconf 88' lang='lat' dir='ltr'>regis</span> <span class='ocrx_word' id='word_1_195' title='bbox 305 1798 526 1840; x_wconf 81' lang='lat' dir='ltr'>defuncti.</span> <span class='ocrx_word' id='word_1_196' title='bbox 581 1792 746 1841; x_wconf 80' lang='lat' dir='ltr'>Postea</span> <span class='ocrx_word' id='word_1_197' title='bbox 786 1799 976 1840; x_wconf 83' lang='lat' dir='ltr'>fuerunt</span> <span class='ocrx_word' id='word_1_198' title='bbox 1017 1800 1133 1840; x_wconf 89' lang='lat' dir='ltr'>lecte</span> <span class='ocrx_word' id='word_1_199' title='bbox 1174 1800 1327 1841; x_wconf 91' lang='lat' dir='ltr'>littere</span> <span class='ocrx_word' id='word_1_200' title='bbox 1369 1799 1492 1852; x_wconf 89' lang='lat' dir='ltr'>regis</span> <span class='ocrx_word' id='word_1_201' title='bbox 1534 1799 1727 1841; x_wconf 88' lang='lat' dir='ltr'>Francie</span> <span class='ocrx_word' id='word_1_202' title='bbox 1769 1811 1910 1852; x_wconf 89' lang='lat' dir='ltr'>super</span> 
     </span>
     <span class='ocr_line' id='line_1_24' title="bbox 140 1870 1911 1923; baseline -0.001 -11"><span class='ocrx_word' id='word_1_203' title='bbox 140 1882 279 1912; x_wconf 87' lang='lat' dir='ltr'>causa</span> <span class='ocrx_word' id='word_1_204' title='bbox 318 1883 485 1912; x_wconf 86' lang='lat' dir='ltr'>novem</span> <span class='ocrx_word' id='word_1_205' title='bbox 527 1870 843 1913; x_wconf 89' lang='lat' dir='ltr'>assercionum</span> <span class='ocrx_word' id='word_1_206' title='bbox 885 1870 942 1912; x_wconf 91' lang='lat' dir='ltr'>de</span> <span class='ocrx_word' id='word_1_207' title='bbox 983 1871 1182 1923; x_wconf 85' lang='lat' dir='ltr'>quadam</span> <span class='ocrx_word' id='word_1_208' title='bbox 1223 1870 1548 1923; x_wconf 92' lang='lat' dir='ltr'>proposicione</span> <span class='ocrx_word' id='word_1_209' title='bbox 1589 1870 1796 1923; x_wconf 85' lang='lat' dir='ltr'>magistri</span> <span class='ocrx_word' id='word_1_210' title='bbox 1838 1870 1911 1912; x_wconf 83' lang='lat' dir='ltr'>Jo-</span> 
     </span>
     <span class='ocr_line' id='line_1_25' title="bbox 140 1941 1909 1995; baseline -0.001 -12"><span class='ocrx_word' id='word_1_211' title='bbox 140 1941 308 1984; x_wconf 87' lang='lat' dir='ltr'>hannis</span> <span class='ocrx_word' id='word_1_212' title='bbox 349 1942 483 1984; x_wconf 80' lang='lat' dir='ltr'>Parvi</span> <span class='ocrx_word' id='word_1_213' title='bbox 524 1942 644 1984; x_wconf 83' lang='lat' dir='ltr'>facta</span> <span class='ocrx_word' id='word_1_214' title='bbox 684 1941 906 1994; x_wconf 80' lang='lat' dir='ltr'>Parisius,</span> <span class='ocrx_word' id='word_1_215' title='bbox 946 1954 1083 1995; x_wconf 87' lang='lat' dir='ltr'>quam</span> <span class='ocrx_word' id='word_1_216' title='bbox 1123 1942 1317 1984; x_wconf 87' lang='lat' dir='ltr'>vocabat</span> <span class='ocrx_word' id='word_1_217' title='bbox 1357 1942 1742 1983; x_wconf 81' lang='lat' dir='ltr'>iustificacionem</span> <span class='ocrx_word' id='word_1_218' title='bbox 1782 1941 1909 1982; x_wconf 91' lang='lat' dir='ltr'>ducis</span> 
     </span>
     <span class='ocr_line' id='line_1_26' title="bbox 141 2012 1911 2066; baseline -0.001 -12"><span class='ocrx_word' id='word_1_219' title='bbox 141 2012 408 2066; x_wconf 88' lang='lat' dir='ltr'>Burgundie</span> <span class='ocrx_word' id='word_1_220' title='bbox 442 2025 584 2066; x_wconf 91' lang='lat' dir='ltr'>super</span> <span class='ocrx_word' id='word_1_221' title='bbox 616 2013 862 2055; x_wconf 88' lang='lat' dir='ltr'>homicidio</span> <span class='ocrx_word' id='word_1_222' title='bbox 894 2013 1023 2055; x_wconf 90' lang='lat' dir='ltr'>ducis</span> <span class='ocrx_word' id='word_1_223' title='bbox 1056 2013 1429 2065; x_wconf 82' lang='lat' dir='ltr'>Aurelianensis,</span> <span class='ocrx_word' id='word_1_224' title='bbox 1461 2013 1621 2054; x_wconf 85' lang='lat' dir='ltr'>fratris</span> <span class='ocrx_word' id='word_1_225' title='bbox 1654 2012 1777 2066; x_wconf 88' lang='lat' dir='ltr'>regis</span> <span class='ocrx_word' id='word_1_226' title='bbox 1807 2024 1911 2065; x_wconf 92' lang='lat' dir='ltr'>pre-</span> 
     </span>
     <span class='ocr_line' id='line_1_27' title="bbox 141 2083 1909 2137; baseline -0.001 -11"><span class='ocrx_word' id='word_1_227' title='bbox 141 2084 262 2137; x_wconf 89' lang='lat' dir='ltr'>dicti,</span> <span class='ocrx_word' id='word_1_228' title='bbox 289 2085 346 2126; x_wconf 87' lang='lat' dir='ltr'>de</span> <span class='ocrx_word' id='word_1_229' title='bbox 373 2097 463 2137; x_wconf 76' lang='lat' dir='ltr'>qua</span> <span class='ocrx_word' id='word_1_230' title='bbox 490 2084 683 2127; x_wconf 86' lang='lat' dir='ltr'>materia</span> <span class='ocrx_word' id='word_1_231' title='bbox 709 2084 906 2126; x_wconf 88' lang='lat' dir='ltr'>habetur</span> <span class='ocrx_word' id='word_1_232' title='bbox 933 2097 1075 2137; x_wconf 91' lang='lat' dir='ltr'>supra</span> <span class='ocrx_word' id='word_1_233' title='bbox 1101 2085 1147 2125; x_wconf 91' lang='lat' dir='ltr'>in</span> <span class='ocrx_word' id='word_1_234' title='bbox 1174 2097 1334 2126; x_wconf 90' lang='lat' dir='ltr'>mense</span> <span class='ocrx_word' id='word_1_235' title='bbox 1362 2084 1474 2126; x_wconf 80' lang='lat' dir='ltr'>Julii</span> <span class='ocrx_word' id='word_1_236' title='bbox 1503 2097 1604 2125; x_wconf 90' lang='lat' dir='ltr'>cum</span> <span class='ocrx_word' id='word_1_237' title='bbox 1632 2084 1826 2126; x_wconf 86' lang='lat' dir='ltr'>materia</span> <span class='ocrx_word' id='word_1_238' title='bbox 1853 2083 1909 2124; x_wconf 91' lang='lat' dir='ltr'>de</span> 
     </span>
     <span class='ocr_line' id='line_1_28' title="bbox 142 2154 1910 2208; baseline 0 -12"><span class='ocrx_word' id='word_1_239' title='bbox 142 2155 309 2198; x_wconf 83' lang='lat' dir='ltr'>Wiclet&#39;</span> <span class='ocrx_word' id='word_1_240' title='bbox 331 2159 376 2197; x_wconf 90' lang='lat' dir='ltr'>et</span> <span class='ocrx_word' id='word_1_241' title='bbox 399 2156 468 2198; x_wconf 81' lang='lat' dir='ltr'>Jo.</span> <span class='ocrx_word' id='word_1_242' title='bbox 494 2155 604 2197; x_wconf 93' lang='lat' dir='ltr'>Hus.</span> <span class='ocrx_word' id='word_1_243' title='bbox 647 2156 844 2208; x_wconf 84' lang='lat' dir='ltr'>Ipseque</span> <span class='ocrx_word' id='word_1_244' title='bbox 870 2169 952 2197; x_wconf 84' lang='lat' dir='ltr'>rex</span> <span class='ocrx_word' id='word_1_245' title='bbox 978 2156 1172 2197; x_wconf 87' lang='lat' dir='ltr'>Francie</span> <span class='ocrx_word' id='word_1_246' title='bbox 1197 2168 1382 2197; x_wconf 90' lang='lat' dir='ltr'>causam</span> <span class='ocrx_word' id='word_1_247' title='bbox 1408 2155 1535 2196; x_wconf 87' lang='lat' dir='ltr'>illam</span> <span class='ocrx_word' id='word_1_248' title='bbox 1561 2154 1910 2208; x_wconf 86' lang='lat' dir='ltr'>dampnacionis</span> 
     </span>
     <span class='ocr_line' id='line_1_29' title="bbox 142 2226 1909 2280; baseline -0.001 -12"><span class='ocrx_word' id='word_1_249' title='bbox 142 2227 327 2270; x_wconf 88' lang='lat' dir='ltr'>illarum</span> <span class='ocrx_word' id='word_1_250' title='bbox 351 2240 516 2269; x_wconf 78' lang='lat' dir='ltr'>novem</span> <span class='ocrx_word' id='word_1_251' title='bbox 541 2228 917 2280; x_wconf 89' lang='lat' dir='ltr'>proposicionum</span> <span class='ocrx_word' id='word_1_252' title='bbox 942 2227 1226 2280; x_wconf 89' lang='lat' dir='ltr'>suscipiebat</span> <span class='ocrx_word' id='word_1_253' title='bbox 1250 2230 1295 2268; x_wconf 93' lang='lat' dir='ltr'>et</span> <span class='ocrx_word' id='word_1_254' title='bbox 1319 2226 1426 2279; x_wconf 91' lang='lat' dir='ltr'>quia</span> <span class='ocrx_word' id='word_1_255' title='bbox 1451 2240 1475 2269; x_wconf 91' lang='lat' dir='ltr'>a</span> <span class='ocrx_word' id='word_1_256' title='bbox 1501 2226 1731 2268; x_wconf 89' lang='lat' dir='ltr'>iudicibus</span> <span class='ocrx_word' id='word_1_257' title='bbox 1757 2226 1909 2267; x_wconf 88' lang='lat' dir='ltr'>fuerat</span> 
     </span>
     <span class='ocr_line' id='line_1_30' title="bbox 141 2296 1908 2352; baseline -0.003 -11"><span class='ocrx_word' id='word_1_258' title='bbox 141 2299 440 2352; x_wconf 89' lang='lat' dir='ltr'>appellatum,</span> <span class='ocrx_word' id='word_1_259' title='bbox 476 2299 613 2352; x_wconf 88' lang='lat' dir='ltr'>peciit</span> <span class='ocrx_word' id='word_1_260' title='bbox 647 2300 748 2341; x_wconf 92' lang='lat' dir='ltr'>eius</span> <span class='ocrx_word' id='word_1_261' title='bbox 783 2302 1054 2352; x_wconf 90' lang='lat' dir='ltr'>procurator</span> <span class='ocrx_word' id='word_1_262' title='bbox 1088 2311 1273 2340; x_wconf 90' lang='lat' dir='ltr'>causam</span> <span class='ocrx_word' id='word_1_263' title='bbox 1308 2298 1645 2351; x_wconf 89' lang='lat' dir='ltr'>appellacionis</span> <span class='ocrx_word' id='word_1_264' title='bbox 1678 2296 1908 2338; x_wconf 82' lang='lat' dir='ltr'>committi.</span> 
     </span>
     <span class='ocr_line' id='line_1_31' title="bbox 143 2368 1908 2424; baseline -0.002 -12"><span class='ocrx_word' id='word_1_265' title='bbox 143 2370 398 2424; x_wconf 81' lang='lat' dir='ltr'>Episcopus</span> <span class='ocrx_word' id='word_1_266' title='bbox 433 2370 758 2412; x_wconf 84' lang='lat' dir='ltr'>Atrebatensis</span> <span class='ocrx_word' id='word_1_267' title='bbox 792 2383 878 2423; x_wconf 89' lang='lat' dir='ltr'>pro</span> <span class='ocrx_word' id='word_1_268' title='bbox 913 2370 1028 2412; x_wconf 90' lang='lat' dir='ltr'>duce</span> <span class='ocrx_word' id='word_1_269' title='bbox 1065 2369 1333 2423; x_wconf 86' lang='lat' dir='ltr'>Burgundie</span> <span class='ocrx_word' id='word_1_270' title='bbox 1371 2369 1514 2411; x_wconf 77' lang='lat' dir='ltr'>voluit</span> <span class='ocrx_word' id='word_1_271' title='bbox 1550 2368 1699 2410; x_wconf 91' lang='lat' dir='ltr'>audiri</span> <span class='ocrx_word' id='word_1_272' title='bbox 1737 2371 1782 2409; x_wconf 89' lang='lat' dir='ltr'>et</span> <span class='ocrx_word' id='word_1_273' title='bbox 1817 2379 1908 2409; x_wconf 92' lang='lat' dir='ltr'>non</span> 
     </span>
     <span class='ocr_line' id='line_1_32' title="bbox 142 2440 1295 2495; baseline -0.002 -12"><span class='ocrx_word' id='word_1_274' title='bbox 142 2441 300 2495; x_wconf 86' lang='lat' dir='ltr'>potuit,</span> <span class='ocrx_word' id='word_1_275' title='bbox 332 2442 439 2494; x_wconf 83' lang='lat' dir='ltr'>quia</span> <span class='ocrx_word' id='word_1_276' title='bbox 471 2441 603 2483; x_wconf 90' lang='lat' dir='ltr'>tarde</span> <span class='ocrx_word' id='word_1_277' title='bbox 635 2445 749 2493; x_wconf 86' lang='lat' dir='ltr'>erat,</span> <span class='ocrx_word' id='word_1_278' title='bbox 782 2444 851 2484; x_wconf 90' lang='lat' dir='ltr'>set</span> <span class='ocrx_word' id='word_1_279' title='bbox 884 2441 1001 2483; x_wconf 87' lang='lat' dir='ltr'>alias</span> <span class='ocrx_word' id='word_1_280' title='bbox 1034 2440 1295 2482; x_wconf 87' lang='lat' dir='ltr'>audientur.</span> 
     </span>
    </p>

    <p class='ocr_par' dir='ltr' id='par_1_7' title="bbox 142 2510 1910 3061">
     <span class='ocr_line' id='line_1_33' title="bbox 258 2510 1910 2563; baseline -0.002 -9"><span class='ocrx_word' id='word_1_281' title='bbox 258 2513 342 2554; x_wconf 92' lang='lat' dir='ltr'>Die</span> <span class='ocrx_word' id='word_1_282' title='bbox 369 2514 479 2555; x_wconf 88' lang='lat' dir='ltr'>lune</span> <span class='ocrx_word' id='word_1_283' title='bbox 511 2513 616 2555; x_wconf 89' lang='lat' dir='ltr'><strong>IIII.</strong></span> <span class='ocrx_word' id='word_1_284' title='bbox 638 2512 741 2554; x_wconf 93' lang='lat' dir='ltr'>Maii</span> <span class='ocrx_word' id='word_1_285' title='bbox 768 2512 886 2555; x_wconf 90' lang='lat' dir='ltr'>sedit</span> <span class='ocrx_word' id='word_1_286' title='bbox 911 2512 1154 2554; x_wconf 88' lang='lat' dir='ltr'>concilium</span> <span class='ocrx_word' id='word_1_287' title='bbox 1172 2512 1337 2553; x_wconf 90' lang='lat' dir='ltr'>iterum</span> <span class='ocrx_word' id='word_1_288' title='bbox 1355 2514 1398 2552; x_wconf 88' lang='lat' dir='ltr'>et</span> <span class='ocrx_word' id='word_1_289' title='bbox 1415 2511 1501 2552; x_wconf 82' lang='lat' dir='ltr'>fuit</span> <span class='ocrx_word' id='word_1_290' title='bbox 1517 2511 1765 2563; x_wconf 87' lang='lat' dir='ltr'>episcopus</span> <span class='ocrx_word' id='word_1_291' title='bbox 1781 2510 1910 2550; x_wconf 77' lang='lat' dir='ltr'>Atre-</span> 
     </span>
     <span class='ocr_line' id='line_1_34' title="bbox 142 2576 1910 2637; baseline -0.003 -12"><span class='ocrx_word' id='word_1_292' title='bbox 142 2583 348 2627; x_wconf 89' lang='lat' dir='ltr'>batensis</span> <span class='ocrx_word' id='word_1_293' title='bbox 377 2584 561 2626; x_wconf 85' lang='lat' dir='ltr'>auditus</span> <span class='ocrx_word' id='word_1_294' title='bbox 591 2596 676 2637; x_wconf 91' lang='lat' dir='ltr'>pro</span> <span class='ocrx_word' id='word_1_295' title='bbox 706 2584 820 2625; x_wconf 89' lang='lat' dir='ltr'>duce</span> <span class='ocrx_word' id='word_1_296' title='bbox 851 2582 1119 2636; x_wconf 89' lang='lat' dir='ltr'>Burgundie</span> <span class='ocrx_word' id='word_1_297' title='bbox 1149 2586 1193 2624; x_wconf 92' lang='lat' dir='ltr'>et</span> <span class='ocrx_word' id='word_1_298' title='bbox 1223 2582 1365 2624; x_wconf 92' lang='lat' dir='ltr'>multa</span> <span class='ocrx_word' id='word_1_299' title='bbox 1396 2582 1511 2623; x_wconf 85' lang='lat' dir='ltr'>dixit</span> <span class='ocrx_word' id='word_1_300' title='bbox 1539 2584 1696 2623; x_wconf 90' lang='lat' dir='ltr'>contra</span> <span class='ocrx_word' id='word_1_301' title='bbox 1728 2576 1910 2622; x_wconf 86' lang='lat' dir='ltr'>senten-</span> 
     </span>
     <span class='ocr_line' id='line_1_35' title="bbox 143 2653 1909 2708; baseline -0.003 -12"><span class='ocrx_word' id='word_1_302' title='bbox 143 2653 256 2696; x_wconf 87' lang='lat' dir='ltr'>ciam</span> <span class='ocrx_word' id='word_1_303' title='bbox 279 2655 486 2708; x_wconf 91' lang='lat' dir='ltr'>episcopi</span> <span class='ocrx_word' id='word_1_304' title='bbox 509 2655 792 2696; x_wconf 89' lang='lat' dir='ltr'>Parisiensis</span> <span class='ocrx_word' id='word_1_305' title='bbox 815 2657 859 2696; x_wconf 88' lang='lat' dir='ltr'>et</span> <span class='ocrx_word' id='word_1_306' title='bbox 882 2654 1004 2706; x_wconf 89' lang='lat' dir='ltr'>quod</span> <span class='ocrx_word' id='word_1_307' title='bbox 1027 2653 1106 2695; x_wconf 93' lang='lat' dir='ltr'>ille</span> <span class='ocrx_word' id='word_1_308' title='bbox 1130 2653 1480 2706; x_wconf 90' lang='lat' dir='ltr'>proposiciones</span> <span class='ocrx_word' id='word_1_309' title='bbox 1502 2664 1667 2693; x_wconf 79' lang='lat' dir='ltr'>novem</span> <span class='ocrx_word' id='word_1_310' title='bbox 1692 2663 1782 2692; x_wconf 90' lang='lat' dir='ltr'>non</span> <span class='ocrx_word' id='word_1_311' title='bbox 1807 2662 1909 2691; x_wconf 92' lang='lat' dir='ltr'>con-</span> 
     </span>
     <span class='ocr_line' id='line_1_36' title="bbox 142 2721 1909 2778; baseline -0.003 -11"><span class='ocrx_word' id='word_1_312' title='bbox 142 2724 408 2767; x_wconf 91' lang='lat' dir='ltr'>tinebantur</span> <span class='ocrx_word' id='word_1_313' title='bbox 429 2725 689 2767; x_wconf 80' lang='lat' dir='ltr'>formaliter</span> <span class='ocrx_word' id='word_1_314' title='bbox 712 2726 757 2766; x_wconf 92' lang='lat' dir='ltr'>in</span> <span class='ocrx_word' id='word_1_315' title='bbox 778 2724 1102 2778; x_wconf 89' lang='lat' dir='ltr'>proposicione</span> <span class='ocrx_word' id='word_1_316' title='bbox 1125 2723 1331 2776; x_wconf 86' lang='lat' dir='ltr'>magistri</span> <span class='ocrx_word' id='word_1_317' title='bbox 1352 2723 1578 2765; x_wconf 47' lang='lat' dir='ltr'>‘Iohannis</span> <span class='ocrx_word' id='word_1_318' title='bbox 1600 2721 1749 2763; x_wconf 69' lang='lat' dir='ltr'>Parvi.</span> <span class='ocrx_word' id='word_1_319' title='bbox 1786 2721 1909 2762; x_wconf 85' lang='lat' dir='ltr'>Dixit</span> 
     </span>
     <span class='ocr_line' id='line_1_37' title="bbox 143 2791 1908 2849; baseline -0.002 -13"><span class='ocrx_word' id='word_1_320' title='bbox 143 2795 287 2838; x_wconf 89' lang='lat' dir='ltr'>eciam</span> <span class='ocrx_word' id='word_1_321' title='bbox 317 2797 508 2849; x_wconf 91' lang='lat' dir='ltr'>insuper</span> <span class='ocrx_word' id='word_1_322' title='bbox 536 2796 678 2837; x_wconf 92' lang='lat' dir='ltr'>multa</span> <span class='ocrx_word' id='word_1_323' title='bbox 705 2808 805 2837; x_wconf 91' lang='lat' dir='ltr'>cum</span> <span class='ocrx_word' id='word_1_324' title='bbox 835 2796 992 2837; x_wconf 89' lang='lat' dir='ltr'>verbis</span> <span class='ocrx_word' id='word_1_325' title='bbox 1022 2794 1244 2837; x_wconf 89' lang='lat' dir='ltr'>irrisoriis</span> <span class='ocrx_word' id='word_1_326' title='bbox 1273 2797 1429 2835; x_wconf 88' lang='lat' dir='ltr'>contra</span> <span class='ocrx_word' id='word_1_327' title='bbox 1458 2793 1725 2846; x_wconf 88' lang='lat' dir='ltr'>magistrum</span> <span class='ocrx_word' id='word_1_328' title='bbox 1753 2792 1821 2833; x_wconf 83' lang='lat' dir='ltr'>Jo.</span> <span class='ocrx_word' id='word_1_329' title='bbox 1852 2791 1908 2832; x_wconf 88' lang='lat' dir='ltr'>de</span> 
     </span>
     <span class='ocr_line' id='line_1_38' title="bbox 143 2862 1907 2917; baseline -0.003 -9"><span class='ocrx_word' id='word_1_330' title='bbox 143 2864 397 2908; x_wconf 89' lang='lat' dir='ltr'>Gerssonio</span> <span class='ocrx_word' id='word_1_331' title='bbox 421 2866 732 2908; x_wconf 89' lang='lat' dir='ltr'>cancelarium</span> <span class='ocrx_word' id='word_1_332' title='bbox 761 2866 1090 2917; x_wconf 90' lang='lat' dir='ltr'>Parisiensem,</span> <span class='ocrx_word' id='word_1_333' title='bbox 1118 2865 1386 2917; x_wconf 88' lang='lat' dir='ltr'>magistrum</span> <span class='ocrx_word' id='word_1_334' title='bbox 1415 2865 1460 2905; x_wconf 88' lang='lat' dir='ltr'>in</span> <span class='ocrx_word' id='word_1_335' title='bbox 1487 2863 1732 2915; x_wconf 85' lang='lat' dir='ltr'>theologia,</span> <span class='ocrx_word' id='word_1_336' title='bbox 1761 2862 1907 2902; x_wconf 82' lang='lat' dir='ltr'>virum</span> 
     </span>
     <span class='ocr_line' id='line_1_39' title="bbox 145 2933 1908 2990; baseline -0.003 -12"><span class='ocrx_word' id='word_1_337' title='bbox 145 2935 371 2978; x_wconf 83' lang='lat' dir='ltr'>famosum</span> <span class='ocrx_word' id='word_1_338' title='bbox 404 2941 450 2979; x_wconf 90' lang='lat' dir='ltr'>et</span> <span class='ocrx_word' id='word_1_339' title='bbox 481 2936 724 2990; x_wconf 88' lang='lat' dir='ltr'>insignem,</span> <span class='ocrx_word' id='word_1_340' title='bbox 757 2937 834 2989; x_wconf 88' lang='lat' dir='ltr'>qui</span> <span class='ocrx_word' id='word_1_341' title='bbox 869 2948 1054 2978; x_wconf 90' lang='lat' dir='ltr'>causam</span> <span class='ocrx_word' id='word_1_342' title='bbox 1087 2938 1245 2977; x_wconf 91' lang='lat' dir='ltr'>contra</span> <span class='ocrx_word' id='word_1_343' title='bbox 1280 2936 1385 2977; x_wconf 90' lang='lat' dir='ltr'>illas</span> <span class='ocrx_word' id='word_1_344' title='bbox 1419 2946 1583 2976; x_wconf 81' lang='lat' dir='ltr'>novem</span> <span class='ocrx_word' id='word_1_345' title='bbox 1618 2933 1908 2975; x_wconf 81' lang='lat' dir='ltr'>asserciones</span> 
     </span>
     <span class='ocr_line' id='line_1_40' title="bbox 144 3004 1552 3061; baseline -0.003 -12"><span class='ocrx_word' id='word_1_346' title='bbox 144 3007 515 3060; x_wconf 89' lang='lat' dir='ltr'>prosequebatur</span> <span class='ocrx_word' id='word_1_347' title='bbox 536 3010 582 3049; x_wconf 90' lang='lat' dir='ltr'>et</span> <span class='ocrx_word' id='word_1_348' title='bbox 601 3019 687 3061; x_wconf 94' lang='lat' dir='ltr'>pro</span> <span class='ocrx_word' id='word_1_349' title='bbox 707 3020 845 3060; x_wconf 90' lang='lat' dir='ltr'>posse</span> <span class='ocrx_word' id='word_1_350' title='bbox 868 3007 1231 3060; x_wconf 88' lang='lat' dir='ltr'>appellationem</span> <span class='ocrx_word' id='word_1_351' title='bbox 1256 3004 1552 3057; x_wconf 76' lang='lat' dir='ltr'>impugnavit.</span> 
     </span>
    </p>
   </div>
  </div>
 </body>
</html>
