2227 3434
588 235 627 272 B.
651 235 898 272 Avisamente
919 237 989 271 der
1008 234 1326 270 Reformatorien.
1755 233 1838 276 671

72 361 118 400 et
142 370 169 400 e
198 360 370 400 contra.
416 356 527 398 Item
557 355 614 397 de
645 355 813 398 litteris
843 354 1113 396 facultatum
1143 353 1320 395 dicatur
1348 352 1614 396 indistincte
1643 363 1842 404 quecun-

72 440 162 482 que
191 428 407 470 habeant.
450 427 624 468 Tamen
655 425 742 468 ista
771 425 986 467 habenda
1019 428 1124 466 sunt
1150 424 1200 465 ¹in
1230 424 1435 477 capitefl)

193 499 305 540 Item
328 497 451 551 quod
473 500 750 539 revocentur
771 508 933 539 omnes
956 495 1110 537 littere
1131 494 1402 536 facultatum
1421 506 1643 536 concesse
1667 492 1842 534 mendi-

72 567 343 623 cantibusb),
375 568 566 610 eciamsi
601 567 760 609 sortite
797 569 903 608 sunt
934 565 1158 607 effectum
1193 566 1276 619 etc)
1315 564 1352 606 si
1386 576 1471 617 per
1506 563 1690 606 modum
1725 576 1842 605 com-

73 639 360 682 mendarum.
410 636 543 693 Sedd)
584 649 803 679 concesse
844 636 949 679 aliis
987 636 1223 688 religiosis
1260 648 1346 688 pro
1385 634 1669 689 beneficiis)
1710 637 1842 675 extra

72 723 205 752 suum
233 709 459 761 ordinem,
488 709 525 751 si
553 721 645 750 non
674 710 780 750 sunt
807 706 965 749 sortite
993 706 1230 758 effectum,
1259 705 1522 747 indistincte
1553 707 1840 746 revocentur.

72 780 213 823 Secus
247 780 284 823 si
318 779 539 822 effectum
574 778 733 820 sortite
768 781 887 820 sunt.
936 777 987 818 In
1021 777 1228 818 futurum
1263 779 1415 818 autem
1450 775 1714 817 indistincte
1749 787 1841 816 non

71 850 401 902 concedantur3
430 853 475 892 et
503 850 540 892 si
568 848 881 890 concedantur
906 860 999 889 non
1026 845 1262 900 valea·nt.¹)

710 931 731 954 *
1179 929 1201 953 *

943 976 965 1001 *

508 1058 742 1101 XXXVII.
788 1057 959 1101 Contra
990 1057 1401 1110 concubinarios¹)

188 1132 261 1174 Ad
290 1131 543 1174 arcendum
572 1129 907 1173 concubinatus
934 1129 1111 1170 crimen
1141 1161 1150 1169 .
1185 1161 1194 1169 .
1230 1161 1238 1169 .
1268 1127 1613 1181 preferendam.

707 1212 728 1236 *
1176 1211 1198 1234 *

947 1258 968 1282 *

130 1341 388 1385 XXXVIII.
435 1341 504 1384 De
536 1340 866 1383 exaccionibus
896 1351 981 1392 per
1011 1338 1249 1391 principes
1281 1337 1512 1390 impositis
1543 1335 1780 1389 clericis.2)

189 1413 304 1456 Cum
336 1413 506 1466 prelati
538 1410 840 1454 ecclesiastici
875 1444 884 1453 .
919 1444 928 1453 .
964 1443 972 1452 .
1007 1409 1245 1463 provideri
1281 1446 1287 1453 .
1324 1442 1333 1451 .
1369 1441 1377 1450 .
1412 1406 1841 1460 villipfiendunturss)

711 1494 732 1517 *
1181 1492 1202 1515 ξε

947 1539 968 1562 *

130 1621 338 1666 XXXIX.
386 1621 514 1673 Quod
546 1623 790 1664 revocetur
821 1620 1006 1663 auditor
1036 1630 1234 1673 camere,
1265 1619 1344 1672 qui
1375 1623 1444 1661 est
1475 1618 1521 1660 in
1552 1617 1784 1659 Avinione

131 1699 178 1736 et
213 1695 418 1745 potestas
455 1691 782 1745 penitenciarii
819 1690 1013 1734 minoris
1048 1692 1182 1733 extra
1218 1691 1392 1731 curiam
1428 1694 1474 1732 et
1511 1696 1786 1740 quaestores

744 1761 1165 1815 extraordinarii.³)

190 1845 484 1899 Conclusum‚
513 1845 637 1898 quod
666 1847 942 1886 revocentur
972 1877 982 1886 .
1016 1877 1025 1886 .
1060 1877 1069 1886 .
1110 1845 1304 1896 possunt
1333 1839 1547 1894 facerefi)

710 1928 732 1951 ³2<
1180 1926 1201 1949 *

947 1973 968 1997 *

72 2055 164 2099 XL.
202 2055 330 2108 Quod
345 2055 521 2110 prelati
542 2055 744 2099 habeant
766 2055 964 2097 vicarios
988 2066 1077 2096 non
1099 2052 1303 2106 idiotasi)
1328 2052 1410 2095 sed
1432 2051 1554 2094 bene
1575 2050 1840 2104 literatos.⁴)

191 2137 245 2181 Et
272 2137 357 2180 fuit
383 2138 650 2180 conclusum
681 2170 689 2179 .
725 2170 733 2179 .
768 2170 777 2178 .
805 2135 1206 2179 contrafacientes.

709 2220 731 2243 *
1178 2218 1200 2241 *

946 2281 968 2305 >ue

160 2335 277 2379 XLI.
319 2336 389 2379 De
416 2336 692 2378 iuramentis
719 2333 1025 2388 capitulorum
1053 2332 1456 2386 preiudicantibus
1483 2329 1751 2383 ecclesiis.⁵)

190 2418 482 2471 Propositum
514 2417 602 2460 fuit
631 2417 688 2459 de
719 2417 994 2459 iuramentis
1024 2450 1033 2458 .
1069 2449 1077 2457 .
1113 2450 1121 2458 .
1152 2415 1299 2457 maior
1328 2426 1464 2468 pena.

708 2499 730 2523 *
1177 2497 1199 2521 *

944 2545 966 2569 *

180 2655 210 2681 a)
240 2651 265 2676 E
284 2658 336 2676 um
359 2650 488 2676 Raude:
523 2648 568 2675 De
590 2648 653 2674 ista
674 2647 813 2674 materia
833 2647 936 2674 habes
957 2646 1018 2673 XX.
1043 2646 1198 2673 Octobris
1220 2648 1252 2672 et
1284 2648 1380 2679 prout
1402 2646 1541 2679 apparet
1568 2643 1598 2670 in
1621 2644 1684 2670 tine
1708 2650 1770 2669 non
1791 2643 1843 2668 est

74 2696 240 2724 conclusa.
319 2697 349 2727 b)
386 2695 510 2729 l'snlyt
541 2696 580 2721 «ie
607 2695 797 2721 obtinendis
828 2694 997 2721 beneficiis
1025 2701 1083 2728 per
1113 2693 1203 2727 ipsos
1234 2692 1474 2719 ecclesiasticis
1502 2692 1605 2718 eciam
1631 2698 1689 2725 per
1709 2688 1841 2717 modunl

74 2743 349 2770 continendarum.
417 2750 445 2775 c)
466 2745 495 2769 et
516 2763 522 2769 .
544 2762 549 2768 .
573 2763 579 2773 ,
602 2742 661 2769 Sed
683 2742 761 2775 fehlt
790 2742 822 2768 V.
890 2742 922 2773 (Ι)
950 2741 975 2767 t'
993 2740 1168 2767 Similiter..
1230 2743 1258 2772 e)
1289 2740 1311 2766 1'
1330 2739 1413 2773 sely!
1434 2738 1632 2765 obtinendis,
1695 2737 1720 2770 s)
1744 2738 1769 2762 E
1789 2745 1838 2761 nm

74 2791 199 2818 ltande:
220 2791 264 2817 De
286 2790 350 2817 istu
370 2790 509 2817 materia
529 2789 631 2816 nabes
653 2789 769 2816 ultima
789 2789 992 2823 Septembris
1007 2788 1207 2815 conctusivv.
1246 2794 1277 2819 g)
1298 2786 1634 2820 Snichiipeminntnr.
1674 2784 1704 2810 Ιι)
1720 2784 1741 2811 S
1758 2783 1840 2816 salut

73 2839 226 2872 questum
246 2840 298 2865 etc
363 2837 384 2867 i)
405 2838 426 2864 S
444 2839 521 2864 atat!
542 2845 605 2864 non
629 2836 750 2863 idiotas
772 2836 848 2863 sed:
873 2844 935 2863 non
957 2837 1117 2862 uxnratos
1138 2837 1179 2862 eti

192 2899 224 2941 ¹)
253 2898 344 2942 Cod,
372 2898 416 2939 D,
444 2897 485 2940 S;
512 2897 632 2931 Hardl
659 2896 689 2939 I,
715 2898 793 2932 635.

192 2957 224 2998 ²)
249 2955 339 2990 Cod.
363 2956 407 2996 D,
432 2955 473 2997 S‚·
497 2955 617 2990 Hardl
642 2955 671 2996 I,
694 2956 773 2990 641.

191 3014 223 3056 ³)
249 3012 337 3047 Cod.
361 3013 406 3054 D,
429 3012 470 3055 S,·
492 3012 613 3047 Hardt
636 3013 665 3054 I,
687 3013 765 3047 641.

191 3072 224 3113 ⁴)
250 3070 339 3105 Cod.
363 3071 407 3112 Ι),
430 3071 472 3113 S;
496 3070 616 3105 Hardt
639 3071 668 3112 l,
691 3071 769 3105 643.

191 3129 223 3171 ⁵)
249 3127 338 3163 Cod.
361 3128 406 3171 D,
431 3128 472 3171 S‚·
497 3128 616 3162 Hardl
640 3127 670 3170 1,
692 3128 770 3163 643.
