2227 3434
528 183 570 219 A.
613 185 809 221 Fillastres
839 187 953 222 Gesta
981 189 1131 224 concilii
1159 190 1472 226 Constantiensis.
1829 198 1881 239 51

118 302 376 355 ambonem,
404 304 482 345 ubi
511 304 698 347 decreta
726 306 904 348 concilii
935 310 1302 360 pronunciantur
1329 312 1641 364 premittendo
1669 315 1883 366 primitus

117 374 348 426 quandam
375 374 565 416 brevem
592 379 637 417 et
665 377 906 419 solennem
935 380 1322 431 protestacionem
1352 384 1772 426 recommendando
1798 399 1883 438 per

114 455 196 486 eos
224 445 509 488 reverendos
540 450 697 498 patres
727 448 768 489 d.
799 448 1043 502 deputatos
1072 454 1117 492 et
1146 452 1486 495 commissarios
1516 467 1658 507 super
1689 456 1881 498 materia

116 515 229 557 fidei
255 516 311 557 de
339 528 498 558 eorum
525 517 645 560 bona
672 522 809 571 atque
837 520 1012 562 salubri
1042 522 1250 564 doctrina
1276 527 1322 565 et
1348 524 1423 576 pia
1449 526 1726 567 tractacione
1753 530 1797 568 et
1824 527 1880 568 de

113 585 216 630 aliis
258 587 392 629 bonis
435 588 522 629 sibi
568 601 652 641 per
692 601 774 632 eos
818 590 1042 644 inpensis,
1087 593 1257 635 deinde
1303 595 1694 638 recommendavit
1736 598 1881 650 presi-

112 657 298 699 dentem
325 671 376 700 ac
403 659 667 702 cardinales
693 664 738 702 et
766 662 1054 713 patriarchas
1081 666 1317 717 totumque
1346 666 1589 708 concilium
1617 667 1879 710 huiusmodi

112 728 198 770 sub
223 731 404 771 tenore:

227 799 636 844 Reverendissime
675 802 721 843 in
760 803 865 846 Chr.
903 808 1035 857 pater
1075 839 1082 846 .
1119 840 1127 847 .
1164 840 1171 847 .
1211 808 1520 861 conscripsi.¹)

226 871 433 913 Articulo
455 885 566 914 vero
588 873 657 915 do.
682 874 852 915 Wiclef
874 878 919 916 et
941 875 1009 917 Jo.
1035 876 1145 928 Hus,
1170 877 1226 918 de
1250 878 1419 930 quibus
1443 892 1584 932 supra
1608 880 1661 921 fit
1686 881 1877 933 mencio,

109 945 346 994 sequntur.
390 943 443 984 Et
472 943 623 996 primo
653 945 871 987 articulos
901 946 970 987 Jo.
1001 946 1170 988 Wiclef
1199 949 1386 1001 require
1419 962 1560 1002 supra
1591 952 1636 991 in
1667 951 1876 993 sessione

109 1012 200 1054 diei
231 1013 326 1054 IIII
354 1014 529 1057 mensis
559 1015 680 1068 Maii,
710 1029 799 1068 que
830 1016 901 1058 hic
930 1017 1107 1070 incipit:
1155 1018 1427 1062 Substancia
1457 1021 1591 1073 panis
1620 1023 1876 1064 materialis

108 1087 191 1126 etc.
223 1083 455 1127 Articulos
478 1098 589 1128 vero
610 1086 678 1128 Jo.
702 1088 799 1130 Hus
821 1088 1009 1140 require
1033 1102 1175 1142 supra
1196 1090 1242 1131 in
1266 1092 1475 1133 sessione
1499 1092 1591 1133 diei
1615 1093 1675 1134 VI
1701 1095 1875 1135 mensis

107 1155 235 1208 sulii,
259 1168 348 1208 que
375 1156 438 1198 sic
463 1156 704 1210 incipiunt:
743 1159 887 1201 Unica
913 1163 982 1201 est
1007 1164 1164 1202 sancta
1189 1164 1270 1203 etc.

225 1227 404 1269 Deinde
439 1228 527 1270 fuit
562 1229 679 1271 lecta
714 1229 886 1271 ibidem
924 1231 1123 1283 quedam
1158 1233 1418 1275 commissio
1454 1246 1538 1286 per
1574 1235 1657 1276 hoc
1693 1248 1873 1277 sacrum

104 1299 349 1340 concilium
390 1299 746 1342 Constantiense
788 1301 907 1343 facta
948 1303 1168 1356 episcopo
1207 1303 1569 1347 Luthomislensi
1610 1306 1873 1348 huiusmodi

107 1370 193 1412 sub
214 1373 394 1413 tenore:

152 1498 156 1501 μ
222 1441 522 1485 Sacrosancta
557 1477 565 1484 .
602 1480 608 1486 .
646 1477 653 1485 .
690 1440 1178 1498 Postquam‘superna
1214 1480 1221 1487 .
1258 1480 1265 1487 .
1303 1448 1350 1500 .“-’)

223 1513 402 1555 Deinde
443 1514 531 1556 fuit
572 1514 688 1557 lecta
731 1515 896 1557 cedula
937 1516 1240 1558 observancie
1284 1517 1379 1559 sive
1423 1518 1773 1560 ordinacionum
1815 1518 1871 1560 de

105 1582 328 1628 fratribus
355 1584 510 1627 stricte
538 1586 700 1638 regule
728 1587 872 1628 sancti
902 1587 1133 1629 Francisci
1163 1600 1247 1640 per
1274 1589 1519 1641 deputatos
1547 1589 1665 1631 sacri
1692 1589 1873 1630 concilii

105 1655 393 1698 concorditer
411 1659 457 1698 et
476 1657 522 1698 in
541 1657 707 1698 eadem
729 1658 940 1700 sessione
960 1659 1252 1700 decretarum
1273 1672 1358 1712 per
1378 1659 1703 1702 honorabilem
1722 1661 1871 1701 virum

106 1726 156 1768 d.-
172 1727 440 1769 Bertoldum
464 1728 781 1781 Wildunghen
806 1729 1065 1770 auditorem
1090 1729 1135 1770 in
1162 1730 1281 1771 hunc
1307 1730 1509 1771 modum:

222 1797 288 1840 De
321 1798 547 1840 fratribus
585 1799 894 1852 Minoribusfl)
943 1787 1243 1843 Sacrosancta
1279 1835 1286 1842 .
1323 1835 1330 1842 .
1367 1835 1374 1842 .
1411 1801 1868 1855 supplicationibus³)

151 1902 159 1911 .
194 1903 202 1911 .
227 1872 431 1912 vacante.

223 1941 402 1983 Deinde
425 1954 536 1983 vero
561 1942 679 1983 idem
705 1942 746 1983 d.
770 1942 817 1983 B.
840 1942 1157 1995 Wildunghen
1179 1944 1291 1996 legit
1313 1943 1403 1985 alia
1428 1946 1595 1985 statuta
1618 1947 1663 1985 et
1685 1944 1871 1985 decreta

105 2011 300 2065 concilii,
325 2025 518 2065 quorum
546 2016 679 2054 tenor
705 2014 914 2065 sequitur
937 2016 983 2055 et
1006 2017 1076 2055 est
1100 2014 1224 2055 talis:

221 2082 424 2126 Presens
453 2087 609 2126 sancta
638 2118 645 2125 .
682 2118 689 2125 .
726 2118 734 2125 .
764 2084 1003 2138 venturi‘).

221 2154 571 2208 Subsequenter
601 2155 657 2196 de
688 2155 904 2197 mandato
932 2159 977 2197 et
1006 2156 1241 2197 voluntate
1271 2156 1377 2198 dicti
1408 2156 1570 2208 synodi
1600 2155 1722 2197 idem
1751 2156 1791 2200 d.
1824 2156 1870 2197 B.

104 2224 285 2268 auditor
309 2226 420 2280 legit
445 2226 581 2268 aliam
609 2226 955 2268 ordinacionem
981 2226 1198 2268 videlicet
1223 2227 1280 2268 de
1307 2228 1575 2269 executoria
1601 2239 1742 2280 super
1768 2239 1870 2268 con-

105 2296 337 2339 stitutione
365 2297 588 2339 Karolina
615 2292 879 2339 huiusmodi
909 2298 994 2340 sub
1021 2301 1201 2339 tenore:

222 2367 335 2410 Cum
363 2368 409 2410 in
434 2368 735 2422 generalibus
762 2368 968 2410 conciliis
997 2402 1005 2410 .
1042 2402 1049 2409 .
1086 2403 1093 2410 .
1122 2368 1558 2422 impedimentum.⁵)

219 2437 568 2492 Subsequenter
589 2439 646 2480 de
670 2439 885 2481 mandato
908 2443 952 2481 et
974 2440 1209 2481 voluntate
1232 2439 1395 2492 synodi
1418 2439 1664 2481 mandatur
1685 2439 1727 2481 d.
1751 2440 1868 2480 vice—

103 2510 379 2553 cancellario
399 2523 484 2564 pro
504 2513 712 2563 tempore
735 2510 846 2553 dare
870 2510 1047 2553 litteras
1063 2510 1361 2563 exequtorias
1379 2522 1520 2563 super
1535 2510 1867 2551 constitucione

104 2578 339 2634 Karolina,
363 2584 501 2634 prout
524 2581 722 2623 habetur
748 2582 793 2622 in
820 2581 953 2623 libris
978 2581 1257 2622 cancellarie
1283 2580 1548 2623 huiusmodi
1574 2580 1660 2623 sub
1684 2584 1864 2622 tenore:

210 2723 239 2753 a)
260 2719 341 2753 fehlt
363 2721 401 2753 B,
423 2722 451 2745 (ἢ

221 2778 254 2823 1)
285 2780 405 2814 Harae
433 2781 498 2821 Π,
528 2782 730 2822 ,ᾶομῦυες
764 2781 888 2814 Mansi
920 2779 1077 2817 xxiii,
1108 2780 1268 2815 7511-93
1296 2780 1383 2818 (Bet
1414 2779 1538 2813 Mansa·
1567 2779 1663 2822 sem!
1693 2779 1756 2812 die
1788 2766 1870 2810 ιῑῑη-

41 2843 45 2847 ’
109 2836 261 2881 leituny.

224 2898 256 2939 ²)
281 2898 457 2940 Palacky,
480 2898 716 2933 Documenta
741 2898 914 2933 574-77.

223 2955 255 2998 ³)
282 2956 401 2991 Hardt
429 2956 494 2997 Il',
521 2958 700 2998 575—21‚·
730 2957 854 2991 Man-si
881 2956 949 2990 XX
963 2956 1038 2996 vll,
1066 2955 1237 2990 796-99.

222 3015 254 3056 ⁴)
282 3014 401 3050 Hardt
429 3015 494 3056 IV,
521 3015 635 3058 5217’;
665 3016 790 3050 Mansa*
817 3014 974 3055 XXI'II,
1003 3015 1081 3050 799.

225 3073 257 3115 ⁵)
284 3073 403 3108 Hardl
428 3074 493 3115 IV,
519 3074 604 3116 523‚·
632 3074 756 3109 Mansi
781 3073 849 3107 XX
863 3073 939 3115 1³11,
965 3074 1042 3108 799.

1657 3127 1708 3168 4*
