2102 3444
199 151 284 193 390
552 150 597 184 ΙΙ.
632 149 841 184 Abschnitt.
885 149 1089 184 Sermones
1120 149 1268 183 concilii
1299 149 1618 185 Constanciensis.

201 268 267 310 illi
302 272 406 310 sunt
440 271 615 321 portus,
651 268 708 309 ad
743 280 858 321 quos
890 266 1027 320 dirigi
1063 266 1236 310 debent
1269 268 1429 321 populi
1463 268 1520 310 ab
1554 268 1659 321 hiis,
1693 268 1771 322 qui
1803 269 1969 322 guber-

200 339 364 381 nacula
390 341 552 381 tenent
581 339 626 380 in
658 338 772 380 mari
800 338 938 379 huius
968 337 1140 379 mundi.
1187 337 1263 380 Isti
1293 341 1399 381 sunt
1426 338 1564 391 fines,
1594 339 1652 381 ad
1680 351 1798 392 quos
1823 339 1969 393 respi—

200 422 304 451 cere
332 409 472 452 habet
500 410 730 451 serenitas
758 412 912 451 vestra
939 412 983 450 et
1011 421 1186 461 omnes,
1215 409 1291 462 qui
1319 413 1515 462 presunt
1539 410 1740 462 populis,
1768 414 1815 452 ut
1842 409 1969 463 ipsos

202 481 261 523 ita
287 483 463 534 regant,
492 480 614 533 quod
641 480 704 521 hii
735 479 792 521 de
821 479 987 521 virtute
1016 480 1062 521 in
1091 479 1321 532 virtutem,
1350 481 1407 522 de
1436 480 1533 522 fine
1562 481 1609 522 in
1639 480 1783 522 finem
1812 493 1969 523 ascen-

200 552 309 593 dant
351 554 397 593 et
435 550 645 592 finaliter
689 550 747 592 ad
788 550 1124 593 beatitudinem
1166 552 1445 604 perveniant
1488 551 1825 594 confirmatam.
1871 586 1879 593 .
1915 585 1923 593 .
1959 586 1967 594 .

198 621 318 663 Sciat
347 659 353 665 .
391 655 398 662 .
435 656 443 663 .
473 620 691 663 maiestas
720 624 889 675 vestra,
919 621 1043 675 quod
1069 634 1164 664 non
1192 625 1389 675 possunt
1416 622 1630 664 homines
1658 622 1705 664 in
1732 622 1818 665 hos
1846 621 1970 665 fines

199 692 348 745 dirigi,
373 705 465 735 non
490 695 686 745 possunt
711 692 770 734 ad
793 691 907 735 istos
929 695 1092 746 portus
1114 692 1309 746 perduci
1338 727 1345 734 .
1383 727 1389 733 .
1426 727 1449 745 .‚
1475 693 1567 735 nisi
1593 693 1650 735 ab
1676 705 1788 736 area
1812 695 1968 736 sancte

199 763 394 806 ecclesie
435 762 733 806 eradicentur
772 767 819 805 et
859 763 1231 806 exterminentur
1274 765 1395 806 mala
1439 763 1553 817 ipsis
1592 765 1827 806 contraria
1871 798 1879 806 .
1915 798 1923 806 .
1959 798 1967 806 .

202 835 398 887 Insuper
422 833 634 877 advertat
657 834 916 887 priscorum
942 834 1305 877 orthodoxorum
1328 847 1490 888 regum
1515 835 1747 888 exempla,
1771 847 1967 888 quorum

197 905 462 958 devocione,
490 905 676 947 hortatu
703 908 841 958 atque
867 904 1126 959 patrocinio
1150 906 1429 959 plerumque
1458 906 1505 947 in
1532 908 1658 948 retro
1685 906 1798 948 actis
1824 906 1969 948 eccle-

197 975 263 1017 sie
294 975 651 1018 necessitatibus
683 976 846 1029 synodi
878 976 1204 1030 episcoporum
1235 980 1281 1018 et
1308 976 1551 1030 generalia
1578 976 1777 1019 concilia
1806 989 1969 1019 convo-

196 1050 294 1089 cata
330 1050 447 1089 sunt.
495 1047 669 1089 Eadem
704 1050 860 1090 vestra
894 1048 1114 1090 maiestas
1145 1060 1328 1090 summo
1362 1047 1600 1090 desiderio
1633 1047 1885 1090 anhelabat
1917 1061 1968 1090 ac

195 1118 300 1160 totis
336 1118 515 1160 viribus
551 1121 713 1161 conata
746 1122 819 1161 est
854 1118 912 1160 ad
945 1118 1359 1172 congregacionem
1393 1118 1575 1160 concilii
1611 1118 1848 1172 generalis
1880 1131 1968 1173 pro

198 1188 537 1232 instauracione
573 1189 700 1242 pacis
734 1193 781 1231 et
815 1189 1186 1243 reintegracione
1221 1190 1369 1232 tocius
1402 1189 1706 1232 ecclesiastici
1740 1192 1889 1233 status
1922 1193 1969 1232 et

199 1263 242 1302 ut
276 1260 339 1302 ibi
372 1263 555 1313 patrum
591 1260 820 1302 conciliali
852 1259 1250 1303 determinaoione
1286 1261 1343 1303 ad
1378 1260 1463 1302 Dei
1496 1261 1691 1314 gloriam
1726 1263 1772 1303 et
1803 1261 1966 1315 populi

195 1331 392 1373 salutem
430 1332 579 1374 omnis
615 1331 930 1384 contradictio,
968 1344 1130 1374 omnes
1167 1331 1397 1374 discordie
1435 1335 1481 1373 et
1515 1331 1669 1374 omnia
1704 1332 1828 1374 mala
1861 1344 1967 1386 pre-

195 1402 325 1444 dictis
360 1402 537 1445 finibus
570 1402 787 1444 humanis
822 1403 1053 1445 contraria
1088 1403 1224 1456 longe
1259 1403 1553 1456 repellantur
1587 1415 1614 1445 a
1648 1403 1734 1444 Dei
1769 1402 1966 1445 ecclesia

195 1476 238 1515 et
259 1473 362 1516 eius
382 1474 558 1527 pofpulo
574 1473 831 1515 christiano
853 1508 861 1515 .
898 1508 905 1515 .
942 1508 950 1515 .
985 1473 1129 1525 Quam
1151 1473 1441 1526 iniquitatem
1464 1473 1577 1515 vidit
1597 1474 1727 1527 regia
1747 1474 1966 1516 maiestas

198 1545 242 1586 in
280 1544 462 1587 civitate
503 1544 618 1586 Dei‘?
671 1544 807 1586 Certe
845 1548 970 1598 puto,
1009 1544 1133 1598 quod
1170 1545 1489 1597 multiplicem,
1526 1548 1573 1586 et
1608 1545 1760 1598 primo
1796 1547 1880 1587 etc.
1917 1547 1968 1587 ut

195 1615 415 1670 supraa),.
453 1649 460 1657 .
497 1650 504 1657 .

311 1698 354 1739 4⁰
391 1698 505 1740 vidit
545 1698 663 1751 lites,
705 1698 998 1741 detentiones
1039 1701 1084 1740 et
1122 1711 1342 1752 gwerras,
1383 1698 1552 1752 quibus
1592 1711 1715 1740 nunc
1754 1698 1967 1741 laborant

195 1781 330 1822 reges
363 1772 409 1811 et
441 1769 679 1822 principes
714 1769 969 1823 christiani,
1005 1769 1083 1822 qui
1114 1770 1310 1823 propria
1344 1770 1582 1812 voluntate
1616 1770 1748 1812 nullo
1782 1771 1966 1811 servato

194 1839 358 1882 ordine
387 1840 566 1882 iusticie
596 1843 753 1882 mutuo
777 1843 827 1882 et
851 1841 1040 1882 turbant
1067 1853 1117 1883 ac
1147 1840 1408 1893 inquietant
1437 1840 1668 1883 subiectos
1695 1840 1894 1894 populos
1921 1842 1968 1882 et

195 1910 454 1963 impediunt
481 1924 507 1953 a
536 1911 631 1953 suis
660 1911 878 1964 legitimis
905 1911 1264 1964 operacionibus
1292 1912 1341 1953 in
1369 1911 1694 1964 spiritualibus
1721 1915 1768 1954 et
1793 1913 1966 1964 tempo-

196 1982 386 2024 ralibus.
440 1982 553 2024 Ecce
594 1983 676 2023 hec
714 1986 786 2025 est
824 1982 1124 2025 contradictio
1162 1986 1208 2024 et
1246 1983 1326 2024 ille
1367 1986 1473 2025 sunt
1508 1982 1780 2036 ¹iniquit-ates
1816 1985 1863 2025 et
1899 1983 1966 2024 in-

194 2065 387 2095 numere
417 2053 522 2106 alie,
551 2066 668 2105 quas
695 2053 890 2105 vidistis,
915 2053 1137 2107 ¹princeps
1167 2054 1485 2101 serenissime,
1513 2053 1562 2095 in
1590 2053 1771 2096 civitate
1800 2053 1938 2097 Dei..
1955 2086 1964 2094 .

198 2124 396 2177 Insuper
440 2123 654 2177 dignetur
693 2125 798 2167 sine
840 2136 1150 2177 personarum
1195 2124 1484 2178 accepcione,
1529 2124 1631 2167 sine
1675 2136 1964 2178 quocumque

194 2195 499 2247 parcialitatis
520 2194 695 2237 affectu
716 2195 778 2237 ita
801 2208 850 2237 se
873 2195 1050 2238 habere
1069 2196 1120 2237 in
1141 2197 1227 2238 hac
1250 2196 1336 2237 Dei
1358 2199 1404 2238 et
1427 2199 1583 2238 sancte
1606 2195 1804 2238 ecclesie
1826 2207 1963 2238 causa

193 2269 237 2306 et
265 2269 440 2307 semota
469 2266 592 2307 omni
621 2265 823 2308 humana
851 2267 1006 2319 gracia
1031 2270 1079 2308 et
1107 2266 1317 2308 indebito
1343 2266 1506 2309 favore
1533 2269 1695 2320 partes
1724 2278 1833 2309 suas
1858 2265 1964 2309 effi-

193 2336 373 2389 caciter,
408 2339 629 2389 quantum
661 2340 815 2390 potest
843 2340 892 2379 et
926 2340 1147 2390 quantum
1182 2337 1269 2379 sibi
1305 2338 1533 2390 convenit,
1569 2338 1884 2391 interponere,
1915 2339 1965 2378 ut

192 2407 332 2459 plena
363 2420 456 2460 pax
485 2410 532 2449 et
562 2407 673 2449 unio
701 2411 859 2450 <sancte
892 2408 1089 2450 ecclesie
1123 2411 1168 2450 et
1194 2408 1373 2462 populi,
1406 2421 1496 2461 qua
1524 2407 1850 2462 ¹principaliter
1878 2407 1963 2450 hoc

192 2490 372 2520 sacrum
403 2477 645 2520 concilium
674 2482 830 2520 vestro
857 2479 1041 2521 hortatu
1069 2483 1117 2521 et
1146 2479 1494 2521 intervencione
1524 2481 1850 2532 congregatum
1877 2480 1961 2530 est,

194 2550 253 2592 ita
276 2548 361 2591 fiat
385 2553 430 2591 et
448 2548 726 2602 perficiatur
748 2562 865 2602 pure
889 2553 933 2591 et
956 2549 1212 2601 caritative;
1237 2553 1286 2591 ut
1309 2550 1548 2592 hominum
1572 2549 1837 2603 quietentur
1859 2561 1962 2592 con-

193 2619 390 2660 sciencie
422 2653 430 2660 .
467 2653 474 2660 .
511 2654 518 2660 .
549 2622 596 2661 et
623 2623 672 2662 ut
698 2620 1004 2662 communiter
1034 2619 1244 2662 defectus
1274 2621 1587 2674 prenominati
1615 2624 1664 2663 et
1690 2632 1854 2664 omnes
1880 2619 1959 2662 alii

191 2689 562 2732 exterminentur
594 2690 652 2732 ab
685 2702 796 2732 area
828 2693 984 2732 sancte
1016 2691 1212 2733 ecclesie
1245 2695 1400 2734 vestro
1435 2692 1699 2734 interventu
1732 2691 1789 2733 de
1821 2690 1960 2734 tantis

194 2761 429 2813 pressuris
465 2764 513 2802 et
550 2761 776 2815 periculis
817 2761 1072 2803 sublevate.
1127 2762 1182 2804 Et
1221 2775 1247 2804 a
1288 2762 1399 2815 Deo,
1441 2762 1565 2816 apud
1603 2775 1741 2816 quem
1780 2762 1956 2804 nullum

193 2831 360 2873 bonum
402 2836 558 2874 manet
599 2832 1005 2884 irremuneratum,
1046 2832 1237 2874 habebit
1276 2845 1362 2886 pro
1400 2832 1560 2875 futuro
1595 2832 1957 2876 inestimabilem

189 2901 381 2953 gloriam
408 2906 640 2955 per-petuo
667 2902 950 2945 duraturam.
992 2903 1154 2945 Amen.

295 3072 324 3092 a)
354 3065 415 3097 [ql.
441 3066 489 3092 dic
513 3068 764 3100 110what-{sahemle
789 3068 877 3095 [fedei
