2102 3444
191 146 278 190 388
544 146 590 180 ll.
624 145 834 180 Abschnitt.
878 146 1082 179 Sermones
1113 145 1262 179 concilii
1292 144 1612 180 Constanciensis.

194 264 240 306 in
265 264 495 318 pluribus,
521 277 611 318 que
637 267 920 305 concernunt
945 262 1153 305 officium
1181 276 1315 306 suum
1341 267 1385 306 et
1412 264 1678 318 specialiter
1704 264 1752 306 in
1777 265 1964 306 visitan-

194 334 266 378 dis
299 335 510 378 ecclesiis
545 335 635 377 sibi
669 334 902 387 subiectis,
938 335 983 375 in
1018 334 1316 378 celebrandis
1348 335 1715 388 provincialibus
1748 337 1825 377 aut
1857 335 1965 388 dyo-

194 407 376 449 cesanis
414 406 603 459 synodis
639 418 725 459 pro
761 405 1068 447 retundendis
1104 406 1498 459 contencionibus,
1535 419 1622 459 pro
1658 405 1964 448 emendandis

194 476 400 520 moribus
434 480 479 519 et
510 489 595 530 pro
628 476 964 519 constituendis
996 476 1101 530 hiis,
1136 489 1226 530 que
1260 477 1318 519 ad
1351 477 1703 519 instructionem
1736 476 1966 520 clericalis

194 548 430 601 pertinent
455 547 716 601 discipline,
742 559 937 600 quarum
962 547 1242 600 synodorum
1269 548 1521 590 subtractio
1545 548 1666 590 mala
1690 548 1835 590 multa
1856 547 1967 590 fecit

195 619 240 660 in
266 618 477 660 ecclesia.
515 617 649 660 Unde
675 631 710 660 c.
735 617 761 660 3
787 618 849 660 ita
875 617 1059 660 dicitur:
1099 619 1262 671 „Nulla
1288 631 1409 672 pene
1437 631 1513 661 res
1539 618 1785 672 discipline
1812 630 1966 661 mores

195 690 252 731 ab
282 689 479 731 ecclesia
510 688 681 731 Christi
711 690 858 743 magis
886 689 1082 742 expellit
1111 702 1248 743 quam
1277 689 1569 743 negligencia
1600 689 1786 732 illorum
1818 701 1967 733 sacer-

195 760 365 813 dotum,
415 760 492 813 qui
542 759 817 813 contemptis
866 761 1122 803 canonibus
1173 761 1230 802 ad
1279 759 1579 814 corrigendos
1626 759 1966 802 ecclesiasticos

194 843 348 874 mores
376 831 618 884 negligunt
641 830 872 884 'synodum
901 832 1228 885 congregare.“

312 902 440 945 Hanc
468 901 878 944 contnadictionem
906 906 952 945 et
976 903 1092 945 istas
1116 902 1385 956 iniquitates
1413 906 1458 944 et
1485 901 1849 945 innumerabilia
1874 903 1967 945 alia

195 975 330 1027 mala,
357 987 446 1027 que
475 974 662 1027 longum
689 977 814 1016 esset
840 986 1080 1027 enarrare,
1107 974 1287 1016 vidistis
1314 987 1357 1027 p.
1384 975 1426 1016 b.
1453 974 1499 1015 in
1528 973 1709 1016 civitate
1737 973 1823 1016 Dei
1850 977 1895 1016 et
1921 975 1967 1016 in

197 1048 354 1087 sancta
389 1044 606 1098 ecclesia,
634 1057 770 1098 quam
803 1046 981 1087 utinam
1017 1058 1051 1086 s.
1086 1059 1125 1086 v.
1162 1045 1219 1087 ab
1253 1046 1344 1087 hiis
1378 1049 1424 1087 et
1456 1044 1561 1087 aliis
1597 1044 1732 1087 malis
1764 1057 1966 1098 purgare

195 1120 386 1169 cuperet
420 1119 464 1158 et
497 1116 732 1169 cogitaret,
767 1116 890 1169 quod
924 1115 1157 1158 scribitur:
1207 1116 1402 1168 „Plures
1438 1116 1574 1158 simul
1610 1116 1655 1157 in
1689 1128 1832 1158 unum
1866 1128 1969 1158 con—

196 1187 440 1230 venientes
464 1189 572 1229 sunt
596 1186 644 1228 in
669 1199 808 1240 agere
836 1190 882 1229 et
907 1187 1172 1241 intelligere
1199 1186 1536 1240 potenciores“,
1562 1190 1700 1240 atque
1727 1187 1968 1239 recoleret,

197 1257 320 1310 quod
343 1256 557 1299 dominus
585 1257 657 1299 Mt.
684 1257 802 1300 18m0
828 1257 952 1299 dicit:
979 1258 1097 1311 „Ubi
1118 1258 1212 1300 duo
1236 1259 1310 1299 vel
1335 1262 1430 1300 tres
1453 1258 1502 1300 in
1525 1259 1714 1300 nomine
1740 1270 1844 1300 meo
1866 1269 1969 1300 con-

194 1329 372 1382 gregati
397 1327 603 1382 fuerunt,
627 1328 675 1370 in
701 1328 857 1371 medio
880 1341 1042 1371 eorum
1067 1341 1163 1382 ero,
1189 1331 1251 1371 et:
1290 1329 1336 1371 Si
1364 1329 1456 1371 duo
1480 1342 1539 1371 ex
1565 1329 1697 1372 vobis
1723 1341 1970 1371 consense-

196 1398 287 1441 rint
315 1411 458 1452 super
484 1401 659 1442 terram
689 1399 746 1441 de
775 1399 900 1442 omni
928 1412 994 1453 re,
1024 1399 1345 1453 quodcumque
1375 1399 1615 1453 pecierint,
1643 1399 1729 1442 fiet
1756 1399 1896 1453 illis“‚
1923 1401 1970 1441 et

196 1471 390 1524 insuper
417 1470 826 1525 animadverteret,
856 1471 1074 1524 quoniam
1102 1470 1401 1513 venerabiles
1425 1474 1602 1524 patres,
1629 1471 1708 1524 qui
1736 1470 1968 1524 primitive

196 1541 392 1583 ecclesie
423 1541 742 1594 gubernacula
769 1544 1036 1596 tenuerunt,
1064 1542 1114 1583 *in
1140 1542 1360 1595 pluribus
1391 1542 1633 1584 retroactis
1664 1541 1862 1584 ecclesie
1889 1553 1970 1583 ne-

197 1611 489 1656 cessitatibus
520 1612 713 1655 concilia
743 1615 1130 1655 convocaverunt:
1175 1612 1340 1655 eadem
1371 1626 1405 1655 s.
1436 1626 1477 1655 v.
1508 1615 1690 1655 maturo
1718 1615 1764 1655 et
1792 1612 1970 1656 salubri

197 1695 282 1725 usa
312 1672 508 1726 consilio
543 1683 732 1737 dignata
766 1687 838 1726 est
868 1684 920 1726 zin
953 1684 1040 1727 hac
1074 1683 1177 1726 fere
1214 1686 1424 1726 extrema
1457 1683 1737 1726 necessitate
1771 1682 1969 1726 ecclesie

198 1754 443 1796 concilium
472 1755 696 1807 generale
722 1755 773 1796 'in
802 1755 991 1797 nomine
1023 1755 1199 1797 domini
1226 1767 1498 1809 convocare,
1525 1757 1759 1809 quatenus
1787 1756 1971 1808 patrum

198 1824 245 1866 in
277 1837 420 1867 unum
454 1828 835 1879 congregatorum
867 1826 1101 1868 conciliali
1134 1825 1529 1869 determaeinacione
1564 1825 1624 1869 ad
1656 1825 1743 1867 Dei
1775 1824 1970 1879 gloriam

200 1898 245 1937 et
271 1895 512 1938 christiani
540 1897 702 1950 populi
732 1897 943 1951 salutem,
972 1910 1065 1951 pax
1094 1900 1139 1939 et
1167 1896 1413 1940 concordia
1441 1896 1583 1940 fieret
1606 1897 1660 1939 sin
1685 1896 1899 1950 ecclesia,
1927 1898 1973 1939 et

201 1966 447 2021 discordia,
480 1967 704 2021 iniquitas
740 1970 785 2010 et
820 1968 970 2011 omnis
1002 1967 1306 2010 contradictio
1340 1968 1478 2021 longe
1511 1967 1771 2022 repellatur
1807 1980 1833 2010 a
1866 1966 1972 2010 crivi-

200 2039 291 2079 tate
317 2037 416 2080 Dei.

317 2108 449 2160 Quod
473 2122 574 2151 cum
599 2109 802 2163 humilis,
830 2110 1057 2152 obediens
1083 2114 1129 2152 et
1153 2110 1313 2152 fidelis
1339 2110 1469 2152 filius
1496 2123 1530 2152 s.
1558 2122 1598 2152 v.
1626 2108 1823 2152 illustris
1845 2109 1973 2163 prin-

203 2191 312 2232 ceps
335 2178 558 2222 Albertus
581 2179 675 2222 dux
697 2180 886 2223 Austrie
911 2180 1080 2224 litteris
1104 2195 1138 2224 s.
1163 2194 1202 2223 v.
1224 2183 1540 2235 cognosceret,
1565 2215 1574 2223 .
1610 2214 1618 2222 .
1654 2214 1662 2222 .
1687 2179 1818 2222 dedit
1838 2179 1974 2222 nobis

204 2249 520 2293 auctoritatem
546 2253 593 2292 et
617 2251 879 2304 plenariam
906 2254 1183 2305 potestatem
1208 2252 1363 2305 ipsum
1391 2251 1629 2305 obligandi
1652 2254 1703 2293 et
1727 2263 1814 2305 pro
1837 2263 1897 2293 eo
1923 2261 1974 2293 ac

204 2319 351 2373 ipsius
372 2321 561 2363 nomine
579 2322 898 2375 promittendi,
923 2322 1046 2376 quod
1068 2323 1223 2365 omnia
1245 2325 1291 2365 et
1314 2322 1497 2376 singula
1518 2334 1604 2376 per
1626 2322 1848 2376 genera—le
1869 2332 1974 2363 con—

204 2390 359 2433 cilium
386 2392 507 2434 circa
530 2392 703 2434 bonum
730 2395 897 2435 statum
925 2393 1208 2436 universalis
1234 2393 1432 2435 ecclesie
1460 2392 1720 2435 ordinanda
1744 2391 1844 2435 sive
1870 2403 1974 2434 con-

202 2461 433 2505 cludenda
463 2465 562 2505 rata
591 2463 785 2506 habebit
814 2466 859 2506 et
889 2463 1029 2506 firma
1058 2467 1103 2506 et
1133 2464 1466 2506 inviolabiliter
1496 2463 1764 2507 observabit
1790 2462 1853 2506 -ad
1879 2462 1973 2517 glo-

206 2533 322 2574 riam
345 2535 391 2574 et
412 2532 673 2586 profectum
692 2536 852 2576 ⁴sancte
877 2534 1038 2577 matris
1060 2534 1271 2588 ecclesie,
1295 2535 1430 2577 unice
1455 2546 1628 2588 sponse
1652 2533 1737 2576 Dei
1760 2536 1806 2576 et
1826 2533 1975 2576 salva-

204 2603 319 2646 toris
343 2603 489 2645 nostri
515 2603 663 2646 Jhesu
690 2603 875 2658 Christi,
903 2605 980 2658 qui
1007 2617 1106 2646 cum
1136 2605 1235 2647 Deo
1257 2608 1390 2659 patre
1418 2608 1465 2647 et
1489 2608 1647 2648 sancto
1672 2603 1838 2658 spiritu
1863 2603 1974 2645 vivit

205 2676 249 2716 et
277 2676 440 2727 regnat
464 2686 586 2717 unus
614 2673 740 2716 Deus
767 2674 814 2716 in
842 2676 999 2718 secula
1027 2676 1289 2717 seculorum
1316 2674 1603 2718 benedictus.
