2102 3444
164 154 248 196 ¹424
519 153 563 186 Il.
597 152 806 186 Abschnitt.
849 154 1053 185 Sermones
1084 151 1233 185 concilii
1264 151 1583 185 Constancziensis

283 271 474 313 Erunt
514 271 691 323 signa
733 270 787 310 in
830 271 962 310 sole
1003 274 1059 311 et
1101 270 1259 311 luna.
1301 270 1420 311 Luce
1450 270 1555 311 XXI
1585 271 1786 323 capitulo
1813 274 1858 312 et
1887 270 1932 311 in

166 343 423 395 ewangelio
467 342 700 394 presentis
745 341 973 382 dominice
1019 341 1272 382 secundum
1319 354 1449 382 usum
1494 345 1537 382 et
1582 341 1931 383 observanciam

165 414 360 454 ecclesie
386 412 639 464 Anglicane
667 446 673 453 .
711 445 718 452 .
1240 417 1244 421 “

281 484 358 525 Sol
393 483 648 536 spiritualis
685 484 728 523 in
766 483 976 534 ecclesia,
1012 495 1132 535 papa
1167 483 1397 533 videlicet,
1434 484 1636 535 episcopi
1673 488 1719 525 et
1751 483 1933 536 prelati,

162 568 219 595 ex
255 554 457 596 evidenti
495 555 731 606 signorum
767 554 1042 595 extensione
1079 553 1301 596 claritatis
1337 558 1381 595 et
1419 554 1611 606 iusticie,
1649 557 1804 595 sancte
1840 554 1932 595 vite

164 629 207 666 et
228 625 601 667 conversacionis
622 625 831 676 honeste,
855 637 966 665 sane
988 624 1328 677 predicacionis
1350 628 1394 666 et
1417 624 1623 665 doctrine
1645 629 1689 666 et
1710 625 1933 677 precipue

163 709 246 748 per
279 699 589 748 contemptum
623 695 822 737 avaricie
856 699 1064 737 tenentu1
1105 707 1210 737 esse
1248 695 1382 736 lucidi
1421 696 1465 736 in
1499 695 1651 737 medio
1684 696 1854 737 nebule
1889 698 1934 737 et

164 767 294 819 quasi
320 768 430 809 luna
454 767 594 819 plena
622 767 665 807 in
692 767 858 808 diebus
884 766 978 808 illis
1004 801 1012 808 .
1049 800 1056 808 .
1093 800 1100 807 .

280 838 356 880 Set
383 838 497 880 sicut
522 837 681 880 radius
708 838 875 879 solaris
903 850 984 879 seu
1011 839 1076 880 sol
1106 838 1361 879 materialis
1388 838 1685 879 absconditur
1711 841 1755 879 et
1781 850 1805 879 a
1830 849 1934 879 nos-

161 913 229 950 tra
261 909 583 950 consolacione
618 909 870 950 retrahitur
903 909 1050 950 tribus
1084 909 1182 950 istis
1216 922 1274 950 sc.
1307 912 1446 960 terra,
1478 909 1601 949 nube
1635 912 1679 949 et
1711 909 1835 961 luna,
1868 909 1933 949 sic

163 980 414 1021 secundum
438 980 599 1021 videre
622 992 774 1021 meum
797 981 863 1022 sol
889 980 1082 1032 iusticie,
1105 979 1316 1022 Christus
1340 980 1465 1020 Deus
1488 982 1660 1031 noster,
1684 979 1839 1021 radios
1863 979 1932 1022 sui

163 1051 332 1093 amoris
357 1055 401 1093 et
425 1051 580 1104 gracie
606 1051 829 1104 precipue
857 1064 881 1093 a
908 1054 1116 1104 tempore
1145 1051 1372 1093 scismatis
1399 1051 1455 1092 ab
1482 1051 1680 1092 ecclesia
1707 1050 1932 1092 militante

163 1122 355 1164 retraxit
395 1125 521 1164 terra
562 1122 813 1164 mundialis
854 1122 1055 1164 avaricie
1095 1126 1140 1163 et
1179 1122 1456 1174 cupiditatis,
1497 1122 1621 1162 nube
1661 1122 1934 1175 temporalis

163 1193 432 1235 ambicionis
470 1196 514 1235 et
551 1193 766 1234 vanitatis
806 1196 849 1234 et
888 1194 998 1235 luna
1036 1193 1236 1234 carnalis
1276 1192 1654 1244 concupiscencie
1694 1196 1738 1234 et
1776 1193 1934 1245 volup-

161 1265 267 1306 tatis
291 1299 298 1306 .
335 1301 341 1307 .
380 1299 387 1306 .
425 1264 684 1316 Ecclipsata
707 1267 778 1306 est
800 1265 998 1306 ecclesie
1024 1264 1254 1306 luminosa
1281 1264 1511 1305 serenitas
1536 1266 1581 1305 et
1605 1263 1736 1316 quasi
1760 1263 1933 1316 ubique

161 1336 448 1377 confusionis
494 1339 539 1377 et
584 1335 822 1388 obprobrii
871 1335 1048 1377 obtecta
1095 1335 1292 1388 caligine
1339 1338 1383 1376 et
1431 1347 1627 1385 merore,
1675 1347 1764 1387 que
1812 1333 1932 1387 Syon

162 1406 333 1448 dudum
364 1406 560 1459 pulchra
589 1406 723 1458 facie,
753 1419 874 1447 nunc
909 1407 1024 1448 iacet
1053 1407 1185 1458 quasi
1218 1406 1385 1447 mulier
1418 1408 1702 1447 menstruata
1733 1408 1779 1447 et
1808 1405 1932 1446 Petri

161 1477 387 1529 navicula,
417 1477 549 1530 quasi
581 1477 854 1520 ambicionis
884 1482 928 1519 et
958 1477 1222 1529 cupiditatis
1252 1477 1442 1518 flamma
1472 1477 1650 1519 voravit
1681 1477 1726 1517 in
1756 1489 1934 1529 gyrum,

161 1552 404 1590 nautarum
447 1561 505 1590 ex
546 1548 683 1601 culpa
723 1548 1069 1601 presidencium
1112 1548 1332 1600 procellis
1375 1548 1790 1589 intumescentibus
1831 1560 1934 1589 con-

162 1623 442 1672 quassatur.
478 1654 486 1661 .
523 1654 530 1661 .

280 1690 540 1732 Secundum
585 1692 772 1732 Petrum
816 1691 872 1732 de
917 1691 1086 1733 Salviis
1130 1694 1173 1732 et
1217 1691 1332 1732 alios
1376 1691 1695 1743 perspectivos
1737 1693 1934 1742 quatuor

162 1763 293 1814 signa
320 1775 401 1803 seu
427 1762 739 1814 proprietates
765 1775 870 1804 esse
898 1763 1225 1804 describuntur
1250 1762 1294 1802 in
1323 1762 1435 1813 sole,
1462 1762 1631 1814 quibus
1657 1761 1770 1803 ordo
1794 1773 1934 1814 papa-

163 1832 218 1873 lis
245 1837 289 1875 et
313 1833 593 1886 episcopalis
619 1846 819 1886 congrue
846 1837 997 1886 potest
1023 1833 1239 1886 coaptari.
1279 1833 1374 1884 Que
1400 1836 1505 1875 sunt
1530 1832 1746 1874 videlicet
1769 1831 1934 1874 nobili-

161 1907 230 1945 tas
258 1904 555 1956 condicionis,
585 1904 846 1947 sublimitas
872 1905 1139 1957 posicionis,
1167 1904 1341 1946 utilitas
1368 1904 1661 1956 operacionis
1688 1907 1732 1944 et
1759 1902 1935 1945 volubi-

163 1974 267 2017 litas
298 1975 603 2027 regnacionis.
650 1975 759 2016 Dico
790 1976 954 2028 primo,
986 1976 1108 2028 quod
1141 1976 1208 2018 sol
1241 2009 1248 2016 .
1286 2009 1293 2016 .
1330 2009 1337 2016 .
1373 1976 1416 2016 in
1449 1975 1648 2027 quadam
1680 1974 1934 2016 nobilitatis

162 2050 206 2088 ct
245 2046 425 2088 virtutis
462 2047 812 2098 preeminencia
853 2047 1077 2100 singulari
1119 2047 1238 2088 inter
1279 2059 1421 2099 opera
1461 2046 1683 2098 primaria
1725 2049 1794 2087 est
1830 2057 1934 2087 con-

162 2116 296 2158 ditus.
340 2117 410 2159 Sic
442 2118 624 2170 papalis
656 2121 700 2158 et
732 2118 1013 2170 episcopalis
1045 2118 1159 2159 ordo
1190 2130 1332 2170 super
1364 2129 1526 2159 omnes
1557 2119 1716 2169 status,
1747 2116 1933 2169 gradus,

163 2187 410 2240 dignitates
445 2191 489 2229 et
525 2188 714 2230 ordines
752 2189 797 2229 in
835 2189 1033 2241 quadam
1072 2188 1299 2230 consimili
1337 2188 1625 2229 excellencia
1662 2187 1934 2229 constitutus

163 2261 232 2299 est
267 2292 274 2299 .
311 2293 318 2300 .
356 2292 363 2299 .
411 2259 570 2301 Omnis
605 2260 817 2312 pontifex
854 2273 910 2301 ex
948 2260 1213 2301 hominibus
1249 2262 1514 2311 assumptus
1550 2271 1633 2311 pro
1668 2257 1934 2300 hominibus

163 2329 451 2372 constituitur
480 2331 526 2371 in
554 2330 658 2382 hiis,
687 2343 776 2382 que
807 2334 911 2372 sunt
940 2331 998 2372 ad
1028 2331 1188 2371 Deum.

280 2400 541 2442 Secundum
569 2401 749 2453 signum
779 2435 785 2442 .
823 2435 830 2442 .
867 2436 874 2443 .
914 2401 1130 2443 Scribunt
1156 2405 1308 2443 autem
1336 2402 1570 2454 astrologi,
1598 2400 1719 2453 quod
1747 2401 1814 2441 sol
1842 2400 1934 2441 ele-

163 2474 295 2512 vatur
322 2484 347 2513 a
374 2474 498 2513 terra
527 2484 668 2524 super
696 2475 903 2514 nostrum
933 2473 1185 2513 orizontem
1213 2476 1258 2513 et
1287 2472 1494 2514 ascendit
1521 2484 1668 2524 usque
1697 2471 1756 2513 ad
1782 2470 1933 2512 zenith

163 2542 307 2584 nostri
334 2542 497 2595 capitis
523 2546 567 2584 et
593 2546 698 2585 tunc
727 2555 871 2595 usque
898 2543 955 2585 ad
981 2546 1198 2596 punctum
1226 2543 1556 2585 declinacionis
1584 2577 1592 2584 .
1629 2576 1636 2583 .
1673 2576 1680 2584 .
1719 2542 1806 2594 Sic,
1831 2554 1932 2583 cum

163 2613 254 2655 vita
282 2626 402 2666 pape
431 2617 475 2655 et
503 2614 708 2666 episcopi
739 2613 1030 2666 proficientis
1058 2614 1103 2654 in
1133 2614 1456 2666 spiritualibus
1484 2627 1509 2656 a
1538 2613 1739 2655 terrenis
1767 2616 1812 2654 et
1839 2625 1934 2654 car-

163 2684 350 2727 nalibus
371 2684 811 2737 imperfeccionibus
836 2685 879 2725 in
903 2685 1194 2726 altitudinem
1217 2686 1442 2736 elevatur,
1465 2688 1556 2726 tota
1579 2687 1770 2726 ornatur
1790 2684 1934 2725 eccle-

165 2754 231 2797 sia
255 2759 299 2797 et
320 2755 455 2798 bonis
477 2755 698 2809 operibus
722 2756 980 2797 roboratur.

281 2826 398 2868 Olim
424 2861 431 2868 .
468 2861 475 2868 .
513 2861 520 2868 .
545 2827 672 2869 Deus
695 2827 841 2868 solem
866 2830 911 2868 et
933 2828 1109 2879 stellas,
1133 2839 1300 2879 papam
1325 2830 1369 2868 et
1391 2827 1636 2879 episcopos
1660 2825 1932 2876 fabricabat,

164 2897 349 2949 quando
370 2897 577 2939 latebant
598 2901 642 2939 et
662 2898 848 2950 quando
870 2897 1113 2950 fugiebant
1133 2901 1176 2939 et
1199 2898 1385 2950 quando
1405 2898 1701 2950 cogebantur,
1723 2900 1771 2938 ut
1789 2896 1932 2938 eccle-

165 2968 257 3009 sias
293 2971 338 3009 et
373 2967 619 3021 dignitates
655 2971 961 3010 assumerent.
1011 2968 1124 3020 Heu,
1160 2981 1280 3009 nunc
1319 2969 1500 3010 inutilia
1537 2967 1648 3010 sol‘is
1685 2967 1933 3009 simulacra

165 3038 378 3082 manibus
401 3039 638 3081 hominum
663 3039 951 3082 fabricantur
977 3074 983 3081 .
1021 3073 1027 3079 .
1065 3073 1072 3080 .
1111 3039 1236 3081 Auro
1259 3039 1382 3080 enim
1408 3042 1452 3081 et
1476 3041 1668 3092 argento
1688 3039 1774 3080 hec
1798 3037 1932 3082 simu-
