2227 3434
564 193 600 228 B.
638 194 714 230 Der
735 195 834 230 liber
853 199 1045 240 gestorum
1070 196 1138 231 des
1160 195 1402 231 Cerretanus.
1781 199 1865 240 275

102 326 226 368 rege,
250 313 398 356 tribus
423 312 594 366 regnis,
619 313 927 366 primogenito
952 318 997 356 et
1020 314 1126 357 aliis
1151 327 1288 368 quam
1312 315 1528 368 pluribus
1553 315 1790 357 nobilibus
1816 329 1865 358 ac

101 385 207 426 dicti
229 384 389 438 populi
412 383 704 425 multitudine
729 388 773 426 et
795 397 865 426 me
888 385 1201 438 presentibus.
1236 385 1332 436 Qua
1355 386 1540 438 publice
1563 386 1697 438 facta,
1720 386 1866 429 dictus

100 456 246 497 frater
273 454 552 496 Vincencius
582 454 697 496 dixit
727 456 812 497 ista
843 455 985 497 verba
1015 456 1248 498 videlicet:
1293 456 1334 498 d.
1365 469 1449 498 rex
1479 457 1624 498 credit
1654 456 1866 507 firmiter,

101 526 224 578 quod
243 525 379 567 hodie
402 529 447 567 et
469 526 554 567 ista
574 526 688 567 hora
711 526 751 567 d.
775 538 910 578 reges
933 526 1136 568 Castelle
1157 531 1202 569 et
1222 527 1426 569 Navarre
1450 527 1647 569 similem
1670 527 1867 569 fecerint

99 595 465 649 publicacionem
496 596 837 649 subtractionis,
866 597 974 649 quia
1003 598 1127 639 misit
1157 597 1225 640 eis
1255 598 1448 640 nuncios
1478 611 1585 640 suos
1616 598 1674 640 ad
1705 599 1868 651 depre-

100 666 296 709 candum
317 679 413 720 eos,
437 667 559 719 quod
583 668 644 709 ita
666 667 824 709 facere
847 668 1035 709 vellent.
1071 668 1126 710 Et
1145 672 1251 710 tunc
1275 668 1398 710 idem
1420 668 1566 710 frater
1590 669 1868 711 VIncencius

100 737 224 779 venit
250 737 309 780 ad
336 738 680 780 conclusionem
710 751 792 781 sue
820 738 1160 791 predicacionis
1188 739 1250 781 sic
1280 739 1493 781 dicendo:
1537 739 1662 781 Bone
1690 743 1867 793 gentes,

100 808 215 851 sicut
244 811 340 851 tres
373 821 508 862 reges
541 810 621 851 tali
656 809 744 861 die,
779 809 894 851 sicut
927 813 971 851 et
1003 809 1155 861 hodie,
1189 810 1457 852 obtulerunt
1491 810 1676 852 domino
1710 814 1868 852 nostro

99 880 213 922 Jesu
243 879 428 922 Christo
460 891 655 922 munera
686 880 914 933 preciosa,
948 881 1012 922 sic
1046 881 1120 922 isti
1152 884 1250 923 tres
1282 881 1322 923 d.
1357 894 1506 934 reges,
1539 881 1754 923 videlicet
1787 881 1869 924 Ca-

101 950 250 1003 stelle,
274 950 566 1004 Arragonum
590 954 634 993 et
658 951 877 1004 Navarre,
901 951 1040 992 hodie
1064 951 1277 993 fecerunt
1299 951 1431 994 istam
1457 952 1744 994 oblacionem
1771 952 1868 993 Deo

99 1024 144 1063 et
170 1024 327 1064 sancte
354 1022 488 1064 matri
517 1022 713 1063 ecclesie
742 1034 827 1074 pro
855 1022 956 1064 eius
985 1025 1142 1064 sancta
1169 1022 1354 1064 unione.
1396 1022 1625 1075 Scriptum
1653 1023 1867 1065 Narbone

100 1092 203 1135 XII.
230 1092 454 1135 Januarii.

215 1161 539 1217 Sigismundus
566 1198 574 1205 .
611 1197 618 1205 .
655 1198 662 1205 .
694 1163 892 1205 Illustris
919 1164 1139 1217 princeps
1167 1198 1174 1205 .
1212 1198 1219 1205 .
1256 1199 1263 1206 .
1292 1164 1366 1206 die
1395 1164 1614 1206 hesterna
1642 1198 1650 1206 .
1687 1202 1693 1208 .
1731 1199 1738 1206 .
1769 1165 1866 1206 Dat.

101 1233 312 1288 Lugduni
339 1234 414 1276 die
439 1234 586 1276 XXII.
612 1235 787 1277 mensis
812 1235 1022 1277 Januarii
1050 1269 1057 1276 .
1094 1269 1102 1276 .
1139 1269 1147 1276 .
1174 1235 1221 1276 B.
1247 1235 1512 1288 prepositus
1537 1235 1813 1290 Albensis.¹)

215 1305 388 1347 Littere
433 1307 752 1348 convocatorie
798 1305 1019 1360 conciliifl)
1070 1340 1078 1347 .
1115 1340 1122 1347 .
1159 1340 1166 1347 .
1228 1306 1523 1348 Miseratione
1570 1306 1726 1348 divina
1771 1340 1778 1348 .

98 1376 382 1429 Quamquam
412 1376 731 1418 misericordie
763 1376 936 1418 domini
967 1411 975 1418 .
1012 1411 1019 1418 .
1056 1411 1064 1418 .
1097 1377 1196 1418 Dat.
1226 1378 1350 1430 etos-¹)

217 1447 301 1489 Die
324 1447 505 1490 sabbati
526 1447 673 1490 XXII.
696 1447 870 1490 mensis
892 1447 1137 1489 Februarii
1158 1449 1374 1501 egregius
1397 1448 1688 1490 decretorum
1711 1447 1868 1490 doctor

99 1518 142 1561 d.
177 1518 416 1561 Johannes
454 1518 512 1561 de
548 1518 716 1571 Opicis,
754 1519 873 1561 sacri
908 1519 1075 1572 palacii
1114 1519 1354 1572 apostolici
1391 1531 1635 1561 causarum
1673 1518 1867 1570 auditor,

99 1590 292 1632 recessit
320 1589 378 1632 de
410 1588 685 1632 Constancia
713 1602 815 1631 cum
847 1589 1014 1631 litteris
1045 1589 1378 1632 convocatoriis
1409 1589 1661 1642 supradicti
1691 1589 1867 1632 tenoris

99 1671 262 1703 versus
292 1672 450 1714 regem
480 1660 747 1714 Aragonum
778 1661 852 1702 vel
883 1660 984 1703 eius
1015 1660 1235 1702 vicarium
1269 1661 1314 1701 in
1347 1660 1636 1702 Barchinona
1667 1661 1868 1702 existen-

100 1734 204 1784 tem,
229 1734 277 1774 ut
302 1734 578 1774 conventum
603 1731 772 1784 fuerat,
798 1731 1108 1784 profecturus.

213 1802 297 1844 Die
318 1802 414 1844 XX.
436 1803 612 1845 mensis
634 1802 877 1844 Februarii
897 1802 1186 1856 congregatis
1208 1801 1364 1843 revmis
1387 1803 1432 1843 in
1453 1802 1559 1844 Chr.
1580 1815 1623 1855 p.
1646 1802 1687 1844 d.
1709 1804 1864 1844 sancte

97 1872 146 1915 R.
176 1885 216 1915 e.
246 1873 577 1926 cardinalibus,
607 1874 855 1926 episcopis,
887 1873 1148 1926 abbatibus,
1177 1873 1453 1926 proceribus
1482 1876 1527 1914 et
1556 1873 1659 1915 aliis
1691 1873 1736 1914 in
1767 1873 1866 1914 loco

98 1944 322 1987 sessionis
335 1944 381 1989 ·d.
405 1945 570 1986 Petrus
593 1945 650 1986 de
674 1944 866 1986 Polonia
887 1943 1146 1986 ascendens
1168 1944 1413 1986 ambonem
1435 1945 1546 1996 legit
1568 1938 1864 1996 infrascripta

98 2017 276 2058 statuta.
317 2015 493 2067 Quibus
522 2015 651 2057 lectis
680 2028 766 2068 per
794 2015 1014 2068 prelatos,
1045 2015 1104 2057 ad
1131 2015 1215 2056 hoc
1244 2027 1330 2068 per
1358 2014 1591 2067 naciones,
1621 2015 1865 2067 deputatos

98 2096 373 2139 responsum
397 2090 486 2130 est:
528 2086 697 2128 Placet.

212 2156 513 2200 Sacrosancta
546 2161 592 2199 et
626 2158 863 2210 generalis
900 2157 1104 2210 synodus
1140 2156 1533 2208 Constanciensis,
1568 2169 1657 2209 que
1693 2155 1863 2197 dudum

99 2227 254 2270 statuit
291 2261 301 2270 .
335 2261 344 2271 .
380 2228 430 2282 .³)

218 2297 303 2341 Die
330 2299 438 2340 lune
464 2299 636 2340 XXIII.
663 2300 838 2341 mensis
864 2298 1106 2340 Februarii
1134 2299 1178 2339 in
1204 2297 1389 2351 publica
1416 2298 1779 2350 congregacione

102 2368 221 2412 facta
242 2370 289 2411 in
309 2370 506 2412 ecclesia
526 2369 781 2412 cathedrali
805 2369 1155 2412 Constanciensi
1179 2369 1225 2410 in
1248 2369 1347 2411 loco
1368 2371 1601 2421 consueto,
1624 2371 1865 2421 postquam

101 2451 186 2492 pro
211 2443 342 2493 parte
374 2474 381 2482 .
418 2474 425 2482 .
462 2475 470 2483 .
500 2441 738 2494 proposita
767 2444 903 2493 atque
933 2440 1051 2482 lecta
1080 2452 1165 2493 per
1195 2440 1236 2481 d.
1267 2439 1498 2482 Justinum
1529 2439 1585 2480 de
1616 2439 1867 2481 Juvenacio

145 2543 154 2551 .
189 2513 360 2554 contra
386 2523 545 2565 regem
572 2511 764 2553 Polonie
793 2545 800 2553 .
837 2545 844 2552 .
881 2545 888 2552 .

217 2580 518 2624 Sacrosancta
544 2585 627 2624 etc.

218 2651 302 2694 Die
333 2652 520 2694 veneris
552 2652 808 2706 penultima
840 2652 1013 2694 mensis
1046 2651 1290 2693 Februarii
1323 2650 1608 2693 venerabilis
1640 2654 1684 2693 et
1714 2650 1867 2702 religi-

101 2733 209 2764 osus
229 2734 359 2765 sacre
380 2724 548 2776 pagine
571 2723 813 2776 professor
835 2722 1053 2775 magister
1075 2722 1303 2764 Antonius
1323 2721 1451 2774 prior
1471 2721 1706 2774 generalis
1731 2721 1864 2762 beate

106 2791 247 2834 Marie
272 2793 329 2835 de
359 2793 585 2846 Mercede,
612 2793 901 2836 serenissimi
929 2793 1322 2846 regisAragonum
1348 2794 1517 2843 orator,
1544 2791 1864 2833 Constanciam

205 2922 236 2947 a»
262 2912 467 2952 &berschrist
491 2920 569 2952 sam
592 2921 620 2947 (x.

220 2978 251 3021 ¹)
281 2979 341 3014 An
366 2978 558 3024 Psalzyraff
586 2981 753 3023 Ludit-iq.
796 2981 920 3015 Mansi
949 2979 1127 3014 XXVIII.
1153 2979 1231 3013 920.

221 3038 253 3078 ²)
284 3036 404 3072 Hardt
436 3038 485 3079 11,
515 3038 646 3082 544ῘΤ;
680 3038 805 3073 Mansi
836 3036 994 3079 XXVII,
1023 3038 1102 3072 950.

217 3094 249 3136 ⁸)
274 3094 395 3130 Har-dt
419 3096 484 3137 IV,
507 3097 594 3138 611‚·
621 3096 745 3131 Mansi
771 3095 929 3136 XXVII,
952 3096 1021 3132 834
1034 3095 1060 3138 Τ.
1635 3150 1653 3170 u

1580 3150 1632 3192 18
