2227 3434
586 193 626 230 C.·
665 195 758 231 Acta
784 196 934 231 concilii
961 197 1030 230 des
1058 196 1099 230 G.
1126 197 1174 230 de
1202 197 1331 231 Turre.
1758 196 1842 239 355

195 315 280 358 Die
323 314 484 357 marnis
526 313 690 356 XXIX.
736 314 844 356 dicti
887 314 1101 368 mensis¹)
1149 315 1441 356 intraverunt
1484 313 1843 355 ambassiatores

77 385 202 440 regis
224 385 417 428 Polonie
440 397 542 427 cum
565 385 769 427 maximo
791 388 1031 439 apparatu.
1069 385 1123 427 Et
1146 385 1267 427 bene
1291 384 1570 426 videbantur
1594 384 1843 426 ambassia-

75 459 203 500 tores
225 456 380 511 magni
405 456 593 499 domini.
630 455 715 508 Qui
740 455 928 509 quidem
953 456 1000 497 in
1025 455 1275 498 crastinum
1300 458 1646 508 proposuerunt
1671 455 1717 495 in
1740 467 1844 507 pre-

77 526 234 571 sencia
259 539 381 582 pape
409 530 454 570 et
481 527 685 569 omnium
712 527 984 580 interessea)
1015 526 1288 569 volencium.

198 597 311 641 Item
334 611 360 641 a
382 598 458 640 die
478 597 629 651 prima
651 597 826 639 mensis
850 597 1095 639 Februarii
1117 609 1265 650 usque
1290 597 1349 639 ad
1370 597 1524 639 XIIII.
1549 597 1697 650 ipsius
1720 609 1844 638 men-

77 668 140 712 sis
164 668 253 712 suit
275 668 398 712 facta
423 668 664 722 discussio,
688 681 775 722 per
799 681 937 722 quam
963 668 1084 710 viam
1110 671 1235 711 esset
1259 667 1606 722 procedendum
1634 667 1692 710 ad
1716 667 1844 709 unio-

75 751 181 781 nem
215 738 425 782 ecclesie.
470 739 525 782 Et
554 742 660 794 post
689 739 826 793 plura
858 751 1019 782 omnes
1051 740 1272 781 naciones
1305 742 1500 792 excepta
1532 738 1711 781 Ytalica
1742 750 1844 779 con-

75 810 325 854 cordarunt
353 814 399 853 et
425 811 765 864 concluserunt,
795 810 919 864 quod
946 810 1020 852 via
1048 810 1275 853 cessionis
1302 813 1404 852 erat
1432 809 1718 863 preferenda
1748 810 1845 863 qui-

77 881 347 936 buscunque
387 882 493 924 aliis
531 885 750 936 tanquam
790 882 1012 934 sanccior‚
1053 881 1200 923 levior
1238 885 1285 924 et
1322 881 1522 923 brevior.
1575 881 1672 933 Quo
1713 881 1845 922 intel-

77 950 236 1008 lectob)
261 952 303 995 d.
326 956 486 996 noster
507 952 618 996 fecit
639 953 880 995 convocari
903 953 950 994 in
974 953 1081 994 aula
1103 965 1187 995 sua
1210 952 1372 994 maiori
1396 964 1556 994 omnes
1581 951 1844 994 cardinales

76 1027 121 1066 et
143 1023 402 1066 concilium.
439 1024 492 1067 Et
513 1023 687 1066 ibidem
713 1025 994 1077 imperatore
1019 1027 1064 1065 et
1086 1026 1181 1066 toto
1201 1023 1395 1065 concilio
1418 1023 1719 1076 presentibus
1741 1035 1845 1076 pro-

75 1094 228 1148 posuit
255 1094 314 1137 de
341 1095 416 1138 via
443 1095 670 1137 cessionis
698 1098 743 1137 et
772 1094 999 1137 commisit
1026 1094 1067 1136 d.
1098 1094 1323 1136 cardinali
1354 1094 1638 1147 Florentino,
1666 1097 1717 1136 ut
1743 1093 1844 1135 eius

75 1165 364 1220 propositum
406 1169 451 1208 et
493 1166 805 1208 intencionem
848 1178 991 1219 super
1033 1165 1152 1208 dicta
1194 1166 1268 1208 via
1311 1166 1499 1219 plenius
1540 1164 1843 1207 continuaret.

74 1235 159 1288 Qui
188 1236 376 1291 quidem
405 1236 657 1279 cardinalis
686 1236 880 1279 multum
908 1237 1149 1290 eleganter
1179 1236 1299 1278 viam
1329 1236 1554 1278 cessionis
1580 1236 1768 1278 nomine
1800 1238 1845 1276 et

75 1307 174 1350 vice
206 1307 315 1350 dicti
345 1307 386 1352 d.
416 1307 564 1350 nostri
595 1307 773 1362 obtulit,
802 1310 940 1361 prout
971 1308 1017 1349 in
1048 1307 1248 1360 quadam
1279 1307 1443 1350 cedula
1474 1319 1559 1360 per
1589 1319 1695 1348 eum
1726 1306 1843 1348 lecta

75 1378 412 1432 continebatur,
455 1379 587 1422 cuius
628 1381 762 1421 tenor
801 1378 909 1421 talis
952 1382 1022 1420 est
1064 1381 1109 1420 et
1152 1379 1374 1431 sequitur.
1431 1377 1758 1420 Sanctissimus
1802 1377 1842 1418 d.

75 1451 273 1492 noster.
304 1483 312 1491 .
347 1483 357 1492 .
379 1448 638 1504 tenendo.²)

193 1519 277 1563 Die
308 1519 480 1563 XVIII.
513 1520 689 1563 mensis
722 1520 967 1563 Februarii
999 1519 1290 1563 intraverunt
1321 1520 1683 1562 ambassiatores
1716 1519 1844 1561 ducis

75 1589 343 1646 Burgundie
375 1593 422 1634 et
451 1591 812 1634 ambassiatores
845 1591 976 1634 ducis
1010 1591 1389 1634 Mediolanensis.

192 1661 278 1705 Die
307 1661 430 1705 XXI.
460 1662 567 1705 dicti
596 1662 770 1705 mensis
798 1663 842 1705 d.
872 1665 1032 1705 noster
1059 1663 1348 1716 presentavit
1378 1662 1610 1716 deputatis
1640 1662 1843 1703 omnium

74 1732 320 1776 nacionum
345 1732 578 1786 quandam
605 1733 743 1776 aliam
769 1733 996 1787 cedulam,
1021 1733 1151 1776 cuius
1176 1737 1311 1775 tenor
1337 1733 1564 1786 sequitur:
1605 1731 1845 1774 Sanctissi-

76 1815 177 1846 mus
205 1803 247 1846 d.
275 1805 436 1847 noster
463 1803 705 1847 Johannes
730 1816 851 1858 papa
880 1804 1052 1846 XXIII.
1085 1838 1093 1846 .
1129 1820 1143 1846 .’
1173 1838 1181 1846 .
1211 1803 1412 1846 auxiliis.

194 1874 250 1917 Et
280 1875 390 1929 quia
420 1874 585 1917 cedule
618 1875 772 1917 oblate
804 1887 892 1928 per
924 1875 965 1917 d.
998 1878 1207 1917 nostrum
1239 1887 1408 1928 papam
1442 1887 1536 1916 non
1568 1873 1847 1916 videbantur

77 1943 385 2000 sufficienteS,
418 1944 506 1988 fuit
535 1946 789 1999 composita
821 1946 1020 2000 quedam
1054 1946 1220 1989 cedula
1251 1958 1337 2000 per
1368 1945 1602 1998 naciones,
1637 1957 1726 1999 que
1758 1943 1847 1986 fuit

77 2018 346 2069 presentata
381 2016 664 2070 imperatori.
711 2017 862 2071 Super
896 2030 987 2071 qua
1021 2017 1185 2060 cedula
1220 2017 1344 2059 idem
1378 2016 1419 2058 d.
1456 2017 1709 2070 imperator
1743 2028 1847 2058 con-

77 2087 256 2130 vocavit
278 2089 422 2130 totum
448 2087 692 2130 concilium
719 2088 765 2129 in
791 2088 990 2131 ecclesia
1017 2087 1213 2131 fratrum
1246 2087 1471 2130 Minorum
1498 2089 1543 2129 et
1569 2087 1691 2129 facta
1715 2086 1845 2140 prius

77 2169 162 2210 per
188 2158 340 2212 ipsum
366 2158 597 2212 solempni
625 2171 799 2213 arenga
825 2159 991 2201 dictam
1018 2158 1229 2201 cedulam
1259 2159 1350 2212 legi
1376 2159 1488 2201 fecit
1514 2161 1680 2212 petens
1706 2161 1752 2199 et
1777 2170 1846 2199 re-

77 2228 268 2283 quirens
299 2230 515 2272 omnibus
547 2233 592 2271 et
626 2229 821 2284 singulis
853 2230 1168 2283 presentibus,
1202 2230 1239 2272 si
1272 2229 1393 2272 dicta
1424 2229 1590 2271 cedula
1622 2228 1691 2271 eis
1722 2228 1846 2271 vide-

77 2298 214 2342 batur
244 2299 491 2344 sufficiens
523 2303 568 2343 et
600 2300 641 2343 d.
675 2303 834 2343 nostro
864 2313 986 2355 pape
1018 2313 1106 2354 pro
1136 2303 1268 2354 parte
1302 2300 1482 2343 concilii
1515 2299 1844 2353 presentanda.

77 2369 162 2422 Qui
198 2383 360 2414 omnes
399 2374 444 2414 et
482 2371 653 2425 singuli
690 2372 975 2414 unanimiter
1013 2371 1178 2414 dictam
1217 2371 1429 2413 cedulam
1467 2370 1846 2424 approbaverunt

78 2440 284 2495 exceptis
312 2441 354 2484 d.
385 2441 800 2486 ambassiatoribus
829 2442 988 2485 matris
1017 2445 1174 2484 nostre
1204 2441 1522 2484 universitatis
1552 2440 1845 2492 Parisiensis‚

79 2510 448 2566 Aurelianensis,
485 2512 895 2566 Montispessulani
928 2516 973 2555 et
1004 2513 1351 2566 Avinionensis,
1384 2512 1462 2565 qui
1495 2512 1677 2554 noviter
1709 2524 1846 2553 vene-

78 2584 182 2625 rant
207 2585 255 2626 et
279 2583 521 2626 materiam
550 2584 826 2638 ignorabant
854 2585 1065 2627 volentes
1094 2596 1237 2637 super
1264 2584 1350 2626 hoc
1378 2583 1658 2636 deliberare,
1687 2584 1846 2636 peten-

79 2654 149 2696 tes
174 2653 353 2708 copiam
380 2653 468 2697 sibi
496 2654 597 2697 dari
623 2654 670 2696 in
697 2655 963 2708 crastinum,
991 2655 1029 2697 si
1055 2655 1263 2708 placeret
1290 2653 1550 2696 offerentes
1579 2666 1628 2696 se
1656 2665 1846 2706 respon-

80 2734 227 2767 suros.
260 2723 391 2776 Quod
412 2725 483 2768 eis
504 2737 590 2779 per
614 2725 656 2768 d.
681 2726 1009 2778 imperatorem
1033 2725 1120 2767 fuit
1144 2737 1427 2768 concessum.

196 2794 295 2846 Qua
334 2794 410 2838 die
451 2795 668 2838 videlicet
708 2796 854 2838 XXII.
898 2796 1003 2838 dicti
1047 2796 1221 2838 mensis
1261 2795 1551 2849 congregatis
1592 2794 1639 2835 in
1681 2793 1843 2836 eadem

78 2863 276 2908 ecclesia
301 2865 433 2908 dictis
459 2866 502 2908 d.
530 2866 810 2920 imperatore
838 2870 884 2909 et
910 2866 1105 2909 concilio
1130 2866 1349 2920 magister
1375 2865 1653 2907 Benedictus
1682 2863 1845 2906 Genci-

80 2933 155 2976 ani
177 2935 364 2978 nomine
387 2939 434 2978 et
456 2937 555 2979 vice
580 2937 965 2980 ambassiatorum
988 2937 1306 2979 universitatis
1331 2935 1611 2978 Parisiensis
1634 2934 1842 2988 predicte

119 3018 126 3019 ἶ
148 3018 214 3072 rma)
236 3019 384 3067 lin—*essm
442 3040 472 3072 b)
499 3041 545 3066 H:
565 3040 649 3074 folqt
670 3048 736 3074 per.

195 3098 227 3141 ¹)
253 3098 443 3143 ebenfalls
465 3099 619 3134 Januar.
785 3102 816 3143 2)
853 3101 925 3143 Vyl.
948 3100 1013 3144 fiir
1034 3100 1142 3135 diese
1168 3101 1242 3134 und
1266 3100 1329 3134 die
1351 3099 1560 3142 folqenden
1581 3096 1770 3131 Fillaslre.

1553 3155 1632 3196 aa*
