2227 3434
546 204 584 238 B.
620 204 698 240 Der
720 205 819 240 liber
841 208 1033 250 gestorum
1058 207 1127 241 des
1149 206 1390 242 Cerretanus.
1766 211 1850 253 249

86 321 263 374 unicus,
290 321 436 364 donec
463 322 509 363 in
535 322 620 364 hac
646 322 919 366 obediencia
946 323 1173 366 habeatur
1200 337 1335 378 papa,
1363 326 1439 378 qui
1469 326 1527 368 sit
1553 330 1768 380 receptus
1794 328 1851 370 ab

85 392 250 434 eadem
282 392 570 434 obediencia.

204 463 259 505 Et
289 462 361 505 his
395 464 597 516 peractis
630 463 676 505 in
711 464 906 506 concilio
940 465 1209 507 tractabitur
1243 466 1300 507 de
1336 467 1601 519 provisione
1638 468 1852 510 facienda

87 533 175 586 ipsi
209 533 251 575 d.
286 534 486 576 Johanni
523 534 660 576 simul
695 547 796 576 cum
832 535 1098 588 provisione
1134 536 1350 579 facienda
1385 538 1504 591 aliis,
1540 539 1577 580 si
1612 539 1851 591 cesserint,

85 604 157 645 vel
185 605 222 646 si
249 617 341 646 non
367 605 594 647 cesserint
619 606 754 647 ambo
780 606 852 647 vel
880 607 1011 658 alter,
1039 607 1095 648 de
1122 608 1390 660 provisione
1417 608 1631 651 facienda
1658 609 1760 651 sibi.
1799 610 1852 651 Et

85 675 348 718 remanebit
382 675 429 716 in
467 675 763 728 deposicione
801 678 1173 731 concilii,‘quem
1213 681 1379 721 statum
1418 679 1474 721 sit
1511 680 1769 732 habiturus,
1807 684 1852 723 et

85 746 254 798 poterit
277 758 363 799 per
388 746 631 788 concilium
658 747 878 800 ordinari,
904 748 1027 800 quod
1052 749 1258 800 provisio
1286 749 1371 792 sibi
1401 750 1612 793 ordinata
1638 764 1724 804 per
1749 764 1851 793 con—

84 816 241 858 cilium
266 829 359 859 non
384 817 531 870 possit
558 818 645 859 sibi
674 817 873 860 aufferri
901 831 986 872 per
1013 818 1220 861 futurum
1246 820 1529 872 pontificem.
1574 822 1685 864 Item
1712 822 1850 864 etiam

83 889 190 929 tunc
221 887 396 930 videbit
426 888 670 930 concilium
702 889 760 930 de
793 889 929 931 modo
961 903 1042 932 sue
1077 890 1306 933 libertatis
1337 895 1383 933 et
1416 891 1462 932 in
1494 892 1578 934 hoc
1610 896 1761 946 potest
1792 906 1851 935 ex

84 970 206 1000 nunc
229 971 437 1012 sperare,
462 959 598 1012 quod,
624 960 662 1001 si
688 960 808 1001 bene
834 973 884 1003 se
908 961 1125 1003 habuerit
1149 962 1195 1002 in
1218 962 1440 1014 predictis
1464 966 1509 1004 et
1532 963 1851 1006 observaverit

83 1028 314 1082 premissa
338 1042 431 1072 non
457 1030 698 1083 querendo
723 1043 959 1073 recessum
986 1044 1070 1073 seu
1095 1031 1251 1086 fugam
1278 1045 1303 1075 a
1330 1034 1442 1085 loco,
1469 1034 1515 1075 in
1542 1046 1631 1087 quo
1655 1035 1851 1077 custodi-

82 1102 199 1153 etur,
229 1100 352 1154 quod
380 1100 623 1143 concilium
654 1102 845 1144 habebit
873 1115 1060 1144 causam
1091 1103 1273 1156 longius
1303 1107 1347 1145 et
1377 1103 1538 1146 micius
1566 1105 1850 1158 procedendi

83 1183 184 1213 cum
214 1171 316 1224 ipso
343 1174 434 1214 tam
463 1172 510 1213 in
539 1172 806 1225 provisione
836 1173 1044 1226 predicta
1073 1186 1210 1226 quam
1242 1175 1287 1216 in
1318 1175 1534 1217 libertate
1566 1176 1653 1219 sibi
1683 1176 1849 1218 danda.

199 1242 460 1295 Responsio
487 1242 608 1286 facta
636 1256 721 1296 per
749 1244 790 1285 d.
821 1244 1082 1286 Johannem
1110 1258 1278 1298 papam
1308 1245 1479 1288 XXIII.
1509 1247 1567 1288 ad
1595 1247 1851 1300 premissas

83 1312 403 1356 advisaciones
441 1314 482 1356 d.
519 1314 836 1357 cardinalibus
873 1315 931 1357 ad
967 1328 1074 1357 eum
1109 1329 1167 1357 ex
1205 1320 1337 1369 parte
1374 1317 1555 1359 concilii
1594 1317 1850 1371 destinatiS,

83 1383 191 1426 dum
229 1384 330 1438 ipse
368 1397 490 1438 papa
528 1388 654 1428 esset
692 1386 908 1428 detentus
947 1387 992 1428 in
1032 1387 1171 1440 opido
1211 1387 1356 1440 Celle,
1395 1388 1604 1441 sequitur
1642 1389 1727 1431 sub
1765 1389 1849 1431 hac

82 1454 246 1498 forma.

197 1526 333 1568 Anno
372 1526 543 1569 domini
583 1527 832 1570 millesimo
870 1528 1333 1581 quadringentesimo
1371 1530 1531 1582 quinto
1568 1530 1745 1572 decimo
1784 1531 1850 1572 in-

82 1596 288 1639 diccione
312 1600 470 1640 octava
494 1598 567 1640 die
593 1611 705 1640 vero
736 1598 966 1653 [XXV.]“¹)
995 1601 1169 1641 mensis
1199 1599 1302 1642 Maii
1327 1600 1374 1641 in
1399 1600 1538 1654 opido
1564 1600 1708 1653 Celle,
1734 1601 1849 1644 Con-

81 1668 350 1711 stantiensis
383 1668 594 1721 diocesis,
629 1669 670 1711 d.
705 1670 944 1712 Johannes
975 1683 1098 1723 papa
1130 1671 1302 1713 XXIII.
1338 1671 1506 1714 auditis
1540 1670 1696 1713 revmis
1728 1685 1770 1725 p.
1806 1672 1847 1713 d.

79 1738 411 1792 cardinalibus,
447 1739 622 1783 scillcet
657 1740 714 1782 de
749 1740 948 1794 Ursinis,
983 1741 1324 1794 Cameracensi,
1361 1742 1417 1783 de
1456 1742 1685 1795 Challant,
1720 1743 1848 1785 Salu-

79 1809 252 1852 ciarum
278 1813 324 1852 et
350 1809 620 1853 Florentino
648 1811 819 1853 ibidem
847 1811 892 1853 in
919 1813 1157 1865 presentia
1186 1813 1332 1865 ipsius
1359 1813 1399 1857 d.
1428 1826 1548 1866 pape
1575 1813 1847 1865 constitutis,

80 1880 156 1933 qui
188 1881 246 1923 ad
277 1893 383 1922 eum
415 1894 473 1923 ex
503 1885 634 1935 parte
667 1882 850 1935 collegii
882 1886 1112 1925 venerunt
1141 1887 1187 1925 et
1216 1896 1301 1937 per
1332 1884 1533 1925 eundem
1566 1884 1607 1926 d.
1638 1888 1846 1927 nostrum

79 1963 246 2005 papam
278 1952 396 1994 lecta
428 1952 627 2005 quadam
659 1953 837 2007 cedula,
870 1967 958 2007 que
991 1953 1080 1996 fuit
1111 1954 1319 1996 advisata
1350 1967 1492 2008 super
1524 1955 1658 1997 modo
1689 1968 1847 2008 proce-

79 2022 219 2064 dendi
254 2023 312 2065 ad
346 2023 629 2066 sentenciam
667 2025 713 2065 in
749 2024 1070 2077 inquisicione,
1106 2038 1242 2078 quam
1277 2026 1494 2067 formavit
1530 2039 1710 2068 sacrum
1745 2039 1846 2083 con-

78 2093 233 2135 cilium
262 2093 617 2137 Constantiense
645 2098 803 2138 contra
832 2096 982 2148 ipsum
1012 2096 1053 2138 d.
1081 2109 1264 2149 papam,
1292 2097 1401 2139 dicit
1427 2100 1563 2150 atque
1592 2097 1846 2150 respondit,

79 2163 278 2216 qualiter
305 2164 495 2207 miserat
521 2165 578 2208 ad
607 2165 853 2208 dicendum
883 2167 1021 2209 certis
1049 2167 1243 2220 prelatis
1271 2167 1375 2209 dicti
1405 2168 1523 2209 sacri
1552 2168 1730 2209 concilii
1761 2181 1845 2221 per

79 2235 375 2278 venerabiles
397 2235 571 2279 fratres
594 2250 702 2279 suos
725 2236 1006 2279 Vitalianum
1032 2238 1341 2280 Tolonensem
1366 2241 1410 2280 et
1435 2238 1731 2280 Fredericum
1756 2239 1845 2280 Au-

76 2308 342 2358 gustensem
375 2308 623 2360 episcopos
660 2311 797 2361 atque
835 2308 1053 2350 dilectum
1089 2308 1240 2350 filium
1278 2309 1546 2362 magistrum
1584 2309 1844 2351 Johannem

50 2375 221 2429 ‘Fyton
262 2376 649 2420 Sarisbiriensem
690 2379 974 2431 canonicum,
1015 2380 1138 2432 quod
1179 2380 1364 2422 volebat
1405 2383 1449 2422 et
1488 2380 1844 2433 presencialiter

78 2447 173 2490 vult
206 2448 252 2489 in
285 2448 500 2491 omnibus
533 2452 657 2492 stare
688 2453 734 2492 et
766 2463 816 2492 se
849 2450 1142 2492 conformare
1177 2451 1299 2492 omni
1334 2451 1634 2503 ordinacioni,
1669 2451 1844 2493 delibe-

79 2517 250 2560 racioni
286 2522 330 2561 et
367 2519 749 2562 determinacioni
787 2521 893 2562 dicti
931 2521 1049 2563 sacri
1086 2522 1283 2574 concilii,
1321 2521 1551 2575 quodque,
1590 2522 1705 2564 sicut
1740 2534 1842 2574 pre-

79 2586 240 2642 fertur,
264 2589 385 2632 misit
408 2590 465 2632 ad
489 2590 734 2632 dicendum
760 2591 819 2633 ita
844 2591 1001 2633 dicens
1026 2592 1067 2633 d.
1090 2592 1409 2635 cardinalibus
1432 2593 1554 2645 dicit,
1579 2592 1775 2645 spondet
1798 2595 1842 2633 et

77 2659 298 2710 promittit
326 2664 540 2713 prompto
571 2662 708 2703 corde
741 2662 986 2715 animoque
1020 2663 1219 2715 volente,
1252 2663 1374 2716 quod
1407 2663 1562 2705 facere
1594 2663 1689 2704 vult
1721 2663 1840 2704 bona

79 2727 173 2772 fide
193 2733 239 2772 et
257 2730 302 2772 in
324 2743 447 2784 casu,
469 2744 559 2784 quo
579 2733 731 2785 placet
752 2733 870 2774 dicto
893 2746 1024 2776 sacro
1045 2734 1253 2786 concilio,
1274 2734 1395 2787 quod
1419 2734 1517 2787 ipse
1539 2734 1580 2775 (1.
1602 2734 1840 2775 ‚Iohannes

77 2799 207 2842 cedat
230 2803 433 2854 papatui,
458 2806 648 2855 paratus
672 2807 742 2845 est
767 2806 889 2846 stare
918 2804 1043 2846 iuxta
1068 2804 1462 2846 deliberacionem
1488 2807 1533 2845 et
1557 2804 1837 2845 voluntatem

78 2868 182 2912 dicti
207 2872 323 2913 sacri
348 2873 527 2914 concilii
551 2877 596 2915 et
621 2874 665 2915 in
691 2874 781 2916 hiis
805 2887 988 2916 omnem
1014 2875 1309 2916 securitatem
1335 2875 1421 2916 sibi
1447 2874 1718 2927 possibilem
1743 2874 1838 2914 vult

77 2938 202 2993 dare,
229 2942 350 2994 quod
378 2943 508 2985 nullo
535 2956 738 2996 unquam
766 2948 975 2997 tempore
1004 2958 1088 2998 per
1117 2958 1166 2987 se
1195 2946 1266 2986 vel
1297 2946 1437 2987 alium
1468 2945 1641 2986 directe
1671 2945 1741 2986 vel
1775 2944 1838 2985 in-

178 3074 208 3100 a)
243 3069 345 3095 mich-e
373 3071 471 3104 15,1·,·
511 3073 582 3096 l'ml.
613 3071 869 3098 lt'lmllau·.!111·„
906 3074 963 3100 dea·
999 3074 1082 3099 «lium»
1109 3072 1258 3099 (etms-rm!
1298 3072 1374 3099 'l'eile
1408 3073 1486 3098 (turb
1515 3072 1644 3099 flntln'ilt,
1671 3072 1744 3097 lml:
1786 3071 1837 3096 *liv

75 3120 151 3141 vero
175 3114 261 3143 XXV.
290 3116 373 3144 Maii.
