2102 3444
138 164 221 205 492
492 163 536 196 ΙΙ.
570 162 780 197 Abschnitt.
822 162 1027 197 Sermones
1057 161 1206 196 concilii
1238 162 1557 197 constanciensis.

142 315 148 322 .
186 315 193 322 .
230 316 237 323 .
265 281 345 323 Hic
374 282 482 323 latet
509 282 673 334 anguis
701 282 744 321 in
772 281 918 322 herba
946 314 954 321 .
990 314 998 321 .
1035 315 1042 322 .
1081 280 1212 332 Quid,
1237 293 1396 333 queso,
1422 281 1722 334 apostolicam
1749 281 1908 323 sedem

142 352 360 393 inducere
388 352 548 404 potuit,
576 354 622 392 ut
648 364 739 392 non
767 351 1058 393 obstantibus
1087 351 1327 404 premissis
1353 355 1399 393 et
1425 352 1530 393 aliis
1558 351 1772 404 pluribus
1799 352 1910 394 alle-

140 422 408 474 gacionibus
437 423 557 463 ultra
583 425 787 463 rectores
813 425 858 463 et
885 424 1068 463 curatos
1094 422 1211 463 alios
1239 456 1246 463 .
1283 456 1291 463 .
1327 456 1335 463 .
1364 422 1589 464 iudicaret
1615 422 1910 465 confessores

142 492 228 534 nisi
266 480 392 534 zelus
430 492 592 534 salutis
628 493 918 534 animarum?
970 526 977 533 .
1014 526 1022 533 .
1058 526 1066 534 .
1114 493 1212 534 Non
1249 492 1382 545 dicat,
1419 505 1578 545 queso,
1615 496 1800 536 curatus
1836 495 1912 536 aut

144 566 308 604 rector:
356 567 512 615 pastor
546 576 645 604 sum
679 563 846 615 ovium,
881 563 1015 604 michi
1050 564 1104 605 fit
1136 563 1459 616 preiudicium,
1493 576 1592 605 cum
1628 564 1674 605 in
1707 565 1791 607 hoc
1825 563 1911 606 sibi

143 634 419 675 adiutorium
442 637 675 686 prestetur
697 637 741 675 et
764 634 836 675 ovi
860 668 868 675 .
904 668 912 675 .
949 668 957 676 .
991 634 1088 676 Non
1112 634 1233 676 dicat
1255 633 1519 687 religiosus:
1556 647 1708 676 meum
1730 638 1801 676 est
1819 635 1912 688 pri-

142 705 374 758 vilegium,
402 705 555 757 michi,
583 717 684 746 cum
711 705 1035 748 confessiones
1058 718 1151 747 non
1180 705 1332 757 audio,
1360 705 1623 758 derogatur.
1663 706 1761 748 Non
1787 706 1912 747 enim

143 780 211 817 est
238 780 328 817 tam
356 788 488 817 suum
517 788 653 828 quam
681 776 841 828 populi
870 776 1166 829 privilegium
1197 809 1204 817 .
1241 809 1249 817 .
1285 809 1293 817 .
1333 776 1445 828 Quis
1472 776 1599 818 dabit
1626 775 1771 820 oculis
1796 777 1913 818 meis

143 846 269 888 illam
302 847 423 888 forte
457 858 651 888 cernere
686 859 828 900 super
861 850 1154 900 peccatorum
1188 847 1367 890 animas
1401 847 1652 899 caritatem,
1687 859 1776 900 que
1810 846 1914 889 lites

147 919 255 959 istas
276 918 397 959 tollit
419 918 475 959 de
497 917 681 959 medio‘?
714 918 832 970 Heu,
853 918 1052 971 piissimi
1074 921 1246 971 patres,
1268 920 1482 970 pastores
1502 920 1550 960 et
1567 917 1733 960 medici
1756 918 1915 960 duces-

144 1002 232 1040 que
255 989 415 1041 populi
441 988 724 1041 spirituales,
750 988 1048 1031 infirmitates
1070 992 1116 1030 et
1137 988 1313 1030 infirmi
1338 988 1704 1041 multiplicantur
1726 994 1773 1032 et
1793 1001 1915 1031 cres-

143 1063 260 1101 cunt.
304 1059 707 1112 Restringendane
740 1063 878 1101 erunt
910 1059 1117 1102 remedia
1151 1059 1392 1101 sanitatis?
1428 1094 1436 1101 .
1473 1093 1480 1101 .
1517 1094 1524 1101 .
1558 1059 1748 1102 Videbit
1779 1059 1916 1114 igitur

143 1134 185 1172 et
218 1130 399 1172 cavebit
428 1130 513 1172 hoc
545 1134 887 1173 sacrosanctum
920 1130 1162 1172 concilium
1197 1130 1480 1172 sathanicam
1512 1130 1726 1173 fraudem
1761 1165 1769 1173 .
1805 1168 1811 1175 .
1848 1164 1857 1172 .

261 1213 434 1255 Sathan
462 1213 741 1266 quandoque
769 1213 1005 1266 pretendit
1032 1213 1273 1255 dexteram
1300 1214 1627 1266 prosperitatis
1654 1247 1662 1255 .
1699 1247 1707 1255 .
1743 1247 1752 1255 .
1794 1212 1917 1255 Facit

145 1285 268 1326 enim
295 1283 574 1337 quandoque
601 1285 721 1326 circa
748 1284 947 1337 quedam
975 1284 1162 1326 subtilia
1189 1285 1370 1326 curiose
1396 1284 1554 1337 vagari
1580 1287 1626 1326 et
1650 1283 1915 1326 necessaria

145 1355 369 1408 oblivisci,
399 1368 551 1408 ymmo
581 1356 727 1397 eciam
760 1368 809 1398 se
842 1356 994 1408 ipsum
1026 1390 1033 1397 .
1071 1389 1078 1397 .
1115 1389 1122 1397 .
1167 1355 1394 1408 Equidem
1425 1356 1569 1397 multa
1600 1357 1843 1397 moventur
1873 1357 1917 1397 et

145 1430 398 1468 tractantur
435 1427 482 1468 in
519 1426 603 1468 hoc
641 1439 774 1468 sacro
810 1425 1017 1477 concilio,
1056 1439 1145 1479 que
1184 1439 1266 1468 sua
1304 1425 1604 1479 experiencia
1642 1425 1918 1479 perspicaci-

146 1501 283 1539 tatem
311 1501 355 1539 et
380 1497 682 1540 subtilitatem
709 1497 942 1550 quandam
968 1497 1183 1539 redolent
1210 1531 1217 1539 .
1254 1531 1262 1538 .
1298 1531 1306 1539 .
1332 1497 1418 1539 sed
1442 1497 1618 1539 utinam
1641 1496 1917 1550 principale,

148 1569 204 1610 ad
228 1569 349 1621 quod
372 1568 620 1621 tendimus,
643 1581 737 1610 non
758 1568 1016 1622 vimpediant
1040 1572 1116 1611 aut
1140 1568 1368 1610 differant
1389 1571 1436 1610 et
1457 1568 1589 1621 quasi
1612 1567 1785 1610 faciant
1807 1567 1918 1610 obli-

149 1639 257 1682 visci
286 1674 293 1681 .
330 1674 337 1681 .
374 1674 381 1681 .
422 1639 479 1681 Ut
503 1640 629 1681 enim
655 1640 812 1682 verbis
838 1643 944 1682 utar
968 1638 1145 1682 Senece
1173 1673 1181 1681 .
1217 1673 1225 1680 .
1262 1674 1269 1681 .
1308 1639 1515 1691 Quedam
1539 1651 1653 1692 ergo
1679 1637 1918 1680 demencia

148 1715 216 1752 est
253 1711 497 1764 superflua
533 1711 714 1753 discere
752 1712 798 1752 in
833 1714 959 1753 tanta
995 1711 1220 1764 temporis
1254 1710 1532 1753 necessitate
1569 1713 1652 1752 etc.
1703 1709 1918 1761 Demens,

151 1783 311 1834 inquit,
351 1782 552 1835 viderer,
595 1783 647 1835 si,
690 1795 791 1824 cum
832 1795 946 1824 saxa
987 1783 1032 1823 in
1076 1782 1411 1823 munimentum
1454 1781 1654 1823 murium
1696 1793 1835 1824 senes
1876 1783 1920 1822 et

149 1853 321 1894 semine
354 1856 618 1906 congerent,
650 1866 751 1895 cum
782 1853 997 1895 iuventus
1028 1853 1149 1895 intra
1178 1856 1336 1906 portas
1367 1856 1543 1895 armata
1571 1852 1756 1905 signum
1786 1864 1920 1904 erup-

149 1924 293 1966 cionis
323 1928 591 1976 expectaret
621 1959 628 1966 .
665 1958 672 1966 .
709 1962 715 1968 .
748 1924 962 1967 sederem
994 1924 1175 1966 ociosus
1204 1927 1250 1966 et
1276 1923 1541 1965 huiusmodi
1572 1922 1918 1977 questiunculas

150 2008 390 2047 ponerem:
432 1996 583 2048 „quod
609 2009 701 2037 non
728 1995 989 2048 perdidisti,
1013 1995 1179 2047 habes;
1207 2007 1378 2037 cornua
1404 2007 1497 2036 non
1522 1993 1784 2047 perdidisti,
1808 2006 1920 2047 ergo

151 2079 321 2108 cornua
360 2066 549 2108 habes“.
602 2067 696 2108 Hec
733 2079 818 2119 pro
855 2069 981 2108 tanto
1021 2066 1235 2118 dixerim,
1275 2067 1397 2119 quia,
1437 2066 1473 2108 si
1513 2065 1920 2118 circumspiciatur,

150 2140 319 2189 quanta
351 2137 571 2180 incumbit
598 2137 869 2191 necessitas,
899 2141 947 2179 ut
975 2137 1235 2191 pnincipale
1267 2137 1432 2179 scisma
1462 2137 1651 2179 tollatur
1680 2139 1727 2178 et
1754 2147 1920 2189 corpus

149 2209 346 2250 ecclesie
375 2222 458 2250 suo
486 2221 596 2249 vero
624 2211 668 2250 et
693 2209 829 2250 unico
857 2209 1006 2262 capite
1035 2208 1275 2261 capitetur,
1305 2209 1343 2251 si
1371 2210 1595 2261 pensetur
1621 2220 1681 2249 ex
1708 2205 1918 2261 preteriti

151 2280 283 2331 lapsu
316 2280 553 2332 temporis,
586 2283 807 2332 quantum
840 2279 1099 2332 periculum
1131 2279 1330 2322 ulterius
1363 2279 1421 2321 sit
1454 2280 1500 2320 in
1533 2291 1675 2331 mora,
1709 2277 1746 2321 si
1778 2279 1920 2319 atten-

151 2350 285 2392 datur
312 2363 599 2403 paganorum
631 2354 674 2392 et
702 2351 1014 2393 hereticorum
1044 2350 1390 2404 insurgencium
1422 2349 1679 2402 multitudo,
1709 2349 1746 2392 si
1774 2347 1921 2391 consi-

151 2421 340 2462 deretur
371 2422 574 2463 omnium
606 2421 819 2463 fidelium
850 2434 1002 2474 ymmo
1033 2425 1077 2463 et
1109 2422 1315 2474 ipsorum
1347 2421 1600 2463 Grecorum
1631 2420 1771 2462 huius
1801 2418 1917 2462 sacri

151 2492 330 2533 concilii
380 2493 723 2534 conclusionem
769 2492 1133 2545 expectancium.
1193 2492 1452 2544 Lassitudo,
1499 2491 1670 2544 nescio,
1716 2491 1755 2533 si
1800 2501 1920 2532 nunc

153 2563 390 2615 disputare
435 2563 491 2605 de
536 2561 749 2617 capitulis
793 2564 971 2616 „omnis
1014 2565 1256 2616 utriusque
1302 2562 1471 2605 sexus“
1515 2566 1560 2605 et
1604 2560 1834 2615 „dudum“
1876 2563 1922 2602 et

153 2647 323 2686 „super
348 2634 643 2676 cathedram“
669 2639 713 2677 et
738 2647 794 2676 an
821 2647 942 2687 papa
969 2635 1028 2676 ita
1055 2634 1274 2676 ordinare
1301 2634 1502 2687 potuerit
1526 2636 1572 2676 et
1595 2646 1651 2676 an
1679 2633 1759 2676 illa
1784 2631 1920 2674 debe-

153 2709 229 2747 ant
257 2705 355 2747 radi
385 2706 456 2746 vel
488 2706 652 2758 corrigi
682 2709 726 2747 et
753 2709 1093 2758 consequenter
1122 2706 1177 2747 ad
1205 2705 1536 2747 universitates
1563 2707 1608 2746 et
1636 2704 1787 2746 studia
1814 2702 1920 2745 talis

153 2776 381 2818 correccio
407 2776 644 2828 destinari,
672 2776 779 2817 libri
807 2790 989 2829 quoque
1017 2780 1060 2818 et
1088 2777 1263 2818 lecture
1290 2777 1422 2829 quasi
1451 2777 1695 2817 innumere
1720 2774 1920 2816 habeant

154 2847 394 2890 emendari
419 2851 501 2889 etc.
530 2882 537 2889 .
574 2882 581 2889 .
618 2882 625 2888 .
665 2846 741 2889 Set
766 2848 941 2889 videbit
966 2859 1107 2900 super
1133 2848 1223 2888 hiis
1250 2860 1430 2889 sacrum
1456 2846 1699 2888 concilium
1725 2848 1770 2887 et
1794 2855 1920 2887 cave-

154 2918 219 2959 bit
247 2918 462 2959 fraudem
496 2918 778 2960 sathanicam
812 2952 819 2959 .
856 2952 863 2959 .
900 2918 948 2971 .¹)

272 3012 302 3053 ¹)
340 3012 386 3044 Iis
416 3012 544 3054 Ῐοῖςμή
582 3012 670 3045 nacla
707 3011 858 3054 scharl'e
890 3010 1067 3054 ,iitsfiille
1100 3022 1218 3052 (leuen
1253 3013 1324 3045 (1ιή
1360 3010 1615 3054 Nepotismus,
1648 3004 1920 3043 Schmeichelei

158 3071 231 3104 und
266 3070 564 3110 l'erls'r'umdunq:
590 3069 835 3111 Ermalmmm
857 3080 923 3103 :ur
948 3069 1062 3114 Busse.
