2102 3444
253 140 338 183 310
789 138 813 172 I.
842 137 1050 173 Abschnitt.
1090 136 1491 181 Konzilstagebiicher.

255 258 364 310 luta,
398 257 533 300 nobis
569 270 693 300 mors
728 257 972 308 exsistere,
1008 255 1186 298 eisdem
1220 258 1376 298 tamen
1412 256 1739 309 respondimus
1776 269 1920 310 super
1950 257 2025 299 his

255 328 522 371 deliberare
559 331 604 370 et
640 329 684 369 in
721 327 971 370 crastinum
1010 326 1123 380 ipsis
1160 326 1449 379 respondere
1486 327 1622 369 velle.
1671 327 1822 380 Super
1856 327 2025 381 quibus

255 412 355 441 cum
378 399 600 452 predictis
621 402 666 440 et
690 411 776 452 per
797 411 882 440 nos
906 397 1063 440 habita
1087 397 1428 440 deliberatione
1452 399 1723 451 marescalo,
1748 399 1825 451 qui
1850 398 2024 441 ibidem

255 469 525 522 supervenit
554 472 599 511 et
628 469 731 511 aliis
761 468 909 511 tribus
937 468 1218 511 consiliariis
1248 469 1478 522 premissa
1509 469 1838 522 regratiatione
1868 468 2024 512 debita

254 541 310 583 de
348 532 599 583 affectione
635 540 822 582 domine
859 539 1019 593 regine
1055 543 1138 582 etc.
1176 539 1519 593 respondimus,
1556 539 1678 593 quod
1712 539 2023 582 turbationem

254 612 383 665 regni
411 611 715 664 displicenter
739 610 1045 653 audiebamus
1070 614 1114 653 et
1139 611 1332 652 multum
1357 611 1632 653 dolebamus
1656 614 1700 652 et
1725 611 1848 663 quod
1871 611 1930 653 ob
1954 623 2024 653 re-

253 683 510 724 verentiam
551 681 736 724 domine
775 682 936 735 regine
975 681 1125 735 parati
1165 694 1352 724 eramus
1391 681 1540 724 adhuc
1577 684 1852 734 exspectare
1892 695 2025 724 suum

252 753 423 795 bonum
463 765 756 806 responsum.
807 752 933 795 Vero
974 752 1030 795 de
1072 752 1254 795 duobus
1292 752 1655 806 suplicabamus:
1697 752 1862 806 primo,
1901 751 2025 806 quod

253 823 438 866 domina
467 823 630 877 regina
657 836 744 877 pro
774 837 857 866 sua
886 826 931 865 et
960 826 1119 866 nostra
1149 823 1206 866 de
1236 826 1362 866 tanta
1392 836 1522 866 mora
1551 824 1851 866 excusatione
1882 836 2024 866 unum

253 895 485 937 doctorem
514 895 589 936 vel
619 894 760 937 alium
789 895 940 936 virum
968 894 1215 937 honestum
1246 895 1303 937 ad
1333 908 1413 937 vos
1444 907 1585 948 super
1612 894 1857 948 premissis
1887 894 2025 937 desti-

251 979 380 1018 nare,
411 966 487 1008 vel
521 966 685 1009 saltem
715 979 801 1019 per
834 965 949 1009 duos
982 978 1211 1019 cursores,
1243 978 1385 1007 unum
1418 966 1550 1008 vobis
1581 968 1627 1008 et
1658 966 1799 1008 alium
1832 964 1950 1008 dicto
1981 966 2022 1008 d.

251 1039 409 1079 nostro
444 1037 485 1079 d.
521 1036 792 1090 imperatori
827 1036 1110 1090 dirigendos,
1146 1037 1237 1079 duo
1270 1036 1586 1078 effectualiter
1620 1037 1828 1079 scribere
1861 1036 2021 1079 vellet:

251 1109 402 1160 primo
437 1107 783 1150 excusationem
820 1107 1091 1161 predictam,
1128 1107 1333 1150 secundo
1369 1107 1490 1161 quod
1524 1108 1733 1150 breviter
1767 1107 2024 1161 pacificatis

251 1178 381 1232 regni
412 1179 613 1232 negotiis
646 1180 881 1222 solemnes
913 1181 1122 1221 oratores
1156 1179 1213 1221 ad
1244 1192 1325 1221 vos
1357 1191 1457 1221 cum
1488 1179 1631 1232 plena
1659 1181 1888 1232 potestate
1920 1191 2025 1232 per-

250 1249 440 1292 ficiendi
470 1250 625 1292 omnia
654 1251 700 1292 in
731 1249 945 1303 capitulis
975 1252 1188 1293 contenta
1215 1250 1552 1292 transmitteret
1582 1253 1627 1292 et
1654 1262 1739 1292 nos
1768 1249 2026 1292 nichilomi-

251 1334 339 1364 nus
375 1321 497 1363 bene
537 1321 594 1363 de
633 1320 806 1363 cunctis
843 1321 1002 1374 petitis
1040 1320 1286 1374 expeditos
1325 1320 1595 1374 remitteret,
1635 1320 1850 1374 quodque
1888 1321 2025 1363 nobis

252 1393 383 1446 copia
414 1391 640 1435 dictarum
672 1392 933 1434 litterarum
967 1391 1383 1434 communicaretur
1416 1395 1460 1434 et
1493 1392 1683 1434 daretur
1715 1391 2024 1444 collationata,

253 1466 300 1505 ut
326 1463 503 1517 pariter
530 1475 616 1517 per
643 1466 828 1506 nostros
857 1476 1073 1506 cursores
1103 1475 1293 1505 cesaree
1324 1463 1554 1505 maiestati
1583 1465 1629 1505 et
1656 1462 1788 1506 vobis
1818 1463 2024 1506 scribere

252 1534 529 1577 valeremus.
577 1533 789 1577 Secundo
821 1535 1038 1587 petimus,
1073 1533 1196 1587 quod
1229 1533 1415 1576 domina
1449 1534 1612 1587 regina
1645 1534 1812 1576 iterum
1844 1534 2026 1576 litteras

252 1605 596 1648 convocatorias
631 1605 875 1648 mandaret
908 1605 1186 1659 executioni,
1221 1604 1513 1647 ostendendo
1544 1605 1802 1659 pluribusa)
1840 1604 2026 1648 rationi-

253 1677 352 1730 bus,
384 1678 584 1730 qualiter
616 1677 792 1730 absque
824 1689 953 1719 mora
985 1676 1106 1719 istud
1136 1676 1244 1718 fieri
1278 1676 1479 1719 debebat
1507 1689 1593 1718 nec
1626 1689 1767 1730 super
1795 1676 1881 1719 hoc
1913 1675 2025 1718 deli-

252 1749 433 1791 beratio
472 1751 572 1791 erat
613 1747 918 1801 exquirenda.
975 1748 1090 1790 Item
1132 1747 1255 1801 quod
1294 1748 1373 1789 uni
1417 1747 1669 1790 secretario
1709 1747 2024 1799 mandaretur,

253 1819 374 1872 quod
411 1820 596 1861 interim
634 1819 994 1861 subtractionem
1033 1822 1077 1861 et
1114 1818 1517 1861 confirmationem
1555 1819 1862 1872 capitulorum
1899 1831 2025 1872 gros-

254 1890 346 1932 sari
368 1890 545 1932 faceret
569 1891 626 1932 ad
649 1889 809 1943 finem,
834 1890 955 1943 quod
980 1890 1036 1932 de
1061 1890 1166 1933 aliis
1188 1889 1394 1943 expediti
1420 1889 1606 1933 facilius
1625 1889 1843 1943 expediri
1866 1903 2024 1943 posse-

253 1975 367 2014 mus,
387 1974 446 2003 ne
468 1962 526 2003 ob
546 1962 883 2015 grossationem
907 1961 1161 2015 predictam
1183 1974 1359 2003 moram
1381 1962 1585 2014 aliquam
1606 1974 1692 2004 nos
1712 1960 1869 2003 facere
1891 1974 2024 2014 opor-

250 2036 382 2074 teret.
420 2032 533 2074 Item
556 2032 679 2086 quod
700 2033 886 2074 interim
909 2032 1124 2075 advisare
1144 2029 1401 2086 poterant¹‘)
1419 2035 1466 2074 et
1481 2032 1685 2074 debeant
1699 2031 1756 2074 de
1773 2032 2025 2075 ambassia-

250 2103 428 2146 toribus
460 2103 696 2146 mittendis
729 2107 772 2145 et
806 2103 1186 2145 instructionibus
1219 2106 1264 2145 et
1297 2103 1402 2146 aliis
1434 2103 1491 2146 ad
1525 2102 1852 2146 ambassiatam
1882 2103 2025 2157 perti-

250 2174 468 2217 nentibus
498 2174 728 2217 faciendis
758 2178 802 2216 et
833 2174 1153 2228 disponendis.
1196 2175 1250 2216 Et
1279 2174 1510 2228 premissa
1537 2177 1584 2216 et
1613 2175 1757 2217 multa
1786 2174 1878 2217 alia
1908 2173 2023 2216 dixi-

252 2259 352 2289 mus
380 2245 643 2288 inducendo
670 2258 751 2288 eos
779 2246 836 2288 ad
862 2245 1049 2298 bonum,
1078 2249 1299 2298 quantum
1328 2246 1575 2299 potuimus,
1604 2245 1723 2288 dicta
1749 2248 1910 2288 nostra
1936 2258 2023 2299 per

252 2317 354 2359 iura
377 2319 422 2358 et
446 2315 613 2359 motiva
639 2329 748 2359 vera
774 2320 818 2358 et
843 2317 1098 2359 auctentica
1123 2316 1378 2359 fundando.
1416 2316 1452 2358 Α
1479 2317 1648 2370 quibus
1669 2316 1805 2359 nobis
1830 2329 2022 2370 respon-

250 2400 349 2429 sum
379 2387 567 2440 exstitit,
597 2387 719 2440 quod
748 2387 932 2430 domine
963 2388 1124 2441 regine
1153 2390 1199 2429 et
1227 2388 1421 2429 consilio
1450 2387 1536 2430 ista
1565 2387 1802 2430 referrent
1831 2386 2022 2430 creden-

249 2461 333 2511 tes,
359 2458 481 2511 quod
506 2458 670 2501 saltem
695 2459 852 2511 aliqua
876 2472 934 2501 ex
958 2458 1114 2512 petitis
1138 2458 1471 2511 obtineremus,
1494 2459 1718 2512 precipue
1745 2458 1802 2501 de
1825 2457 2022 2501 cursori-

250 2530 337 2572 bus
365 2532 409 2572 et
438 2529 559 2582 quod
589 2528 741 2571 littere
770 2533 928 2572 essent
957 2530 1088 2581 tales,
1118 2530 1239 2582 quod
1269 2542 1350 2572 vos
1379 2529 1616 2572 deberetis
1646 2529 1809 2572 merito
1838 2532 2021 2572 conten-

248 2601 354 2653 tari3
385 2613 529 2654 super
556 2613 647 2654 quo
674 2600 748 2642 die
777 2600 978 2643 crastina
1005 2600 1251 2654 responsio
1276 2601 1412 2643 nobis
1441 2600 1644 2642 daretur.
1685 2600 1781 2652 Qua
1809 2600 1901 2654 die,
1930 2613 2020 2654 que

251 2672 269 2713 f
272 2673 338 2714 uit
358 2672 574 2714 mercurii
595 2672 691 2714 XX.
714 2671 837 2723 Maii,
861 2671 1138 2714 adveniente
1162 2671 1265 2714 dicti
1291 2671 1463 2713 domini
1485 2672 1622 2714 nobis
1641 2684 1728 2725 per
1750 2671 2018 2726 magistrum

249 2743 296 2785 Ρ.
325 2742 610 2785 Ferdinandi
641 2742 1015 2785 archidiaconum
1045 2743 1102 2784 de
1131 2742 1320 2796 Guidoe)
1355 2743 1398 2784 in
1427 2743 1625 2785 ecclesia
1653 2742 1870 2785 Ovetensi
1901 2742 2018 2785 dicte

248 2813 433 2856 domine
467 2814 627 2867 regine
661 2813 960 2855 secretarium
995 2812 1287 2866 mandarunt,
1319 2813 1442 2866 quod
1474 2813 1531 2855 de
1564 2813 1714 2856 literis
1746 2816 1792 2856 et
1821 2814 2018 2856 cursori-

247 2884 334 2928 bus
364 2884 578 2938 placebat
610 2871 795 2927 domine
828 2885 990 2938 regine
1023 2888 1067 2927 et
1099 2884 1222 2937 quod
1254 2883 1341 2927 sibi
1374 2884 1529 2927 datum
1562 2887 1664 2927 erat
1694 2884 1742 2926 in
1773 2883 2016 2937 mandatis,

247 2958 296 2997 ut
327 2956 489 2998 literas
519 2955 785 2999 huiusmodi
821 2955 1067 3009 expediret
1099 2958 1144 2997 et
1174 2954 1310 2998 nobis
1343 2955 1521 3008 copiam
1556 2955 1689 2998 daret
1722 2954 1919 2999 dicendo
1948 2955 2016 2998 ul-

296 3040 317 3043 *
352 3062 382 3086 a)
402 3059 485 3093 κοῖφι
506 3058 594 3086 binis
631 3060 667 3085 ab
691 3059 795 3086 vivis?
854 3060 885 3088 ω
907 3059 1017 3095 εοζΗει.
1076 3061 1103 3092 c>
1126 3060 1162 3086 0:
1186 3058 1301 3085 arado.
