2227 3434
558 159 602 196 A.
642 159 841 197 Fillastres
869 160 986 197 Gesta
1012 160 1163 197 concilii
1188 160 1504 198 Constantiensis.
1831 165 1915 208 163

147 280 309 333 plures
337 279 562 322 ecclesias
591 278 884 321 cathedrales
914 282 961 322 et
988 280 1272 322 monasteria
1302 280 1428 322 dedit
1459 280 1603 335 laicis,
1634 282 1712 335 qui
1741 281 1823 325 illa
1852 286 1915 324 te-

147 352 259 392 nent
285 351 330 392 et
358 349 540 402 aliquas
568 350 792 392 ecclesias
821 350 900 392 uni
929 350 1187 393 scismatico
1215 350 1378 394 Greco.
1420 352 1475 393 Et
1503 352 1565 394 ita
1591 351 1680 394 fuit
1707 352 1796 395 sibi
1825 353 1915 394 dic-

146 423 256 474 tum,
282 419 361 473 qui
386 419 642 473 respondit,
671 421 794 473 quod
821 420 961 462 fieret
988 420 1275 463 informacio.
1320 421 1424 474 Ipse
1452 422 1638 464 volebat
1665 423 1847 476 corrigi.

265 490 349 532 Die
384 490 494 532 lune
530 491 744 543 sequenti
778 491 976 534 XXIIII.
1012 491 1223 534 Januarii
1256 504 1379 545 papa
1412 493 1558 534 tenuit
1591 493 1914 535 consistorium

144 561 368 615 generale
400 560 449 603 in
482 561 583 603 loco
617 562 842 604 sessionis
877 562 1059 604 concilii
1096 563 1143 604 in
1177 563 1376 605 ecclesia
1410 562 1776 619 Constanciensi‚
1810 576 1915 618 pre-

146 634 278 674 sente
307 643 418 686 rege
447 635 493 674 et
522 631 715 674 sedente
747 645 771 674 a
802 632 981 674 dextris
1009 645 1130 686 pape
1162 634 1209 674 in
1238 633 1457 676 cathedra
1485 637 1649 687 parata
1678 635 1779 676 sine
1810 634 1914 677 aliis

144 703 384 757 regalibus
411 702 639 756 insigniis.
682 703 736 745 Et
763 704 1006 757 proposuit
1034 703 1281 757 episcopus
1311 704 1534 747 Curensis
1562 717 1649 758 pro
1675 717 1786 758 rege
1814 706 1914 759 pul-

145 773 302 816 chram
328 774 608 827 oracionem,
632 774 915 821 concludens
943 774 1336 827 approbacionem
1361 787 1564 828 persone
1590 776 1715 829 regis
1741 779 1786 818 et
1811 788 1915 818 con-

143 843 464 887 firmacionem
510 845 758 887 eleccionis
805 857 855 886 ac
899 845 1271 887 nominacionem
1317 849 1362 888 et
1408 845 1819 888 denunciacionem
1866 846 1913 888 in

143 926 302 968 regem
325 914 653 969 Romanorum,
679 915 727 957 in
754 916 1084 969 imperatorem
1109 919 1272 969 postea
1299 916 1627 959 coronandum.
1667 916 1805 960 Facta
1831 917 1913 959 illa

143 985 469 1040 proposicione
510 998 633 1040 papa
674 986 916 1040 respondit
957 990 1001 1029 et
1041 987 1174 1029 brevi
1217 988 1433 1029 oracione
1474 988 1706 1041 premissa
1748 1001 1913 1042 appro-

144 1056 280 1110 bavit,
309 1056 615 1110 confirmavit,
646 1056 943 1099 denunciavit
971 1061 1016 1099 et
1044 1057 1312 1111 nominavit,
1341 1061 1389 1099 ut
1419 1058 1466 1099 in
1496 1057 1647 1100 forma
1677 1058 1908 1112 sequenti:

259 1139 553 1181 Eleccionem
585 1139 702 1182 alias
735 1139 792 1182 de
825 1143 869 1182 te
901 1140 1070 1182 factam
1103 1140 1161 1182 de
1193 1139 1391 1182 fratrum
1423 1143 1687 1182 nostrorum
1719 1138 1913 1182 consilio

143 1212 290 1252 ratam
309 1212 355 1252 et
375 1213 553 1265 gratam
575 1210 803 1254 habentes
823 1223 883 1252 ex
903 1214 1030 1253 certa
1051 1212 1252 1253 sciencia
1273 1211 1547 1253 roboramus
1570 1224 1620 1253 ac
1641 1212 1788 1253 eciam
1809 1223 1912 1253 con-

140 1279 399 1334 firmamus,
429 1281 704 1334 supplentes
736 1281 793 1323 de
823 1281 1116 1335 plenitudine
1147 1283 1389 1335 potestatis
1422 1294 1583 1324 omnes
1616 1281 1841 1335 defectus,
1872 1280 1911 1324 si

140 1351 220 1405 qui
243 1351 406 1395 forsan
432 1352 787 1394 intervenerunt
813 1352 862 1394 in
889 1352 1068 1406 eadem,
1096 1365 1147 1395 ac
1174 1352 1231 1394 de
1258 1352 1466 1406 ipsorum
1492 1353 1689 1394 fratrum
1716 1351 1910 1395 consilio

140 1425 186 1465 te
214 1423 262 1465 in
291 1434 450 1476 regem
479 1422 794 1465 Romanorum
823 1423 1131 1476 nominamus,
1163 1423 1498 1466 denunciamus
1530 1426 1575 1466 et
1605 1423 1911 1475 declaramus,

140 1505 390 1547 personam
412 1497 537 1536 tuam
560 1493 748 1548 dignam
769 1497 815 1537 et
837 1494 958 1537 bene
981 1494 1193 1536 meritam
1217 1495 1532 1548 approbantes
1555 1497 1693 1548 atque
1715 1496 1760 1536 te
1782 1493 1912 1536 habi-

139 1564 232 1607 lem
263 1567 309 1607 et
341 1564 658 1608 sufficientem
691 1565 983 1607 declaramus
1017 1565 1076 1607 ad
1109 1565 1455 1618 suscipiendam
1487 1564 1745 1618 imperialis
1779 1565 1911 1607 celsi-

139 1635 312 1679 tudinis
333 1635 618 1690 dignitatem,
641 1636 950 1679 decernentes
972 1636 1257 1690 unccionem,
1280 1637 1683 1678 consecracionem
1705 1634 1910 1689 imperii-

139 1717 228 1760 que
249 1706 445 1750 Romani
469 1719 687 1749 coronam
710 1707 793 1749 tibi
816 1719 902 1760 per
926 1719 1091 1749 manus
1115 1710 1300 1749 nostras
1324 1706 1499 1748 debere
1524 1706 1728 1749 concedi.

254 1789 424 1832 Postea
446 1789 589 1832 allata
612 1792 683 1831 est
704 1801 818 1831 crux
842 1802 944 1831 cum
967 1789 1093 1842 ligno
1118 1792 1274 1832 sancte
1300 1789 1448 1831 crucis
1474 1801 1616 1842 super
1641 1787 1907 1831 cathedram

138 1859 187 1901 in
210 1862 461 1913 conspectu
484 1872 621 1914 pape.
658 1860 759 1902 Rex
785 1872 887 1902 cum
911 1860 1111 1914 genibus
1136 1859 1279 1902 flexis
1305 1872 1459 1902 coram
1486 1872 1620 1901 cruce
1646 1862 1906 1912 tenensque

138 1941 325 1973 manum
349 1930 563 1974 dextram
588 1943 731 1985 super
755 1943 938 1973 crucem
961 1930 1163 1984 prestitit
1186 1931 1511 1983 iuramentum,
1539 1930 1662 1984 quod
1687 1929 1907 1983 scriptum

137 2004 238 2044 erat
266 2013 420 2044 coram
449 2014 519 2055 eo,
549 2001 673 2055 quod
703 2002 804 2056 ipse
834 2003 946 2055 legit
975 2005 1020 2044 et
1050 2002 1233 2044 iuravit.
1276 2001 1443 2044 Forma
1475 2004 1628 2044 autem
1658 2000 1906 2043 iuramenti

138 2075 224 2115 est:
269 2072 385 2127 Tibi,
416 2072 618 2126 domine,
649 2073 801 2115 LXIII
834 2073 894 2115 di.
926 2074 974 2115 in
1006 2072 1176 2114 decret.
1221 2072 1363 2115 Cuius
1394 2075 1528 2115 tenor
1559 2072 1788 2125 sequitur:

253 2154 356 2198 Tibi
381 2154 424 2198 d.
454 2154 649 2197 Martino
675 2167 795 2208 pape
822 2154 893 2197 Vto
919 2167 1004 2208 ego
1030 2167 1116 2196 rex
1139 2154 1464 2208 Sigismundus
1490 2153 1707 2208 promitto
1732 2156 1777 2195 et
1803 2154 1905 2195 iuro

136 2236 222 2278 per
242 2228 423 2280 patrem
447 2229 494 2268 et
515 2225 669 2268 filium
692 2229 738 2268 et
762 2226 977 2279 spiritum
1000 2228 1209 2267 sanctum
1233 2228 1278 2267 et
1300 2237 1386 2278 per
1408 2225 1494 2267 hoc
1519 2225 1695 2278 lignum
1718 2223 1903 2265 vivifice

136 2295 282 2338 crucis
311 2298 356 2339 et
383 2309 469 2350 per
496 2296 582 2339 has
611 2296 820 2350 reliquas
850 2299 1113 2338 sanctorum
1142 2298 1340 2349 patrum,
1371 2294 1508 2349 quod,
1539 2296 1578 2338 si
1606 2294 1902 2348 permittente

138 2364 235 2410 Deo
265 2366 457 2409 Romam
488 2378 679 2420 venero,
713 2369 918 2409 sanctam
952 2366 1206 2408 Romanam
1240 2366 1486 2408 ecclesiam
1519 2368 1565 2408 et
1597 2369 1641 2407 te
1675 2368 1902 2407 rectorem

137 2435 282 2490 ipsius
305 2438 524 2480 exaltabo
548 2436 802 2480 secundum
826 2450 980 2479 meum
1003 2449 1142 2490 posse
1168 2440 1213 2479 et
1236 2449 1473 2490 nunquam
1498 2437 1639 2478 vitam
1663 2439 1740 2478 aut
1763 2447 1903 2478 mem-

135 2505 220 2550 bra
241 2520 395 2562 neque
418 2508 571 2562 ipsum
594 2508 822 2550 honorem
846 2507 1029 2550 amittes
1052 2519 1155 2550 mea
1180 2508 1417 2549 voluntate
1443 2510 1520 2549 aut
1544 2518 1648 2549 meo
1670 2518 1901 2549 consensu

137 2580 214 2620 aut
241 2590 345 2622 meo
372 2578 566 2622 consilio
597 2581 673 2621 aut
702 2591 806 2621 mea
836 2578 1166 2620 exhortacione
1196 2577 1369 2631 perdes
1398 2580 1444 2619 et
1472 2577 1520 2619 in
1548 2577 1692 2620 Roma
1721 2576 1902 2619 nullum

137 2647 354 2701 placitum
386 2652 464 2692 aut
497 2649 846 2691 ordinacionem
880 2648 1048 2690 faciam
1082 2648 1139 2690 de
1175 2647 1403 2701 omnibus,
1438 2660 1528 2701 que
1562 2647 1621 2689 ad
1653 2650 1698 2689 te
1733 2649 1810 2689 aut
1844 2645 1902 2689 ad

136 2716 365 2762 Romanos
388 2720 639 2772 pertinent,
666 2719 767 2761 sine
793 2722 870 2761 tuo
897 2718 1104 2761 consilio.
1144 2719 1198 2760 Et
1224 2718 1449 2771 quidquid
1477 2718 1533 2759 de
1560 2719 1726 2772 terraa)
1756 2715 1901 2759 sancti

138 2787 263 2832 Petri
302 2789 362 2832 ad
400 2793 607 2832 nostram
649 2793 925 2843 potestatem
966 2789 1182 2843 pertinet,
1226 2789 1309 2831 tibi
1353 2788 1560 2831 reddam.
1617 2788 1898 2840 Cuicumque

137 2870 330 2913 regnum
364 2859 516 2903 Ytalie
551 2861 839 2913 commisero,
874 2861 1030 2902 iurare
1066 2859 1234 2902 faciam
1270 2859 1416 2912 illum,
1450 2861 1499 2901 ut
1533 2858 1716 2901 adiutor
1750 2858 1809 2899 sit
1842 2855 1900 2899 ad

135 2926 480 2973 defendendam
507 2934 682 2974 terram
711 2931 856 2974 sancti
886 2931 1013 2973 Petri
1043 2929 1299 2973 secundum
1329 2941 1462 2972 suum
1490 2940 1644 2983 posse.

236 3068 268 3102 n)
287 3068 326 3103 B,
347 3069 380 3103 C',
399 3069 448 3096 D:
467 3068 509 3097 ad
527 3070 660 3097 terram.
1639 3113 1687 3153 1*

1610 3114 1627 3153 1
