2102 3444
341 202 424 243 662
783 196 845 229 Ill.
876 193 1084 228 Abs-chniu.
1125 191 1277 225 Reform
1307 190 1383 223 und
1413 189 1661 233 Verfassung.

456 318 493 357 2.
551 315 657 365 ΜΓ)
702 310 1004 353 succidendas
1045 308 1329 351 ambiciones
1370 307 1633 349 mortalium
1673 310 1718 348 et
1757 319 1816 348 ne
1847 307 2102 361 *thesaurus

340 387 533 426 erclis-ie
563 384 753 436 prodige
782 382 966 422 effusus
994 379 1197 430 vilescat,
1225 381 1274 419 ut
1299 377 1521 429 congruit,
1550 380 1842 419 sacrosancta
1868 377 2102 438 generali-s

339 456 540 507 synodus
573 451 945 494 Constanticnsis
976 448 1266 502 providendo
1297 448 1354 489 ad
1385 447 1680 489 statuendum
1712 451 1910 501 revocat,
1940 451 2102 500 cassat,

340 525 485 566 irritat
514 528 558 565 ct
589 523 796 564 annullat
829 532 989 561 omnes
1018 523 1063 561 et
1096 519 1304 571 singulas
1338 518 1652 571 indulgentias
1683 518 1907 561 hactenus
1938 531 1964 560 a
1994 521 2102 560 tem-

338 607 448 646 pore
485 593 631 634 exorti
670 591 896 633 scismatis
931 590 1042 631 citra
1079 589 1446 642 quibuscumque
1485 588 1710 641 ecclesiis,
1746 589 1858 631 locis
1894 592 1972 631 aut
2006 588 2102 630 uni-

336 664 631 705 versitatibus
665 666 755 703 tam
790 659 1116 702 ecclesiasticis
1150 672 1287 712 quam
1322 658 1579 711 laycalibus
1614 659 1869 711 apostolica
1902 659 1977 701 vel
2010 659 2102 702 alia

335 734 495 785 quavis
527 732 794 773 auctoritate
827 731 883 773 ad
913 734 1093 783 tempus
1126 729 1332 771 nondum
1362 729 1560 782 finitum,
1592 729 1780 782 plenam
1810 732 2102 782 peccatorum

334 803 655 845 remissionem
686 803 758 842 vel
791 805 970 854 partem
1002 804 1080 842 aut
1109 803 1294 852 quotam
1327 799 1545 852 aliquam,
1577 803 1654 841 aut
1685 799 1794 841 anni
1827 799 1989 842 iubilei
2021 811 2102 841 seu

333 873 734 925 proficiscencium
761 871 806 913 in
833 872 977 913 Terre
1004 871 1169 913 Sancte
1197 870 1456 912 subsidium
1482 871 1556 911 vel
1584 871 1764 913 similes
1788 869 2102 924 indulgentias

333 945 418 985 sub
458 942 619 996 quavis
661 943 914 984 verborum.
951 941 1257 994 concepcione
1300 944 1572 994 appareant,
1613 944 1690 983 aut
1728 940 2102 994 predicacionem

332 1014 460 1054 verbi
487 1013 633 1055 crucis
659 1013 755 1054 sive
783 1012 1162 1065 imploracionem
1187 1011 1448 1053 subsidium
1475 1011 1788 1064 quorumlibet
1811 1011 2102 1054 conti-nentes

332 1083 756 1136 quomodocumque
782 1086 830 1124 et
857 1083 1259 1135 qualitercumque
1287 1094 1533 1124 concessas
1560 1094 1646 1123 nec
1672 1094 1765 1124 non
1795 1081 1958 1135 quavis
1986 1081 2102 1124 alias

331 1154 387 1195 ad
426 1153 570 1195 instar
609 1154 1009 1206 indulgenciarum
1050 1152 1290 1202 Dominici,
1327 1152 1451 1194 beati
1489 1152 1650 1194 Jacobi
1688 1153 1735 1194 in
1773 1152 2102 1206 Compostella,

333 1224 626 1265 basilicarum
666 1224 936 1276 quarumvis
976 1224 1097 1265 alme
1137 1223 1292 1275 Urbis,
1334 1226 1490 1265 sancte
1535 1223 1679 1265 Marie
1717 1223 1764 1264 in
1803 1222 2102 1265 Portiuncula

330 1294 446 1336 alias
477 1294 533 1335 de
566 1294 758 1346 Angelis
790 1297 921 1336 extra
952 1306 1109 1336 muros
1141 1327 1149 1335 .
1186 1327 1194 1335 .
1230 1294 1281 1347 fl)
1326 1293 1479 1335 Sancti
1515 1293 1665 1336 Martii
1698 1293 1755 1335 de
1786 1292 2011 1346 Venetiis,
2042 1293 2100 1335 de

331 1364 459 1406 Colle
501 1364 651 1406 Madio
685 1368 730 1406 et
765 1364 822 1405 de
858 1364 1140 1417 Aquisgrani
1177 1367 1439 1406 sanctarum
1480 1364 1623 1406 Marie
1660 1367 1705 1406 et
1741 1363 1961 1406 similium
1997 1376 2101 1406 con-

328 1434 483 1478 cessis.
526 1435 590 1476 Ac
618 1435 757 1477 etiam
786 1447 875 1487 que
906 1434 1279 1487 predicacionem
1308 1435 1440 1476 verbi
1469 1434 1617 1477 crucis
1645 1437 1692 1476 et
1719 1434 2100 1488 imploracionem

328 1504 640 1546 subsidiorum
667 1518 751 1546 seu
775 1509 964 1557 questas
988 1505 1172 1558 aliquas
1198 1505 1546 1558 quomodolibet
1567 1505 1863 1548 continerent
1885 1507 1934 1548 et
1956 1504 2100 1547 facul-

326 1578 443 1616 tates
467 1587 780 1628 quascumque
805 1576 864 1617 de
885 1575 1198 1618 concedendis
1221 1575 1526 1629 indulgentiis
1548 1575 1814 1618 huiusmodi
1836 1576 1911 1617 vel
1933 1588 2096 1618 earum

327 1645 480 1697 aliqua
503 1658 553 1687 ac
573 1646 712 1688 etiam
733 1649 947 1688 contenta
969 1647 1016 1687 in
1038 1646 1145 1695 illis.
1184 1647 1346 1699 Itaque
1365 1645 1562 1699 proinde
1578 1644 1858 1688 censeantur
1873 1658 1924 1688 ac
1938 1646 1979 1689 si
1993 1658 2098 1688 con-

327 1728 457 1757 cessa
480 1729 530 1757 ac
556 1717 734 1758 indulta
755 1729 849 1758 non
869 1720 1045 1769 essent,
1070 1717 1238 1759 iubens
1259 1720 1307 1759 et
1326 1717 1591 1759 decernens
1615 1718 1821 1759 locorum
1842 1716 2098 1760 ordin-ariis

326 1786 410 1827 sub
438 1799 560 1838 pena
586 1787 1078 1829 excommunicationis
1109 1800 1160 1830 ac
1187 1787 1514 1840 *suspensionis
1542 1787 1603 1829 ad
1632 1800 1804 1830 annum
1829 1787 1892 1830 ab
1922 1786 2096 1842 officio,

325 1868 440 1908 quas
456 1856 562 1909 ¹ipso
583 1857 717 1910 facto,
741 1859 777 1899 si
800 1858 1111 1911 neglexerint,
1134 1858 1385 1911 incurrant,
1409 1858 1466 1900 de
1481 1861 1641 1900 cetero
1652 1857 1700 1900 in
1716 1859 1814 1901 suis
1827 1857 2095 1911 provinciis,

325 1926 583 1968 civitatibus
609 1931 687 1969 aut
711 1928 973 1971 diocesibus
998 1929 1181 1982 aliquos
1200 1943 1263 1971 ex
1286 1929 1460 1972 talibus
1482 1928 1854 1982 predicatoribus
1879 1929 2095 1982 implora-

325 1997 502 2039 toribus
540 2001 617 2039 aut
656 1999 936 2050 questuariis
977 2012 1059 2041 seu
1096 2000 1344 2052 deputatos
1384 2000 1442 2042 ab
1480 2001 1552 2042 eis
1591 2000 1801 2042 officium
1840 2012 1924 2042 seu
1960 2011 2095 2041 exer-

325 2066 485 2108 cicium
514 2067 778 2110 huiusmodi
808 2082 893 2122 per
923 2083 972 2111 se
1004 2071 1078 2112 vel
1106 2071 1227 2112 alios
1256 2070 1432 2112 directe
1463 2071 1538 2112 vel
1570 2069 1796 2112 indirecte
1826 2071 1901 2112 vel
1933 2069 2096 2123 quovis

326 2138 507 2188 quesito
529 2139 681 2180 colore
704 2151 870 2191 gerere
893 2153 986 2181 non
1006 2140 1278 2193 *permittant
1300 2144 1377 2183 aut
1396 2153 1639 2182 exercere.
1674 2141 1811 2194 Layci
1835 2143 1988 2182 autem
2010 2141 2096 2182 hoc

324 2208 645 2258 permittentes
676 2210 749 2250 vel
782 2210 946 2252 dantes
976 2210 1021 2251 in
1052 2211 1275 2263 predictis
1304 2211 1548 2263 auxilium,
1580 2211 1824 2253 consilium
1856 2223 1939 2254 seu
1969 2211 2095 2253 favo-

326 2289 422 2317 rem
448 2281 551 2329 post
576 2278 942 2321 admonicionem
968 2282 1270 2334 prelatorum,
1298 2282 1335 2324 si
1362 2294 1455 2323 non
1482 2281 1758 2334 destiterint,
1785 2280 2094 2324 excommuni-

325 2348 518 2389 cationis
552 2350 828 2392 sententiam
866 2351 1072 2394 incidunt
1106 2352 1208 2405 ipso
1242 2352 1376 2394 facto.
1428 2351 1742 2405 Indulgenciis
1777 2351 2094 2405 singularibus

326 2418 540 2468 personis
577 2419 622 2459 in
657 2420 816 2462 mortis
853 2422 1047 2464 articulo
1082 2427 1159 2465 aut
1194 2423 1339 2465 semel
1377 2422 1423 2464 in
1459 2423 1553 2464 vita
1588 2426 1634 2464 et
1668 2423 1814 2465 semel
1850 2422 1897 2464 in
1933 2423 2094 2465 mortis

325 2488 518 2529 articulo
544 2492 588 2530 et
614 2488 843 2532 similibus
865 2491 915 2532 'in
942 2493 1097 2544 specie
1126 2493 1349 2535 hactenus
1376 2492 1609 2536 concessis
1631 2493 1775 2546 vplene
1802 2492 2093 2535 remissionis

324 2560 614 2608 peccatorum
649 2559 692 2599 in
727 2573 810 2602 suo
840 2561 1007 2604 robore
1039 2564 1375 2614 permansuris.
1423 2564 1477 2605 Et
1507 2576 1566 2604 ne
1599 2575 1730 2606 sacre
1761 2563 2094 2616 predicationis

325 2626 533 2669 officium
554 2628 757 2682 vilescat,
779 2631 1006 2684 prohibet,
1026 2645 1085 2674 ne
1107 2633 1210 2685 quis
1231 2637 1422 2686 questor
1441 2634 1589 2687 possit
1608 2634 1682 2675 vel
1704 2633 1873 2676 audeat
1893 2637 1972 2676 aut
1988 2645 2093 2687 pre-

325 2701 473 2738 sumat
505 2711 590 2750 per
623 2712 671 2741 se
705 2701 777 2741 vel
812 2702 942 2754 alios,
977 2706 1054 2744 aut
1084 2703 1349 2755 predicator
1382 2704 1532 2756 quivis
1567 2716 1709 2757 super
1739 2703 1984 2757 premissis
2015 2706 2092 2746 aut

324 2778 483 2808 eorum
517 2769 672 2821 aliquo
704 2770 911 2813 officium
946 2776 1021 2814 aut
1052 2773 1332 2815 exercicium
1366 2774 1713 2826 quomodolibet
1743 2786 1970 2816 exercere
2001 2774 2092 2816 nisi

326 2835 383 2877 sit
402 2837 520 2878 bone
543 2839 648 2890 vite,
670 2841 944 2883 conditionis
967 2846 1043 2884 aut
1062 2844 1187 2885 fame
1209 2857 1259 2886 ac
1280 2844 1510 2886 litteratus
1531 2849 1578 2887 et
1591 2844 1852 2886 examinari
1867 2848 1914 2887 et
1928 2857 2092 2898 appro-

327 2905 422 2947 bari
458 2907 624 2950 debeat
655 2923 738 2962 per
769 2911 853 2952 loci
886 2912 1172 2955 ordinarium
1205 2918 1250 2956 et
1276 2915 1417 2957 aliter
1444 2915 1626 2957 admitti
1657 2927 1750 2957 non
1780 2914 1940 2968 possit.
1984 2915 2092 2957 Pre-

429 3027 458 3045 a»
482 3022 592 3047 Lib-Ire.

428 3068 458 3109 1)
485 3069 565 3102 Nur
588 3070 676 3104 (ὀᾶ.
713 3072 744 3105 Ι’.
