2102 3444
203 126 260 169 62
724 128 750 161 I.
792 128 1002 163 Abschnitt.
1056 128 1456 175 Konzilstagebticher.

206 257 310 288 ssus
344 246 541 298 portavit
577 260 792 290 coronam
830 247 1055 300 spineam.
1104 249 1157 292 Et
1191 253 1351 303 captus
1385 264 1470 304 per
1504 253 1677 294 curiam
1716 253 1975 294 secularem

206 317 368 359 ductus
398 322 468 360 cst
498 318 555 359 ad
587 318 739 371 ignem
770 323 813 361 et
845 323 1089 362 crematus.

324 389 409 430 Die
447 389 662 430 mercurii
702 390 842 432 tercia
879 391 1004 432 Junii
1040 393 1148 433 anni
1192 392 1493 435 MCCCCXVI
1532 397 1576 436 et
1613 394 1818 437 secundo
1854 407 1976 438 anno

205 461 384 501 concilii
416 461 535 502 sedit
563 461 805 503 concilium
834 463 934 504 sine
963 463 1243 505 solennitate
1270 468 1314 506 et
1341 465 1664 518 pronunciavit
1691 466 1975 508 sentenciam

206 531 249 572 in
277 544 414 573 causa
443 532 713 585 Argentina,
740 533 869 575 cuius
897 534 1132 576 sentencie
1160 537 1293 577 tenor
1319 537 1546 589 sequitur:

327 603 376 644 ln
407 603 594 645 nomine
627 604 709 645 Dei
744 604 906 646 Amen.
949 605 1020 646 Ad
1051 607 1414 658 compescendos
1447 641 1455 649 .
1492 641 1499 648 .
1536 641 1543 648 .
1576 607 1884 662 oportunas.¹)

330 674 439 716 ltem
479 675 705 717 commisit
744 679 941 728 quatuor
981 676 1211 719 iudicibus
1251 690 1415 720 causas
1457 678 1779 731 inquisicionis
1818 681 1976 722 contra

204 746 410 797 prelatos
445 746 632 788 Boemie
669 750 713 789 et
747 748 1090 790 marchionatus
1130 748 1332 791 Moravie
1366 749 1658 803 negligentes
1693 750 1739 791 in
1774 751 1977 804 extirpa-

204 817 334 859 cione
362 818 580 859 heresum
607 822 649 860 et
676 831 889 860 errorum
913 819 1266 862 Wiclifistarum
1291 824 1336 862 et
1361 821 1458 863 Hus
1484 821 1854 874 dampnatorum.

324 889 408 931 Die
444 889 631 932 veneris
668 889 828 942 quinta
864 891 991 932 Junii
1030 891 1149 933 sedit
1185 892 1430 933 concilium
1466 905 1559 934 non
1597 893 1855 934 solenniter
1891 905 1977 946 pro

205 960 450 1002 audiendis
480 961 661 1003 nunciis
691 962 815 1014 regis
846 962 1127 1015 Portugalie,
1157 964 1233 1016 qui
1265 966 1493 1005 venerant
1528 963 1644 1018 [die]
1684 965 1844 1006 martis
1873 977 1977 1018 pre-

204 1032 411 1075 cedentis
442 1032 497 1074 ΙΙὓ
524 1033 650 1074 Jtlnii
679 1045 762 1074 sex
787 1045 997 1086 numero,
1024 1046 1220 1086 quorum
1247 1034 1338 1076 duo
1364 1034 1549 1088 milites,
1577 1035 1668 1077 duo
1694 1035 1906 1078 doctores
1932 1038 1977 1077 et

204 1105 294 1146 duo
335 1104 567 1146 domicelli
610 1108 742 1147 erant
783 1108 829 1147 et
868 1106 1028 1148 nullus
1068 1106 1424 1148 ecclesiasticus.
1479 1107 1533 1148 Et
1574 1106 1815 1160 proposuit
1855 1119 1976 1148 unus

204 1176 361 1218 doctor
401 1179 445 1218 et
486 1176 802 1218 exhibuerunt
843 1176 1110 1218 mandatum
1149 1177 1385 1220 missionis
1427 1178 1548 1220 inter
1588 1178 1680 1220 alia
1719 1177 1976 1229 continens,

204 1248 327 1300 quod
351 1260 435 1289 rex
460 1247 725 1301 Portugalie
751 1248 1009 1290 adherebat
1031 1248 1226 1291 concilio
1250 1251 1294 1290 et
1319 1249 1523 1302 legitime
1546 1249 1690 1302 gestis
1715 1248 1762 1290 in
1786 1261 1855 1291 eo.
1891 1248 1975 1300 Qui

204 1319 357 1361 nuncii
388 1320 475 1361 soli
503 1332 588 1373 pro
616 1332 738 1361 nunc
766 1323 872 1362 sunt
900 1319 957 1361 de
988 1320 1238 1373 Hyspaniis
1268 1323 1312 1362 et
1340 1323 1502 1373 postea
1531 1320 1589 1362 ad
1617 1322 1798 1373 partem
1827 1319 1977 1373 pecie-

204 1395 310 1434 runt
345 1391 522 1433 admitti
557 1404 642 1445 pro
675 1404 768 1433 una
803 1392 997 1433 nacione
1034 1391 1209 1433 scilicet
1243 1391 1601 1445 Hyspaniarum.
1649 1391 1727 1433 Set
1761 1403 1855 1433 non
1890 1390 1977 1432 fuit

204 1475 496 1516 responsum.

322 1535 407 1576 Die
439 1534 619 1577 sabbati
649 1535 838 1579 XXVII.
871 1534 997 1576 Junii
1030 1534 1149 1577 sedit
1178 1534 1422 1576 concilium
1453 1533 1553 1576 sine
1585 1532 1862 1576 solennitate
1892 1545 1977 1586 pro

205 1607 353 1648 electo
376 1607 646 1659 Argentino,
670 1606 726 1647 de
750 1619 841 1659 quo
863 1619 1005 1659 supra
1026 1609 1071 1647 et
1094 1606 1135 1647 d.
1157 1606 1388 1648 Henricus
1411 1604 1546 1647 miles
1567 1607 1612 1647 et
1633 1604 1830 1647 nuncius
1853 1603 1977 1657 regis

206 1678 516 1720 Romanorum
555 1678 685 1720 nulla
724 1690 809 1730 per
847 1690 953 1719 eum
994 1677 1114 1719 facta
1153 1678 1394 1719 mencione
1435 1677 1492 1718 de
1532 1676 1722 1729 decano,
1761 1675 1976 1729 capitulo,

205 1749 474 1791 consulibus
500 1752 545 1790 et
571 1749 897 1790 communitate
924 1748 1349 1801 Argentinensibus
1374 1760 1528 1800 neque
1555 1760 1614 1789 ex
1640 1749 1772 1800 parte
1798 1746 1880 1788 illa
1907 1748 1978 1788 set

205 1833 263 1862 ex
301 1823 432 1873 parte
472 1820 596 1873 regis
634 1820 945 1862 Romanorum
985 1820 1154 1862 dictum
1191 1819 1492 1861 Wilhelmum
1530 1820 1727 1861 electum
1766 1817 1977 1871 Argenti-

204 1904 399 1934 nensem
434 1890 628 1933 concilio
663 1890 876 1932 restituit.
924 1891 976 1932 Et
1011 1890 1254 1932 concilium
1290 1889 1528 1943 deputavit
1562 1889 1678 1932 duos
1712 1888 1977 1931 cardinales

204 1967 249 2005 et
281 1966 380 2005 octo
410 1966 503 2004 tam
535 1962 741 2015 prelatos
775 1974 912 2014 quam
946 1962 1063 2004 alios
1096 1962 1152 2003 de
1186 1965 1383 2014 quatuor
1416 1961 1691 2003 nacionibus
1724 1959 1783 2002 ad
1815 1958 1978 2012 recipi-

205 2035 352 2077 endas
376 2034 621 2076 cauciones
645 2033 852 2086 ydoneas
877 2046 902 2074 a
927 2033 1047 2074 dicto
1071 2034 1219 2074 electo
1244 2033 1301 2074 de
1328 2032 1493 2074 stando
1515 2035 1560 2074 et
1584 2031 1794 2085 parendo
1819 2030 1908 2072 iuri
1932 2033 1977 2072 et

206 2106 435 2148 mandatis
468 2104 630 2147 concili
663 2108 707 2146 et
741 2105 798 2146 ad
831 2103 1201 2157 cognoscendum
1235 2104 1348 2145 citra
1381 2103 1665 2144 sentenciam
1698 2101 1976 2143 difinitivam

206 2178 262 2219 dc
303 2177 517 2219 omnibus
556 2177 708 2218 causis
749 2175 973 2217 dictorum
1013 2174 1219 2228 parcium
1260 2175 1457 2215 invicem
1496 2176 1541 2215 et
1579 2173 1636 2215 de
1675 2173 1873 2215 ecclesie
1912 2172 1977 2213 in-

206 2247 504 2302 dempnitate.

326 2320 492 2362 Postea
516 2318 706 2360 fuerunt
735 2319 848 2360 lecte
875 2318 1029 2359 littere
1056 2316 1298 2370 missiles2)
1326 2315 1449 2369 regis
1476 2315 1670 2357 Francie
1695 2327 1781 2368 pro
1806 2326 1977 2356 recom-

207 2390 508 2433 mendacione
542 2389 747 2442 episcopi
783 2387 1127 2430 Lemovicensis
1160 2390 1318 2429 contra
1352 2387 1620 2439 magistrum
1654 2384 1976 2438 Raymundum

207 2462 264 2504 de
299 2461 492 2504 Perucia
526 2460 882 2514 pretendentem
917 2471 966 2502 se
1001 2460 1199 2501 electum
1234 2458 1613 2499 Lemovicensem
1646 2460 1691 2498 et
1723 2457 1859 2510 plura
1893 2468 1978 2509 per

207 2533 476 2575 advocatum
507 2532 746 2584 proposita
774 2534 933 2573 contra
961 2543 1065 2572 eum
1096 2533 1141 2571 et
1172 2529 1341 2582 incepit
1371 2527 1645 2581 defendere,
1675 2530 1744 2570 set
1773 2527 1861 2569 fuit
1889 2527 1978 2569 cla-

208 2618 306 2647 mor
333 2608 377 2646 et
406 2605 466 2646 ita
494 2603 707 2645 discessit
734 2602 990 2644 concilium.

328 2676 410 2717 Die
437 2675 617 2717 sabbati
642 2674 750 2716 IIII.
774 2673 901 2726 Julii,
925 2686 1014 2725 que
1039 2673 1140 2714 dies
1163 2675 1326 2724 quarta
1350 2674 1448 2712 erat
1472 2670 1587 2724 dies,
1611 2682 1700 2723 qua
1723 2669 1976 2712 secundum

208 2747 546 2789 convenciones
579 2758 720 2798 supra
753 2744 934 2786 habitas
967 2744 1088 2785 inter
1121 2743 1290 2784 dictum
1323 2742 1365 2783 d.
1398 2741 1710 2783 Romanorum
1743 2752 1900 2794 regem
1933 2742 1979 2781 et

329 2852 359 2889 ¹)
387 2852 507 2885 Ilarclc
535 2851 598 2891 11',
626 2851 805 2891 7is4-‹5'(›';
834 2849 959 2884 Mansi
986 2848 1143 2889 ΧΧΙἸΙ,
1167 2848 1247 2883 901.

329 2912 360 2951 2)
387 2910 506 2944 Hasd!
532 2909 596 2945 Il',
622 2909 686 2943 794
714 2909 817 2953 laeeissl
843 2918 901 2942 es:
941 2907 1087 2942 Literas
1112 2906 1288 2941 missivas
1313 2906 1413 2949 regis
1438 2905 1668 2939 Francorum
1692 2914 1808 2948 super
1832 2911 1980 2947 promo-

210 2970 318 3004 cioue
341 2969 461 3003 electi.
496 2969 552 3002 Da
578 2968 714 3003 t-orleer
738 2978 806 3001 tzur
826 2977 912 3002 vom
936 2966 1189 3010 strastburyer
1212 2965 1372 2999 Elekten
1395 2964 1458 2998 dic
1479 2965 1595 3005 RecIe,
1616 2964 1749 3008 musste
1770 2972 1860 2997 man
1881 2961 1979 2996 hier-

214 3029 302 3061 nach
333 3028 461 3062 bislwr
488 3027 781 3072 Argentinensis
807 3028 1006 3069 eryduzen,
1032 3024 1216 3059 'wiihrend
1244 3034 1284 3058 es
1310 3023 1389 3058 sich
1418 3033 1480 3057 um
1506 3023 1682 3065 Limoyes
1708 3021 1874 3056 handelt.
