2102 3444
339 358 418 425 D.
475 351 1775 439 Geschaftsordnungs-Vorschlage
1826 351 1952 423 fiir

909 470 1047 540 das
1101 468 1382 543 Konzil.

402 653 440 682 a.
487 641 554 682 De
585 639 729 681 iol-ma
763 640 807 680 ct
838 637 1004 679 ordine
1035 635 1218 679 concilii
1249 638 1294 678 ct
1325 636 1382 678 de
1415 637 1631 688 personis
1661 649 1712 679 ac
1743 638 1887 682 rebus

770 709 826 750 ad
871 707 1115 750 concilium
1162 707 1521 759 pertinentibus.

380 803 498 843 Paris,
524 803 617 835 mm.
645 804 716 835 nal.
743 802 832 835 1477
853 801 879 844 Ῐ.
902 801 957 835 29.

380 885 504 927 Licet
533 885 683 926 forma
714 887 759 926 et
789 883 902 925 ordo
933 883 1232 925 conciliorum
1263 884 1556 936 generalium
1584 897 1645 925 ex
1671 885 1821 927 sacris
1851 886 2035 927 canoni-

263 958 348 999 bus
375 970 423 998 ac
448 956 591 998 eciam
616 968 673 996 ex
700 954 901 1007 antiquis
926 954 1132 997 conciliis
1155 958 1359 1007 pateant,
1384 955 1493 1008 quia
1515 958 1672 997 tamen
1693 968 1896 1008 presens
1921 956 2035 999 Con-

264 1027 524 1069 stanciense
554 1025 797 1067 concilium
827 1025 975 1077 capite
1008 1029 1146 1077 caret,
1179 1038 1204 1067 a
1236 1038 1326 1077 quo
1355 1025 1459 1078 ¹ipsa
1491 1025 1664 1069 debent
1695 1027 1900 1080 regulari
1930 1040 2035 1069 con-

261 1099 380 1150 cilia,
415 1098 560 1139 eciam
594 1110 652 1138 ex
686 1096 964 1149 quibusdam
998 1095 1315 1149 singularibus
1347 1096 1501 1139 causis
1535 1097 1593 1139 ab
1629 1097 1767 1140 inicio
1799 1097 1887 1140 fuit
1918 1111 2034 1152 opus

262 1169 466 1221 negocia,
510 1180 598 1220 que
641 1170 747 1209 tunc
789 1166 1107 1220 imminebant,
1150 1167 1387 1220 aliquibus
1431 1167 1714 1221 specialibus
1754 1168 1904 1211 modis
1947 1169 2034 1222 agi,

262 1242 417 1292 utpote
454 1238 707 1280 deliberari
745 1251 830 1291 per
865 1237 1086 1280 naciones
1122 1241 1166 1280 et
1202 1238 1335 1280 alias.
1384 1238 1468 1290 Qui
1505 1238 1628 1281 modi
1665 1238 1831 1281 leviter
1866 1240 2032 1282 mutari

261 1322 352 1350 non
379 1313 583 1362 possent.
626 1309 763 1350 Illum
792 1309 977 1350 modum
1005 1309 1336 1362 prosequendo
1363 1309 1616 1351 videndum
1651 1309 1762 1364 [est]
1799 1310 1857 1353 de
1885 1310 2034 1353 form-a

260 1384 304 1422 et
336 1380 471 1422 modo
504 1379 907 1432 expediendarum
941 1392 1099 1421 rerum
1132 1380 1189 1422 ad
1223 1380 1468 1422 concilium
1502 1381 1654 1433 ipsum
1684 1380 2033 1434 pertinentium,

262 1450 369 1503 quia
392 1463 485 1492 non
512 1451 623 1493 sabis
646 1450 880 1503 huiusque
905 1451 1166 1504 regulatum
1192 1450 1375 1493 videtur
1400 1452 1447 1492 in
1472 1451 1628 1494 multis
1653 1452 1851 1495 casibus.

379 1534 433 1575 Et
457 1533 606 1586 primo
632 1533 688 1575 de
712 1532 943 1586 personis.

378 1603 590 1646 Secundo
620 1604 678 1646 de
705 1603 861 1646 rebus.

378 1675 540 1717 Tercio
565 1675 621 1716 de
645 1675 796 1718 forma
820 1675 1145 1717 introducendi
1169 1689 1246 1718 res
1270 1675 1315 1717 in
1333 1676 1760 1719 deliberacionibus
1774 1678 2033 1721 nacionum.

378 1745 548 1796 Quarto
573 1746 630 1787 de
658 1745 808 1788 forma
835 1746 1141 1788 concludendi
1171 1747 1567 1789 deliberacionem
1594 1747 1854 1790 nacionum.

377 1817 545 1868 Quinto
585 1817 643 1859 de
685 1816 837 1860 forma
879 1817 1191 1860 concordandi
1231 1822 1277 1860 et
1316 1818 1623 1860 concludendi
1664 1818 1711 1860 in
1752 1832 1892 1861 unam
1933 1831 2035 1862 sen-

261 1888 457 1929 tenciam
485 1886 746 1931 deliberata
770 1901 858 1942 per
883 1888 1177 1932 nacioneset
1204 1889 1482 1931 cardinales.

377 1957 518 2000 Sexto
548 1959 604 2000 de
637 1958 788 2001 forma
818 1960 1160 2012 pronunciandi
1193 1961 1240 2001 in
1267 1960 1501 2002 communi
1528 1960 1743 2003 sessione
1776 1960 2033 2003 deliberata

262 2031 305 2070 et
335 2028 550 2071 conclusa
578 2042 662 2082 per
689 2030 910 2072 naciones
941 2034 986 2072 et
1014 2031 1293 2074 cardinales.

930 2136 1009 2178 De
1051 2138 1364 2189 personis.

380 2217 445 2258 De
475 2217 690 2270 personis
721 2218 1018 2262 admittendis
1046 2219 1093 2260 in
1123 2219 1551 2263 deliberacionibus
1578 2221 1824 2262 nacionum
1852 2220 2033 2262 videtur

262 2288 503 2340 expedire,
536 2288 659 2341 quod
690 2290 898 2342 quelibet
927 2290 1062 2332 nacio
1095 2291 1335 2343 supposita
1363 2304 1451 2333 sua
1483 2291 1665 2345 redigat
1696 2291 1741 2333 in
1773 2291 1960 2344 scriptis
1988 2293 2032 2332 et

264 2358 386 2410 quod
428 2359 588 2401 nullus
630 2359 768 2402 intret
813 2360 1056 2402 concilium
1100 2361 1308 2403 nacionis
1352 2361 1441 2403 nisi
1487 2361 1738 2415 inscriptus
1781 2363 2031 2415 nullusque

262 2428 540 2471 inscribatur
566 2430 671 2483 nisi,
700 2432 777 2483 qui
805 2444 890 2484 pro
918 2444 968 2474 se
994 2433 1068 2474 vel
1098 2433 1156 2474 ab
1183 2433 1276 2474 alio
1303 2433 1472 2475 missus
1498 2433 1680 2475 venerit
1707 2433 1765 2475 ad
1791 2432 2031 2475 concilium

261 2502 306 2541 et
334 2512 419 2552 pro
450 2500 657 2543 concilio.

379 2582 445 2623 De
487 2582 591 2624 aliis
630 2587 781 2626 autem
822 2585 1128 2636 sequentibus
1167 2586 1342 2627 curiam
1379 2586 1538 2628 nullu-s
1578 2585 1843 2629 admittatur
1878 2596 2030 2638 neque

262 2650 553 2705 inscribatur,
587 2653 675 2695 nisi
711 2654 757 2695 in
790 2655 1012 2707 dignitate
1047 2656 1321 2699 constitutus
1355 2657 1428 2698 vel
1464 2656 1621 2699 doctor
1654 2660 1731 2699 aut
1764 2655 2030 2698 licenciatus

263 2722 309 2762 jn
343 2722 575 2775 theologia
610 2725 683 2765 vel
720 2724 833 2769 iure.
882 2726 936 2768 Et
970 2729 1176 2779 caveant,
1213 2727 1291 2779 qui
1326 2727 1484 2770 volent
1516 2727 1724 2781 inscribi,
1759 2727 1881 2780 quia,
1917 2727 2030 2769 sicut

262 2792 500 2835 habebunt
524 2794 762 2848 honorem,
788 2796 848 2838 ita
876 2809 1051 2849 omnes,
1080 2798 1117 2838 si
1144 2798 1390 2850 contingat,
1417 2811 1534 2840 onus
1559 2798 1705 2840 eciam
1729 2798 2029 2851 pecuniarum

262 2874 346 2913 pro
377 2865 696 2910 communibus
726 2867 1085 2911 necessitatibus
1117 2868 1291 2910 subire.
1337 2868 1517 2910 Etenim
1549 2868 1921 2911 scandalizantur
1951 2865 2029 2910 ali-

263 2944 350 2984 que
379 2934 613 2988 naciones,
643 2937 766 2988 quod
794 2936 1054 2981 familiares
1082 2941 1126 2980 et
1155 2938 1356 2981 famulos
1387 2940 1433 2981 in
1462 2940 1560 2982 suis
1589 2937 2028 2993 congregacionibus

262 3004 540 3054 permittant.
