2227 3434
707 178 798 212 1416
822 177 911 211 NOV.
937 176 981 211 29
1007 197 1048 201 -—
1076 176 1161 210 Dez.
1188 176 1241 210 13.
1773 177 1856 218 477

210 330 218 338 .
254 330 262 337 .
298 330 306 338 .
334 295 449 338 Sunt
474 296 621 338 eciam
648 295 810 348 plures
838 295 928 336 alie
957 294 1148 336 materie
1178 294 1223 335 in
1251 295 1335 335 hoc
1364 306 1495 335 sacro
1522 294 1716 335 concilio
1743 307 1859 335 corn-

91 370 226 419 mote,
257 379 346 419 que
375 366 698 408 necessitatem
730 365 1083 407 reformacionis
1113 365 1324 417 ecclesie,
1355 365 1443 405 nisi
1475 364 1603 406 surdi
1634 376 1859 415 essemus,

91 437 309 490 indicant,
337 441 385 480 ut
414 437 609 479 materia
635 435 950 478 contencionis
978 436 1100 476 inter
1129 447 1297 488 papam
1326 439 1370 476 et
1400 435 1605 487 prelatos
1635 435 1692 476 de
1721 435 1860 476 bene-

91 507 304 550 ficiorum
334 507 602 559 collacione,
633 506 826 548 materia
855 507 1225 558 exempcionum,
1257 505 1449 547 materia
1477 505 1710 547 discordie
1741 505 1861 546 inter

91 581 274 621 curatos
300 582 345 620 et
372 577 689 620 mendicantes
714 577 974 630 religiosos.
1017 577 1161 618 Porro
1188 577 1275 617 hee
1304 576 1466 618 omnes
1494 577 1686 618 materie
1715 576 1861 617 refor-

93 649 348 691 macionem
388 648 586 690 ecclesie
630 648 846 689 videntur
887 647 1117 700 flagitare.
1162 681 1169 688 .
1206 681 1214 688 .
1251 681 1258 689 .
1314 647 1415 689 Jam
1458 650 1674 689 asserunt
1716 646 1860 699 aliqui

92 722 368 772 potestatem
388 719 675 772 prelatorum
697 731 788 760 non
811 730 915 760 esse
938 717 1201 759 immediate
1224 730 1250 759 a
1271 717 1468 770 Christo,
1490 718 1568 760 alii
1590 730 1702 759 vero
1723 730 1862 770 oppo-

92 790 243 832 situm.
281 790 374 831 Alii
400 790 557 831 dicunt
581 789 912 841 exempciones
938 801 1043 830 esse
1069 792 1229 830 contra
1256 789 1326 830 ius
1353 788 1573 841 divinum,
1601 789 1680 830 alii
1707 788 1861 829 dicunt

91 861 368 914 oppositum.
409 860 499 902 Alii
517 863 728 902 astruunt
742 871 911 912 papam
927 871 1031 900 esse
1049 859 1363 900 immediatum
1381 862 1585 900 curatum
1603 858 1862 910 cuiuslibet,

93 931 158 973 sic
180 931 303 984 quod
326 932 371 972 in
395 931 479 972 hoc
502 931 600 972 loco
624 931 692 973 sui
717 930 907 971 cuilibet
928 933 1079 983 potest
1102 930 1402 981 committere,
1425 931 1567 982 aliqui
1591 942 1702 971 vero
1724 942 1863 982 oppo-

94 1001 244 1044 situm.
280 1002 333 1043 Et
355 1002 419 1044 sic
442 1002 499 1043 de
521 1001 774 1054 singulisss).
811 1000 946 1042 Michi
969 1000 1154 1053 quidem
1171 1000 1354 1041 videtur
1371 1000 1490 1041 inter
1505 1000 1588 1042 has
1605 1000 1862 1042 discordias

92 1084 308 1125 magnum
333 1076 458 1115 stare
485 1072 702 1123 medium,
719 1072 756 1113 si
777 1083 976 1124 querere
994 1072 1235 1113 vellemus.
1275 1071 1516 1112 Tollantur
1533 1071 1719 1122 abusus,
1736 1070 1863 1112 aufe-

93 1146 222 1185 ratur
247 1143 450 1194 morbus,
476 1143 619 1185 salxds
644 1155 831 1195 semper
856 1142 1092 1194 subiectis,
1120 1145 1164 1183 et
1190 1143 1279 1183 erit
1304 1154 1408 1194 pax.
1448 1142 1684 1193 Quomodo
1710 1145 1863 1183 autem

88 1214 398 1267 distinguatur
419 1213 608 1255 morbus
624 1225 649 1254 a
666 1212 900 1264 subiectis,
916 1211 1116 1264 quadam
1132 1211 1261 1253 brevi
1279 1211 1656 1253 consideracione
1673 1211 1863 1253 deduco.

212 1283 482 1337 Considem,
516 1284 723 1337 inquam,
751 1283 888 1337 quod,
921 1284 1037 1325 sicut
1070 1284 1115 1324 in
1149 1295 1344 1336 egressu
1377 1295 1533 1324 rerum
1568 1296 1594 1324 a
1624 1296 1710 1325 suo
1741 1283 1864 1335 prin-

93 1355 215 1408 cipio
259 1355 385 1397 Deus
431 1355 750 1396 causalitatem
796 1355 1148 1396 communicavit
1193 1354 1418 1395 creaturis
1466 1353 1719 1395 secundum
1764 1365 1865 1406 gra-

95 1425 195 1478 dus,
248 1424 310 1468 ita
361 1424 409 1466 in
463 1437 683 1478 regressu
737 1425 943 1478 ipsarum
997 1425 1056 1466 ad
1108 1437 1241 1466 suum
1294 1424 1452 1465 tinem.
1519 1423 1864 1477 Regrediuntur

93 1498 247 1538 autem
285 1497 373 1538 iste
410 1507 487 1538 res
525 1495 776 1537 inferiores
813 1508 899 1549 per
936 1496 1185 1547 hominem,
1224 1496 1332 1548 quia
1370 1499 1561 1548 propter
1599 1507 1704 1536 eum
1742 1494 1862 1536 facte

95 1569 218 1618 sunt3
262 1566 400 1608 homo
442 1578 554 1608 vero
598 1566 746 1608 libere
791 1570 835 1608 et
876 1579 962 1619 per
1004 1579 1137 1607 suum
1183 1565 1380 1607 liberum
1425 1565 1666 1607 arbitrium
1711 1576 1866 1617 regre-

95 1636 218 1679 ditur
254 1637 301 1678 in
338 1636 485 1678 finem
523 1649 670 1679 suum.
721 1637 873 1688 Quare
911 1637 1160 1679 causalitas
1198 1636 1450 1678 reducendi
1490 1648 1595 1677 eum
1636 1637 1681 1677 in
1719 1635 1863 1677 finem

94 1707 426 1750 communicata
450 1711 520 1750 e-st
545 1720 570 1749 a
599 1708 693 1750 Deo
717 1708 962 1760 agentibus
987 1707 1164 1759 liberis,
1190 1707 1362 1749 scilicet
1386 1706 1663 1750 hominibus.
1702 1707 1756 1748 Et
1779 1707 1863 1747 hec

95 1777 344 1821 causalitas
374 1790 458 1820 seu
486 1781 691 1831 potestas
723 1777 959 1819 reductiva
990 1778 1191 1819 hominis
1223 1777 1387 1818 dicitur
1416 1789 1549 1819 sacer
1578 1777 1866 1829 principatus.

95 1851 141 1890 et
167 1848 395 1891 habentes
423 1848 550 1890 illam
579 1848 789 1890 ierarche
817 1851 1051 1890 vocantur.
1094 1848 1335 1889 Effluxum
1363 1860 1474 1889 vero
1502 1847 1640 1890 huius
1667 1850 1865 1900 potesta-

95 1919 154 1961 tis
177 1919 250 1960 vel
271 1919 560 1972 principatus
581 1918 787 1961 declarat
810 1931 1004 1971 magnus
1026 1919 1248 1961 Albertus
1271 1931 1413 1971 super
1435 1918 1580 1960 libros
1603 1918 1724 1959 beati
1751 1918 1865 1970 Dyo-

95 1989 203 2031 nisii
222 1989 284 2031 de
308 1990 469 2032 celesti
493 1989 722 2031 ierarchia
747 2001 832 2042 per
854 1989 1039 2031 modum
1063 1989 1313 2031 effusionis
1337 1988 1538 2041 luminis,
1561 1988 1685 2041 quod
1708 1989 1864 2029 lumen

95 2072 180 2112 per
209 2062 305 2102 tres
335 2059 508 2113 gradus
539 2060 688 2102 solum
720 2059 1002 2101 diffunditur
1033 2064 1078 2102 et
1110 2060 1156 2101 in
1186 2059 1329 2101 tercio
1359 2059 1586 2101 occumbit
1613 2062 1658 2100 et
1689 2058 1863 2106 occidit,

96 2129 160 2172 sic
187 2129 449 2173 huiusmodi
479 2133 684 2183 potestas
713 2164 720 2172 .
757 2164 764 2171 .
801 2164 809 2172 .
852 2130 918 2172 Ita
948 2131 993 2171 in
1020 2130 1260 2182 proposito
1287 2133 1492 2182 potestas
1520 2129 1601 2171 illa
1630 2129 1864 2170 reductiva

95 2200 295 2243 hominis
324 2200 370 2242 in
401 2200 546 2242 finem
577 2213 709 2243 suum
740 2200 993 2242 secundum
1023 2200 1363 2252 plenitudinem
1395 2200 1680 2242 causalitatis
1711 2202 1863 2241 create

96 2274 167 2313 est
191 2271 238 2313 in
261 2283 383 2324 papa
407 2274 454 2312 ut
478 2271 524 2312 in
549 2271 699 2324 primo
721 2271 881 2324 gradu.
919 2270 1191 2312 Effunditur
1215 2283 1325 2312 vero
1351 2271 1409 2312 ad
1433 2271 1640 2324 prelatos
1665 2271 1865 2312 maiores

96 2344 329 2394 tamquam
350 2341 412 2389 ‚ad
439 2341 691 2384 secundum
718 2341 920 2382 lucidum
947 2341 1199 2384 secundum
1225 2341 1456 2382 influxum
1483 2341 1682 2393 duplicis
1707 2340 1866 2382 simili-

96 2411 284 2465 tudinis,
320 2411 494 2454 scilicet
529 2411 847 2453 similitudinis
882 2410 1097 2464 effectus,
1133 2411 1283 2464 primo
1320 2412 1365 2452 in
1402 2412 1499 2463 hoc,
1537 2411 1658 2464 quod
1693 2411 1865 2452 habent

96 2485 371 2534 potestatem
401 2481 518 2524 alios
550 2482 885 2524 ierarchizandi
916 2485 961 2523 et
992 2481 1244 2523 reducendi
1279 2482 1324 2523 in
1355 2482 1515 2533 finem,
1549 2481 1751 2523 secundo
1781 2494 1866 2534 per

98 2552 283 2595 modum
308 2552 626 2595 similitudinis
649 2565 786 2595 cause
812 2552 858 2593 in
883 2553 980 2604 hoc,
1006 2552 1128 2605 quod
1153 2552 1406 2595 ierarchias
1433 2552 1684 2594 inferiores
1709 2552 1864 2593 facere

96 2625 291 2675 possunt
419 2622 692 2664 eisluminis
708 2635 872 2664 causas
889 2623 1145 2664 instituere.
1183 2622 1360 2664 Deinde
1377 2622 1450 2665 isti
1467 2623 1632 2675 prelati
1653 2622 1865 2671 maiores,

97 2693 174 2746 qui
198 2696 304 2736 sunt
324 2693 466 2734 veluti
484 2693 736 2735 secundum
754 2693 970 2744 lucidum,
988 2693 1143 2734 lumen
1161 2705 1292 2734 suum
1310 2692 1581 2733 diffundunt
1600 2693 1643 2733 in
1661 2693 1866 2744 prelatos

98 2762 363 2815 inferiores,
394 2762 565 2805 scilicet
594 2766 778 2805 curatos
808 2764 955 2805 solum
987 2763 1239 2804 secundum
1271 2763 1621 2805 similitudinem
1651 2762 1864 2812 effectus,

99 2833 177 2886 qui
207 2834 390 2886 precise
419 2833 529 2875 dant
558 2833 640 2885 eis,
671 2834 793 2885 quod
825 2834 1007 2875 luceant
1036 2837 1081 2875 et
1111 2834 1332 2886 populum
1366 2833 1670 2874 ierarchizent
1700 2835 1743 2874 et
1775 2844 1863 2872 non

99 2903 221 2956 quod
255 2904 312 2945 de
345 2904 518 2956 populo
550 2903 753 2955 aliquem
788 2903 1045 2945 ierarcham
1079 2903 1333 2945 instituant.
1381 2902 1433 2944 Et
1467 2903 1528 2944 sic
1563 2902 1786 2943 occumbit
1820 2903 1863 2942 in

100 2974 242 3015 tercio
279 2973 426 3026 gradu
463 2974 547 3014 hec
586 2976 791 3025 potestas
829 2973 1078 3015 reductiva.
1130 2974 1240 3014 Nam
1282 2973 1384 3014 licet
1422 2973 1562 3024 aliqui
1605 2973 1718 3024 layci
1760 2974 1863 3012 sunt

204 3081 234 3111 a)
255 3081 303 3104 xre
323 3077 408 3105 aliis.
