2227 3434
150 367 227 438 Α.
266 367 650 439 Fillastres
680 368 919 439 Gesta
955 366 1245 438 concilii
1284 367 1919 439 ConstantiensiS.

269 534 407 589 Origo
428 535 666 588 generalis
688 534 869 577 concilii
893 534 1271 577 Constanciensis
1293 547 1353 576 ex
1376 534 1547 577 Pisano
1569 535 1763 577 concilio
1785 535 1918 588 cepit.

152 605 265 648 Cum
295 606 418 647 enim
449 618 664 659 magnum
693 609 739 648 et
767 606 1052 647 horrendum
1085 607 1265 658 scisma,
1295 606 1417 658 quod
1447 606 1567 659 cepit
1595 606 1642 647 in
1671 607 1787 648 urbe
1818 609 1920 659 post

151 677 325 718 obitum
362 677 577 730 Gregorii
612 677 691 719 XI.
726 689 848 719 anno
883 676 1056 718 domini
1093 676 1341 718 millesimo
1375 677 1703 718 trecentesimo
1739 680 1920 730 septua-

150 747 327 800 gesimo
355 751 528 801 octavo,
559 748 649 789 iam
678 747 865 800 triginta
894 747 1029 790 annis
1059 748 1288 800 durasset,
1318 748 1449 801 quo¹)
1481 751 1690 801 tempore
1720 747 1920 800 primum

150 831 236 872 per
267 819 513 860 tumultum
544 822 590 861 et
620 819 976 871 oppressionem
1010 818 1321 860 Romanorum
1354 819 1530 861 electus
1563 818 1651 860 fuit
1684 818 1921 860 Bartholo-

151 901 282 932 meus
310 889 688 943 archiepiscopus
718 882 954 942 Bare‘nsis,
983 890 1061 942 qui
1091 902 1140 932 se
1169 889 1411 931 Urbanum
1441 892 1622 932 sextum
1652 889 1920 941 nominavit,

151 960 321 1002 deinde
355 972 441 1014 per
473 960 664 1002 eosdem
698 960 977 1013 cardinales,
1012 960 1090 1013 qui
1124 961 1182 1002 ab
1215 973 1271 1002 eo
1306 964 1616 1013 recesserunt,
1653 964 1920 1003 asserentes

150 1043 256 1073 eum
289 1044 375 1085 per
407 1034 578 1073 metum
612 1032 824 1084 electum,
858 1031 945 1073 suit
978 1032 1154 1074 electus
1187 1031 1418 1073 Robertus
1451 1031 1704 1074 cardinalis
1738 1031 1920 1073 Geben-

151 1102 326 1155 nensis,
366 1102 444 1155 qui
486 1115 535 1145 se
577 1102 865 1144 Clementem
906 1102 1153 1155 septimum
1192 1102 1460 1144 nominavit.
1517 1103 1567 1143 In
1608 1102 1697 1144 hiis
1739 1102 1919 1144 duobus

151 1173 379 1226 capitibus
418 1174 714 1216 constitutum
753 1177 823 1215 est
862 1173 979 1214 illud
1017 1186 1234 1226 magnum
1274 1176 1319 1215 et
1357 1174 1586 1215 famosum
1627 1174 1808 1225 scisma,
1847 1173 1918 1214 cui

150 1245 330 1286 nullum
365 1243 531 1297 simile,
566 1257 720 1297 neque
756 1245 981 1297 temporis
1017 1244 1334 1296 diuturnitate,
1372 1245 1462 1286 iam
1498 1244 1623 1285 enim
1658 1244 1919 1285 tricesimus

151 1316 376 1368 septimus
407 1327 558 1357 annus
590 1315 798 1369 agitura)‚
830 1327 983 1368 neque
1015 1327 1154 1357 cause
1187 1318 1233 1357 et
1263 1315 1332 1356 rei
1365 1315 1600 1356 dubietate
1634 1327 1786 1367 neque
1821 1326 1920 1367 reg-

149 1398 314 1428 norum
345 1389 391 1429 et
422 1386 767 1439 provinciarum
800 1386 1030 1428 divisione
1062 1385 1301 1439 precessit.
1350 1385 1579 1428 Clementi
1612 1385 1920 1428 obediverunt

150 1469 312 1500 omnes
337 1456 490 1500 Gallie
516 1457 574 1499 ab
598 1457 798 1510 Alpibus
824 1457 1048 1499 inclusive
1073 1469 1222 1509 usque
1248 1457 1305 1498 ad
1331 1456 1563 1499 Oceanum
1589 1456 1919 1508 Britannicum,

150 1531 309 1581 preter
331 1527 613 1581 Flandriam,
636 1527 909 1581 Hanoniam,
932 1526 1272 1581 Brabantiam¹')
1297 1531 1341 1569 et
1364 1527 1605 1579 Leodium;
1629 1527 1737 1569 item
1758 1539 1919 1568 omnes

149 1598 388 1652 Hyspanie
420 1602 579 1652 preter
611 1599 943 1652 Portugaliam;
978 1599 1086 1640 item
1117 1598 1288 1651 Scocia,
1320 1599 1430 1640 item
1461 1598 1642 1651 Cyprus
1673 1600 1718 1639 et
1748 1597 1919 1649 RoduS,

156 1670 372 1712 Maiorica
394 1673 439 1712 et
462 1671 614 1712 insule
639 1670 823 1712 subdite
845 1670 1067 1722 Hispanis
1089 1673 1134 1711 et
1155 1669 1343 1711 tandem
1365 1669 1572 1723 Januass),
1595 1668 1786 1711 Urbano
1809 1681 1920 1710 vero

150 1743 305 1783 cetera
336 1753 481 1794 regna
512 1744 558 1783 et
589 1741 843 1794 provincie,
875 1744 924 1782 ut
954 1743 1061 1794 pote
1096 1740 1250 1782 Ytalia
1281 1753 1382 1782 cum
1415 1739 1512 1782 suis
1545 1739 1725 1792 insulis,
1758 1751 1919 1781 omnes

151 1811 380 1865 Almanie,
423 1812 626 1865 Boemia,
670 1812 922 1864 Hungaria,
965 1812 1159 1853 Polonia
1202 1814 1247 1853 et
1289 1811 1470 1864 Anglia.
1537 1810 1757 1853 Urbanus
1800 1810 1920 1852 sedit

150 1882 309 1937 Rome,
335 1882 553 1925 Clemens
580 1883 628 1924 in
654 1882 898 1924 Avinione.
942 1882 992 1924 In
1019 1885 1152 1935 parte
1178 1882 1384 1924 Romana
1409 1894 1557 1935 usque
1585 1882 1643 1924 ad
1669 1881 1792 1923 istud
1818 1893 1921 1922 con-

150 1953 307 1995 cilium
362 1953 553 1996 fuerunt
608 1956 822 2006 quatuor:
891 1952 1110 1995 Urbanus
1164 1953 1257 2006 VI.‚
1313 1952 1582 1995 Bonifacius
1640 1952 1730 2005 IX.,
1789 1952 1920 1993 Inno-

150 2024 336 2067 cencius
363 2025 467 2067 VII.
495 2028 540 2067 et
569 2024 823 2078 Gregorius
850 2024 969 2078 XII.,
998 2024 1076 2078 qui
1103 2025 1215 2066 vivit
1243 2027 1287 2066 et
1314 2024 1463 2066 dictus
1490 2024 1698 2076 Angelus
1727 2023 1919 2065 Corario

152 2096 210 2138 de
230 2096 455 2138 Venetiis.
492 2096 544 2137 In
565 2098 697 2149 parte
718 2095 973 2138 Avenionis
994 2095 1085 2137 duo
1104 2098 1296 2147 tantum,
1318 2095 1536 2137 Clemens
1558 2094 1794 2147 predictus
1815 2093 1918 2135 VII.

151 2166 300 2210 dictus
334 2167 564 2209 Robertus
599 2167 656 2208 de
692 2166 946 2219 Gebennis,
980 2167 1058 2219 qui
1093 2166 1213 2208 sedit
1245 2166 1352 2208 XVI
1388 2166 1524 2208 annis
1558 2165 1719 2218 paucis
1753 2164 1920 2206 diebus

152 2237 318 2291 minus,
342 2241 388 2280 et
413 2237 693 2279 Benedictus
718 2237 848 2280 XIII.
875 2237 1023 2280 dictus
1049 2237 1215 2279 Petrus
1242 2236 1299 2278 de
1325 2236 1456 2278 Luna
1482 2236 1539 2278 de
1564 2236 1814 2289 Aragonia,
1841 2236 1918 2288 qui

152 2308 301 2350 adhuc
327 2308 451 2350 vivit.
494 2308 648 2362 Cum2)
680 2311 833 2351 autem
863 2308 1032 2350 dictum
1060 2307 1225 2350 scisma
1253 2307 1439 2361 triginta
1468 2307 1604 2349 annis
1632 2306 1847 2348 durasset
1875 2308 1920 2347 et

151 2379 322 2432 prefati
358 2379 639 2421 Benedictus
675 2382 721 2421 et
755 2378 1011 2431 Gregorius
1047 2392 1132 2432 pro
1169 2379 1341 2420 unione
1378 2378 1574 2420 ecclesie
1611 2377 1779 2419 cedere
1815 2389 1918 2430 pro-

151 2449 387 2492 misissent
415 2453 461 2492 et
489 2453 745 2503 curassent,
775 2450 1009 2503 assignato
1038 2450 1138 2491 loco
1167 2449 1317 2491 Saone
1347 2449 1405 2491 ad
1433 2447 1804 2490 conveniendum
1834 2460 1918 2500 pro

151 2521 363 2563 cessione
399 2521 600 2563 instante
634 2524 843 2574 tempore
880 2520 1214 2574 conventionis,
1249 2523 1314 2562 tot
1347 2522 1394 2562 et
1426 2522 1578 2561 tantas
1613 2518 1917 2560 difficultates

150 2591 508 2644 prestandarum
537 2591 834 2634 securitatum
861 2594 1057 2644 uterque
1084 2604 1170 2644 per
1197 2590 1516 2643 collusionem,
1544 2593 1592 2631 ut
1620 2589 1917 2643 presumitur,

152 2661 340 2716 invenit,
377 2662 500 2716 quod
534 2675 625 2705 non
663 2665 994 2704 convenerunt.
1042 2661 1217 2713 Quibus
1253 2674 1339 2714 per
1375 2660 1638 2703 cardinales
1675 2660 1917 2712 utriusque

150 2732 422 2775 obediencie
466 2732 787 2787 consideratis,
830 2732 971 2775 iidem
1014 2732 1278 2774 cardinales
1321 2732 1378 2774 ab
1421 2732 1490 2774 eis
1534 2733 1829 2773 recesserunt
1872 2732 1917 2771 et

253 2876 284 2904 a)
306 2872 336 2898 1)
354 2870 457 2905 folyt:
487 2872 520 2898 et
540 2871 673 2898 duravit
694 2871 744 2898 XL
764 2870 866 2898 annis.
911 2871 944 2903 b)
966 2872 1004 2904 B,
1027 2872 1057 2904 (J,
1081 2871 1128 2897 D:
1156 2870 1376 2897 Brebantiam.
1427 2870 1455 2904 c)
1479 2871 1515 2903 B,
1538 2870 1568 2902 0,
1591 2869 1620 2896 Ι)
1642 2868 1726 2902 sulyt
1748 2868 1917 2901 unsinnig.-

199 2917 367 2946 Leodium.
406 2918 446 2944 In
467 2919 524 2945 der
543 2918 674 2946 Summa
699 2917 830 2945 concilii
854 2919 957 2945 Conse.
979 2917 1060 2951 fehlt
1084 2918 1189 2945 dieser
1213 2918 1344 2945 Zzwatz.

270 2979 302 3022 ¹)
332 2978 427 3013 Hier
455 2978 609 3021 beyinnt
636 2979 700 3013 die
729 2979 839 3021 lanye
865 2978 1287 3021 Zwischenerziihluny.

269 3037 301 3080 ²)
334 3037 427 3071 Hier
454 3037 549 3072 wird
580 3039 650 3072 der
678 3037 762 3072 Salz
793 3037 891 3072 oben
919 3037 1066 3071 wieder
1094 3036 1401 3080 aufyenommen.
