2227 3434
0 3335 29 3434 mm.
0 3129 30 3318 *ww-ww
0 3081 8 3088 ’

492 197 536 231 Α.
575 196 774 232 Fillastres
803 197 918 233 Gesta
945 199 1095 234 concilii
1122 198 1437 235 Constantiensis.
1794 203 1848 246 19

201 315 269 357 Ex
292 318 424 369 parte
448 316 687 358 nationum
711 317 816 359 date
841 321 946 359 sunt
970 319 1061 360 alie
1085 319 1249 360 cedule
1274 320 1321 360 in
1345 319 1520 362 effectu
1543 322 1847 374 continentes,

82 385 205 439 quod
233 386 555 440 principaliter
585 391 802 440 ageretur
832 388 889 430 de
921 390 1094 431 unione
1125 390 1336 432 ecclesie.
1381 391 1435 432 Et
1465 391 1553 432 hee
1585 392 1749 434 cedule
1779 392 1849 434 fu-

82 459 219 499 erunt
246 457 537 512 publicatea).

199 527 299 570 Hiis
331 529 444 571 actis
475 529 635 571 incidit
666 530 861 584 questio,
894 530 972 583 qui
1004 531 1051 572 in
1083 531 1276 573 concilio
1306 532 1353 573 in
1385 533 1527 574 rebus
1560 533 1850 575 diffiniendis

82 597 449 642 admitterentur.
493 600 548 642 Et
576 600 824 642 voluerunt
854 601 1055 654 quidam,
1087 602 1210 655 quod
1241 603 1328 645 soli
1358 603 1564 656 episcopi
1594 617 1850 657 eorumque

82 669 283 712 maiores
308 671 478 723 prelati
505 674 550 713 et
577 671 770 714 abbates
798 672 1167 715 admitterentur.

200 740 370 784 Contra
396 754 533 795 quam
559 742 826 795 opinionem
853 744 1105 786 cardinalis
1132 744 1484 787 Cameracensis
1509 745 1692 798 scripsit
1715 746 1850 787 cedu-

82 812 189 866 lam,
211 813 342 854 cuius
364 816 499 855 tenor
520 814 627 856 talis
648 817 736 856 est:
772 814 844 856 Ad
868 814 1149 857 obviandum
1173 849 1182 857 .
1218 849 1226 858 .
1262 849 1270 857 .
1293 817 1556 858 executioni
1580 816 1847 870 mandari.¹)

201 883 466 927 Cardinalis
504 886 647 927 sancti
690 885 831 927 Marci
869 886 979 927 fecit
1018 887 1157 928 aliam
1195 887 1408 928 cedulam
1448 887 1506 929 ad
1545 886 1682 940 idem,
1720 887 1850 929 cuius

81 957 216 997 tenor
243 955 350 998 talis
378 959 465 998 est:

200 1025 268 1068 Tu
294 1027 506 1079 quisquis
531 1039 583 1070 es
609 1060 617 1069 .
653 1060 662 1068 .
697 1061 706 1069 .
732 1027 962 1080 premissa
988 1029 1148 1082 sunt.²)

204 1097 255 1139 In
279 1098 364 1140 hac
390 1098 633 1151 questione
659 1099 894 1151 pendente
922 1099 1080 1141 incidit
1105 1099 1300 1152 questio,
1327 1100 1557 1152 quomodo
1581 1100 1851 1142 decideren-

82 1170 157 1210 tur
184 1169 365 1222 agenda
392 1169 438 1210 in
466 1169 661 1212 concilio
688 1173 733 1212 et
760 1169 899 1212 fieret
927 1171 1199 1212 scrutinium
1228 1173 1451 1222 votorum,
1480 1174 1633 1212 utrum
1661 1184 1746 1224 per
1773 1183 1851 1212 na-

82 1239 233 1282 tiones
270 1240 317 1281 in
350 1252 539 1294 genere,
576 1253 772 1294 quarum
808 1244 1005 1294 quatuor
1040 1244 1188 1294 erant,
1224 1241 1443 1283 videlicet
1479 1241 1645 1295 Ytalie,
1682 1241 1851 1293 Gallie,

85 1310 335 1353 Germanie
359 1314 405 1354 et
427 1311 609 1365 Anglie,
633 1312 708 1353 vel
731 1325 817 1365 per
840 1312 990 1365 capita
1015 1310 1271 1366 singula?¹')
1311 1313 1366 1354 Et
1390 1312 1495 1354 licet
1518 1313 1643 1354 clare
1668 1312 1725 1353 de
1750 1312 1852 1354 iure

84 1381 311 1436 videatur,
332 1383 456 1436 quod
474 1383 813 1436 perscrutanda
835 1383 925 1425 sint
946 1386 1051 1425 vota
1071 1396 1157 1436 per
1177 1384 1328 1436 capita
1350 1384 1547 1436 singula,
1569 1383 1676 1436 quia
1696 1386 1851 1425 tamen

83 1453 245 1506 plures
277 1456 384 1496 sunt
414 1454 584 1506 prelati
617 1453 770 1496 Ytalie
802 1467 1038 1507 pauperes
1069 1467 1205 1507 quam
1238 1454 1341 1496 fere
1374 1454 1432 1495 de
1464 1454 1678 1496 omnibus
1708 1455 1853 1496 natio-

83 1524 237 1577 nibus,
258 1527 477 1578 preterea
500 1524 715 1567 dominus
736 1526 934 1580 noster‘)
961 1525 1072 1567 fecit
1094 1525 1142 1566 in
1164 1537 1360 1567 numero
1382 1525 1625 1566 excessivo
1646 1525 1853 1578 prelatos

84 1594 393 1638 cubicularios
420 1596 543 1638 ultra
571 1595 621 1649 L,
649 1596 815 1638 dicitur
842 1599 1075 1649 preterea,
1103 1596 1227 1649 quod
1254 1596 1422 1638 multos
1450 1596 1595 1638 voluit
1623 1595 1711 1637 sibi
1740 1596 1853 1637 obli-

84 1678 195 1720 gare
232 1666 506 1709 iuramentis
541 1670 587 1709 et
622 1667 911 1719 muneribus,
948 1668 1065 1709 alios
1102 1667 1240 1709 minis
1275 1666 1516 1720 terruisse,
1552 1669 1598 1708 et
1633 1666 1695 1708 ita
1731 1679 1854 1708 scru-

84 1737 225 1780 tando
252 1749 338 1791 per
367 1738 519 1790 capita
547 1738 691 1779 nichil
721 1737 874 1791 fieret,
904 1738 995 1780 nisi
1023 1738 1147 1790 quod
1176 1738 1319 1780 vellet
1347 1737 1561 1779 dominus
1590 1740 1766 1779 noster:
1801 1737 1854 1778 In

87 1808 186 1851 istis
213 1807 537 1861 questionibus
563 1808 807 1850 concilium
835 1808 914 1850 diu
939 1808 1177 1861 pependit.

202 1879 378 1922 Verum
403 1882 487 1932 est,
511 1880 635 1932 quod
658 1881 806 1921 maior
830 1892 940 1932 pars
965 1877 1257 1933 declinavitd)
1287 1879 1345 1921 ad
1369 1878 1490 1921 viam
1514 1878 1754 1920 cessionis.

203 1950 305 1994 Hiis
325 1951 493 1993 mediis
513 1951 802 2003 temporibus
824 1953 973 1992 actum
994 1953 1064 1992 est
1085 1950 1143 1992 de
1165 1951 1407 1992 erroribus
1426 1950 1598 1992 Wiclef
1617 1952 1663 1991 et
1684 1949 1855 2002 scripta

86 2024 186 2063 erat
217 2021 468 2064 sentencia.
511 2021 590 2064 Set
618 2023 762 2063 totum
793 2021 1033 2063 dilatatum
1064 2024 1135 2063 est
1163 2033 1249 2074 per
1279 2021 1593 2074 apericionem
1624 2020 1752 2062 illius
1781 2020 1855 2061 vie

87 2091 326 2135 cessionis.

206 2163 429 2205 Dominus
455 2166 615 2205 noster
640 2163 800 2217 papae)
830 2162 1082 2205 novissime
1111 2162 1240 2215 dixit,
1268 2163 1391 2215 quod
1417 2162 1517 2215 ipse
1545 2161 1733 2204 omnino
1758 2162 1855 2203 vult

89 2234 202 2276 dare
227 2246 389 2288 pacem
414 2234 627 2276 ecclesie.

209 2305 398 2348 Interim
429 2306 658 2358 nationes,
690 2305 906 2347 videlicet
939 2304 1107 2357 Gallie,
1140 2304 1392 2347 Germanie
1423 2307 1469 2346 et
1501 2303 1683 2357 Anglie,
1716 2306 1761 2345 et
1793 2304 1855 2345 ita

87 2379 250 2429 postea
271 2376 439 2429 Ytalie,
461 2389 547 2429 per
570 2388 621 2418 se
644 2375 771 2429 ipsas
794 2388 844 2418 se
867 2378 1266 2428 congregaverunt
1289 2378 1335 2416 et
1356 2375 1630 2417 deciderunt
1653 2374 1710 2416 de
1734 2374 1855 2416 facto

87 2448 393 2500 questionem,
414 2450 568 2489 utrum
588 2459 674 2500 per
694 2447 909 2489 nationes
929 2447 1003 2488 vel
1024 2459 1109 2500 per
1130 2447 1280 2499 capita
1302 2446 1485 2498 singula
1505 2445 1852 2498 procederetur.

92 2517 145 2560 Et
170 2521 569 2572 congregaverunt
595 2530 644 2560 se
672 2517 937 2570 separatim.

208 2589 263 2631 Et
283 2589 493 2631 finaliter
513 2601 676 2631 omnes
697 2588 995 2630 declinabant
1018 2587 1076 2630 ad
1097 2588 1218 2629 viam
1241 2587 1466 2629 cessionis
1489 2586 1741 2629 secundum
1765 2586 1857 2628 for-

90 2672 210 2702 mam
242 2659 392 2713 prime
426 2659 591 2701 cedule
626 2672 769 2712 super
802 2659 887 2700 hoc
921 2658 1026 2701 date
1062 2671 1146 2711 per
1181 2657 1467 2700 cardinalem
1502 2670 1537 2699 s.
1578 2657 1730 2709 Marci,
1765 2668 1854 2709 que

89 2729 265 2784 incipit:
312 2730 363 2772 In
390 2729 585 2772 concilio
612 2730 823 2782 generali
853 2730 978 2783 etc.³)

194 2894 224 2927 a)
251 2894 282 2919 D
301 2900 355 2920 am
377 2893 492 2921 Ranae
512 2892 582 2927 Quo
609 2892 688 2927 quia
712 2900 776 2920 non
804 2891 995 2927 specialiter
1021 2893 1197 2927 ponuntur,
1223 2891 1276 2918 hic
1304 2891 1400 2918 modo
1423 2890 1612 2917 inseruntur
1637 2889 1744 2923 fehlen
1771 2889 1858 2915 aber.

90 2939 122 2974 b)
143 2941 175 2974 C,
195 2941 226 2967 D
245 2940 461 2975 singulorum.
503 2941 531 2974 c)
554 2940 577 2967 Ο
593 2939 623 2967 d.
642 2947 736 2974 papa.
775 2939 807 2971 d)
829 2941 856 2966 B
876 2939 1084 2967 deliberavit.
1123 2944 1151 2971 e)
1174 2946 1258 2973 papa
1277 2938 1357 2972 fehlt
1380 2940 1414 2965 Β.

213 2989 245 3031 1)
272 2989 393 3023 Hardt
418 2987 469 3030 ΙΙ,
493 2987 610 3032 224Ῐ,·
638 2988 763 3023 Mansz·
789 2987 947 3030 XXVII,
972 2988 1040 3023 560
1053 2986 1080 3031 Τ.

212 3047 245 3090 ²)
273 3047 393 3081 Hardt
418 3046 470 3089 Il,
493 3046 697 3090 226—230,·
724 3047 850 3081 Mansi
875 3045 1034 3087 XXVII,
1061 3046 1233 3080 561-63.

214 3106 246 3148 ³)
270 3105 343 3148 vql.
367 3105 466 3140 oben
487 3104 523 3140 S.
546 3105 600 3140 18.
