2227 3434
255 148 295 184 C.
335 149 412 184 Der
436 148 675 184 literarische
703 148 845 191 Kampf
870 158 932 182 um
960 147 1023 182 die
1049 147 1223 192 Stellung
1248 149 1317 182 des
1343 148 1503 191 Papstes
1528 158 1612 182 zum
1643 148 1786 182 Konzil.
1821 149 1904 191 733

138 267 335 324 viocario
373 267 584 321 Lugduni
624 267 865 319 residenti,
903 269 1147 319 postquam
1186 265 1355 308 dictum
1393 266 1662 319 religiosum
1700 266 1904 309 delatum

137 337 445 391 convenisset,
477 337 623 379 dictus
655 338 800 380 abba-s
830 337 1000 396 ducere
1031 337 1089 379 ad
1119 349 1332 379 carceres
1363 337 1786 390 archiepiscopales
1818 337 1906 378 dic-

136 411 231 449 tum
262 408 531 461 religiosum
562 408 762 461 pedibus
793 411 838 450 et
868 408 1083 450 manibus
1115 408 1366 461 alligatum,
1397 420 1490 449 non
1522 407 1784 461 iudicatum,
1815 420 1905 449 non

139 477 457 532 degradatum,
493 478 602 520 fecit
636 479 874 532 ¹submergi
913 479 960 520 in
996 478 1192 520 flumine
1230 479 1470 532 Sagoneri,
1507 478 1636 521 cuius
1672 478 1813 520 funus
1849 478 1905 519 de

136 549 295 590 XXX¹³¹
325 549 427 592 fere
458 549 600 591 miliis
633 549 803 591 Italicis
832 562 918 602 per
949 561 1115 602 aquam
1147 549 1351 591 delatum
1380 553 1451 591 est
1482 549 1539 591 ad
1569 549 1738 602 pedem
1769 548 1905 591 castri

139 619 552 674 archiepiscopalis
575 619 623 661 in
647 619 827 661 civitate
853 619 1154 672 Lugdunensi
1178 620 1425 662 constituti.

257 690 446 733 Decimo
484 691 642 743 tercio,
683 691 901 743 quoniam
943 690 1141 743 quedam
1183 703 1347 744 magne
1388 692 1762 744 contempciones
1804 693 1909 732 sunt

139 761 336 803 exhorte
354 761 403 802 in
426 761 546 803 dicta
566 760 765 803 ecclesia
784 761 1024 803 occasione
1048 764 1279 803 certarum
1301 761 1578 814 pensionum
1601 761 1688 814 ipsi
1712 762 1908 803 ecclesie

140 831 459 884 impositarum
478 844 567 885 pro
582 832 725 874 certis
745 831 983 884 peccuniis
1004 831 1050 873 in
1072 831 1401 885 redempcione
1425 832 1574 886 ville³¹)
1602 835 1646 874 et
1668 830 1905 885 peculiis'')

138 902 406 955 patrimonii
432 902 579 956 ipsius
607 903 803 944 ecclesie
834 902 1159 955 Lugdunensis
1189 904 1441 955 conversis,
1470 915 1559 955 que
1589 903 1700 945 villa
1729 902 1816 945 fuit
1846 903 1910 944 in-

140 985 250 1015 vasa
273 976 318 1015 et
338 977 559 1026 occupata
579 985 665 1026 per
688 974 899 1015 inimicos
922 973 1055 1026 regni
1078 973 1134 1015 de
1157 976 1367 1026 tempore
1391 973 1541 1016 felicis
1566 974 1909 1016 recordacionis

140 1043 314 1086 domini
341 1043 519 1086 Urbani
543 1056 664 1097 pape
691 1042 754 1085 V*i
782 1047 827 1085 et
852 1056 941 1096 que
968 1044 1081 1086 villa
1107 1044 1194 1086 fuit
1218 1044 1460 1097 redempta
1487 1044 1544 1086 ab
1571 1044 1684 1097 ipsis
1711 1044 1910 1085 inimicis

139 1115 297 1167 precio
324 1114 583 1168 octuaginta
611 1114 787 1156 milium
816 1114 1083 1156 francorum
1112 1119 1157 1158 et
1183 1127 1269 1168 pro
1296 1128 1386 1168 qua
1415 1127 1592 1157 summa
1621 1115 1739 1157 dicta
1767 1116 1910 1157 eccle-

141 1186 210 1228 sia
247 1185 396 1227 adhuc
434 1186 615 1239 magnis
653 1185 822 1228 debitis
861 1189 931 1227 est
969 1185 1188 1239 obligata;
1229 1186 1469 1228 occasione
1509 1186 1646 1239 igitur
1685 1186 1909 1229 dictarum

138 1255 416 1308 pensionum
444 1256 678 1299 canonicis
706 1256 855 1310 ipsius
883 1257 1080 1298 ecclesie
1110 1256 1552 1310 insupportabilium
1583 1260 1627 1299 et
1655 1257 1711 1298 de
1743 1257 1910 1310 quibus

140 1329 289 1369 altera
320 1330 366 1369 et
395 1326 616 1369 notabilis
648 1339 761 1380 pars
793 1328 991 1369 ecclesie
1026 1326 1137 1369 vivit
1171 1340 1221 1369 ac
1255 1332 1486 1370 certorum
1521 1331 1793 1370 statutorum
1825 1339 1910 1381 per

138 1397 412 1452 prefatum&
452 1397 689 1440 dominum
725 1397 1002 1451 Gregorium
1037 1398 1091 1441 X.
1127 1398 1357 1440 editorum
1392 1399 1606 1441 intranee
1642 1399 1910 1452 questiones

141 1471 248 1510 sunt
268 1468 499 1522 suscitate,
520 1481 622 1511 cum
643 1469 842 1511 ecclesia
861 1469 1073 1522 predicta
1092 1472 1248 1511 careat
1269 1469 1606 1523 archiepiscopi
1626 1474 1671 1512 et
1692 1469 1910 1521 decanus,

139 1539 217 1592 quri
249 1540 396 1582 maior
427 1543 497 1582 est
527 1543 631 1593 post
661 1539 995 1593 pontificalem,
1026 1540 1196 1582 habeat
1226 1540 1495 1582 necessario
1527 1553 1657 1582 suam
1690 1539 1911 1593 prosequi

140 1609 431 1664 electionem,
453 1610 590 1664 quod,
610 1610 700 1652 nisi
720 1610 939 1653 celeriter
958 1610 1260 1664 provideatur
1282 1611 1329 1652 in
1351 1611 1472 1654 dicta
1490 1611 1702 1664 ecclesia,
1724 1611 1911 1653 omnino

140 1680 398 1723 cessabitur
425 1693 452 1723 a
480 1680 664 1724 divin-is.

257 1751 447 1794 Decimo
491 1756 669 1805 quarto,
713 1756 906 1805 propter
949 1752 1228 1805 temporalia
1271 1751 1390 1794 dicte
1436 1752 1648 1806 ecclesie,
1694 1751 1911 1805 quoniam

140 1821 259 1865 dicta
279 1823 479 1865 eeclesia
496 1835 638 1864 unum
658 1823 863 1865 notabile
886 1826 930 1865 et
950 1823 1377 1876 solempnissimum
1398 1826 1597 1865 castrum
1620 1823 1745 1866 sedis
1766 1824 1912 1865 archi-

140 1893 423 1946 episcopali-s
467 1893 807 1948 Lugdunensis,
854 1894 978 1946 quod
1022 1897 1233 1946 tempore
1278 1895 1439 1936 mortis
1487 1893 1693 1936 defuncti
1737 1893 1910 1936 domini

141 1964 479 2018 archiepiscopi
506 1967 606 2006 erat
628 1964 679 2006 >in
704 1964 922 2008 manibus
946 1964 1093 2018 ipsius
1119 1966 1274 2018 plene,
1302 1965 1496 2018 pacifice
1523 1969 1568 2008 et
1595 1965 1760 2018 libere,
1788 1964 1911 2018 quod

139 2037 294 2076 tamen
329 2047 451 2076 nunc
485 2039 556 2078 est
590 2035 637 2076 in
672 2036 889 2078 manibus
921 2035 1059 2077 unius
1094 2035 1320 2089 principis
1357 2036 1583 2078 secularis
1617 2039 1910 2089 monetaque,

141 2117 278 2158 quam
315 2106 693 2160 archiepiscopus
726 2106 899 2148 cudere
936 2106 1117 2148 solebat
1152 2107 1238 2148 sub
1274 2107 1461 2149 nomine
1498 2106 1624 2149 sedis
1661 2106 1911 2159 archiepis-

140 2176 331 2230 copalis,
371 2189 494 2218 nunc
533 2180 579 2219 et
621 2189 648 2219 a
687 2179 898 2230 tempore
938 2177 1191 2220 vacationis
1233 2176 1350 2219 dicte
1390 2177 1590 2219 ecclesie
1631 2176 1744 2219 citra
1787 2177 1910 2218 infra

140 2247 371 2290 civitatem
398 2247 580 2290 cuditur
610 2247 970 2301 Lugdunensem
1001 2248 1087 2290 sub
1116 2248 1304 2290 nomine
1334 2247 1476 2301 regio,
1507 2251 1670 2301 castra,
1703 2248 1911 2289 iurisdic-

139 2316 290 2360 tiones
321 2321 368 2361 et
398 2318 520 2361 bona
551 2318 699 2372 ipsius
731 2318 929 2361 ecclesie
962 2319 1008 2360 in
1040 2318 1170 2360 varia
1200 2322 1247 2361 et
1279 2318 1535 2361 fortissima
1565 2319 1715 2361 vicina
1747 2318 1911 2360 consti-

140 2388 274 2442 tuta‘)
309 2392 469 2441 patent
500 2389 714 2432 omnibus
746 2401 971 2442 occupare
1006 2389 1285 2442 volentibus,
1319 2389 1426 2442 quia
1459 2392 1608 2431 castra
1641 2389 1910 2431 indeffensa

142 2459 245 2500 leve
285 2462 445 2512 patent
485 2459 605 2501 hosti
645 2463 690 2502 et
730 2459 878 2502 dictus
919 2459 1120 2502 vicarius
1160 2460 1368 2513 episcopi
1407 2472 1579 2513 gerens
1619 2459 1910 2502 administra-

141 2528 319 2571 cioncm
355 2530 553 2572 ecclesie
590 2529 917 2584 Lugdunensis
953 2530 1151 2573 intendit
1187 2531 1301 2573 citra
1336 2530 1457 2572 facta
1494 2531 1702 2572 bursalia
1737 2533 1782 2572 et
1818 2542 1909 2571 non

142 2599 311 2642 iurium
337 2600 548 2653 ecclesie,
574 2601 792 2653 quoniam
818 2600 1028 2654 regimen
1053 2601 1196 2642 breve
1222 2613 1315 2643 non
1340 2601 1487 2654 parcit
1510 2601 1712 2654 populis.

260 2670 449 2712 Decimo
488 2671 662 2724 quinto,
704 2672 923 2724 quoniam
964 2671 1083 2713 dicta
1123 2672 1321 2713 ecclesia
1361 2674 1431 2714 est
1472 2671 1518 2712 in
1560 2671 1736 2713 finibus
1778 2671 1908 2723 regni

144 2740 336 2782 Francie
362 2740 542 2783 habens
569 2744 719 2784 castra
746 2741 947 2794 plurima
972 2741 1227 2784 fortissima
1255 2745 1300 2783 et
1327 2742 1372 2783 in
1401 2754 1545 2794 regno
1568 2744 1615 2783 et
1641 2741 1686 2782 in
1714 2741 1909 2793 imperio

142 2822 323 2852 necnon
357 2814 519 2864 portus
552 2815 600 2854 et
632 2812 848 2865 passagia
883 2824 1026 2864 super
1061 2811 1260 2854 diversis
1295 2812 1471 2865 grossis
1505 2815 1550 2852 et
1584 2810 1910 2863 navigantibus

143 2880 437 2924 fluminibus:
505 2894 627 2924 nunc
669 2885 822 2924 autem
866 2882 950 2924 hoc
992 2885 1202 2935 tempore
1244 2894 1534 2934 guerrarum,
1576 2881 1719 2934 proch
1763 2881 1908 2933 dolor,

248 2997 277 3026 a)
302 2995 456 3029 Folyende
481 2995 590 3023 ll'ortc
610 2996 810 3028 uudeutlz'ch3
834 2996 884 3023 ich
905 2995 965 3023 leae
986 2998 1062 3022 ante
1086 2995 1245 3030 precipui.
1321 2996 1352 3028 b)
1376 2996 1420 3022 lls
1443 2995 1601 3029 peculias.
1676 3002 1704 3027 c)
1725 2997 1764 3020 Su
1788 2995 1842 3019 lls.

259 3043 291 3087 1)
320 3043 466 3086 Greyor
489 3041 534 3079 X.
559 3043 607 3079 ist
634 3043 764 3079 bisher
789 3043 890 3079 nicht
914 3045 1092 3087 yenannt.
