2227 3434
498 163 542 200 A.
582 163 780 200 Fillastres
809 163 925 201 Gesta
952 165 1103 202 concilii
1129 165 1443 202 Constantiensis.
1800 168 1855 210 15

89 284 213 338 apud
234 297 355 337 eum,
378 284 502 337 quod
524 285 649 327 misit
673 285 731 327 ad
755 297 860 326 eum
886 284 1096 339 Cumasss)
1123 285 1170 326 in
1193 285 1347 328 Ytalia
1370 285 1634 328 cardinales
1658 286 1714 327 de
1739 286 1854 329 Cha-

88 356 220 398 lanco
246 359 291 398 et
318 356 638 398 Florentinum
664 368 766 397 cum
792 358 1020 409 potestate
1048 356 1252 409 eligendi
1280 357 1429 398 locum
1456 359 1501 398 et
1526 360 1709 409 tempus
1735 357 1854 398 cele-

87 426 255 469 brandi
275 426 518 469 concilium
538 427 596 468 de
617 426 812 468 consilio
832 429 878 468 et
898 439 1130 468 consensu
1151 427 1259 468 dicti
1281 427 1418 480 regis.
1453 428 1508 470 Et
1527 427 1588 469 ita
1609 428 1854 481 elegerunt

86 497 401 541 Constantiam
440 500 485 539 et
522 497 646 539 diem
682 497 990 539 kalendarum
1029 497 1302 540 Novembris
1341 498 1450 539 anni
1488 498 1706 540 milesimi
1745 511 1854 551 qua-

86 567 439 621 dringentesimi
470 567 635 609 decimi
669 566 862 622 quarti¹¹)
898 571 943 610 et
973 568 1273 621 pontificatus
1307 568 1518 610 eiusdem
1552 569 1594 610 d.
1627 569 1854 610 Johannis

86 638 233 692 quinti
273 642 627 691 statueruntque
669 651 771 680 cum
813 651 924 691 rege
967 639 1090 680 diem
1133 639 1181 680 in
1223 651 1385 680 mense
1427 639 1701 681 Novembris
1744 639 1853 681 anni

85 709 252 751 decimi
274 709 410 761 tertii,
432 722 523 762 quo
543 722 665 762 papa
685 712 730 751 et
752 709 875 750 idem
898 722 983 751 rex
1004 710 1308 751 convenirent
1330 710 1376 750 in
1399 709 1581 751 civitate
1604 710 1852 752 Laudensi.

86 780 140 822 Et
162 780 225 822 ita
249 783 567 822 convenerunt
591 793 693 822 cum
717 780 932 822 omnibus
957 780 1288 833 cardinalibus,
1315 780 1472 833 ibique
1497 793 1619 833 papa
1644 782 1690 822 in
1715 793 1854 834 gene-

85 851 173 894 rali
194 851 469 894 consistorio
493 863 603 904 rege
626 854 848 904 presente
871 851 1094 904 generale
1119 851 1204 892 hoc
1227 851 1469 892 concilium
1496 851 1851 893 Constantiense

85 922 144 965 ad
168 922 398 965 kalendas
424 922 659 975 predictas
686 922 892 963 decrevit
917 922 1262 964 convocandum
1289 925 1335 964 et
1361 922 1627 964 convocavit
1653 922 1853 964 decretis

84 993 253 1036 litteris
279 993 546 1046 apostolicis
572 1005 714 1046 super
739 993 838 1046 hoc,
864 1005 1059 1045 quarum
1084 995 1219 1034 tenor
1243 993 1351 1035 talis
1376 996 1463 1034 est:
1504 993 1743 1035 Johannes
1770 1027 1778 1035 .
1806 1027 1814 1035 .
1843 1026 1851 1035 .

82 1064 155 1106 Ad
185 1064 388 1106 futuram
419 1064 488 1106 rei
519 1064 804 1106 memoriam.
847 1064 920 1105 Ad
949 1064 1151 1117 pacem¹)
1187 1097 1196 1105 .
1232 1101 1239 1107 .
1276 1097 1284 1106 .
1330 1064 1438 1106 Post
1468 1064 1586 1105 hanc
1618 1064 1851 1105 decretam

83 1135 458 1178 convocationem
496 1135 677 1177 concilii
715 1147 837 1188 papa
875 1147 977 1176 cum
1016 1147 1100 1176 sua
1138 1134 1266 1176 curia
1305 1135 1351 1176 in
1389 1134 1617 1187 principio
1656 1135 1852 1187 quadra-

82 1206 258 1260 gesime
285 1207 425 1248 rediit
452 1206 707 1248 Bononiam
735 1209 780 1247 et
806 1206 854 1247 in
880 1218 1041 1247 mense
1070 1206 1265 1258 Augusti
1294 1208 1519 1258 sequente
1547 1209 1755 1248 mortuus
1782 1208 1852 1247 est

83 1277 329 1322 Ladislaus
354 1290 550 1330 regnum
575 1277 731 1320 Sicilie
758 1280 943 1329 tenens;
972 1276 1064 1329 qui,
1091 1279 1139 1318 ut
1165 1276 1418 1329 prefertur,
1446 1277 1636 1318 Romam
1664 1279 1851 1329 ceperat

83 1352 128 1391 et
151 1348 280 1391 illam
305 1361 408 1390 cum
432 1351 525 1390 toto
549 1348 828 1401 patrimonio
853 1351 898 1389 et
923 1347 1062 1389 terris
1087 1347 1299 1400 ecclesie,
1324 1348 1574 1400 presertim
1599 1347 1646 1388 in
1672 1347 1851 1399 Tuscia,

86 1420 288 1462 Marchia
324 1423 369 1462 et
407 1419 701 1473 Campaniac)
741 1418 1007 1472 occupabat.
1057 1418 1254 1471 Propter
1291 1418 1415 1471 quod
1451 1418 1575 1459 idem
1613 1418 1655 1459 d.
1691 1421 1851 1459 noster

82 1503 204 1545 papa
221 1491 462 1533 Johannes
480 1490 653 1532 XXIII.
674 1491 819 1532 voluit
840 1490 970 1532 adire
991 1489 1166 1531 Urbem
1188 1489 1246 1531 ad
1266 1489 1395 1531 illam
1416 1492 1461 1530 et
1480 1492 1632 1530 terras
1652 1488 1849 1530 ecclesie

82 1560 485 1617 recuperandas.<1)
536 1561 629 1604 Sed
665 1560 929 1603 cardinales
967 1561 1237 1612 sentientes,
1275 1559 1412 1613 quod,
1449 1560 1489 1601 si
1526 1560 1636 1601 illuc
1673 1559 1847 1612 irent,⁰)

80 1645 173 1675 non
198 1635 550 1675 reverterentur
574 1632 632 1674 ad
657 1632 901 1674 concilium
926 1635 971 1673 et
996 1631 1119 1673 idem
1143 1630 1387 1672 concilium
1412 1643 1506 1672 non
1531 1630 1671 1672 fieret
1694 1642 1848 1682 neque

80 1707 410 1758 procuraretur
434 1703 544 1746 unio
569 1707 615 1745 et
641 1703 914 1745 reformatio
939 1702 1152 1755 ecclesie,
1178 1701 1303 1744 unde
1329 1714 1451 1754 pene
1480 1704 1695 1744 secutura
1720 1701 1850 1743 time-

81 1775 217 1818 batur
260 1788 426 1829 magna
469 1774 666 1817 ecclesie
711 1773 976 1826 destructio,
1019 1773 1204 1815 fortiter
1246 1773 1519 1814 restiterunt
1561 1775 1606 1814 et
1648 1769 1844 1825 omnesf)

80 1846 369 1889 concorditer
391 1847 660 1888 institerunt
682 1845 840 1887 verbis
863 1847 909 1886 et
933 1844 1130 1897 scriptis,
1155 1843 1279 1896 quod
1301 1843 1494 1896 negocia
1519 1842 1780 1895 spiritualia
1803 1845 1849 1884 et

79 1917 408 1970 ecclesiastica,
432 1916 650 1958 videlicet
673 1915 917 1958 concilium
941 1917 1100 1968 ageret
1125 1915 1172 1956 in
1195 1926 1413 1967 persona,
1436 1913 1712 1966 temporalia
1737 1925 1849 1954 vero

79 2000 166 2041 per
188 1988 386 2031 vicarios
410 1990 456 2030 et
479 1988 670 2040 legatos.
707 1986 896 2039 Quibus,
921 1985 1027 2028 licet
1051 1998 1145 2028 non
1169 1985 1386 2038 libenter,
1411 1984 1585 2027 annuit.
1622 1985 1677 2026 Et
1699 1984 1848 2037 prima

81 2060 156 2102 die
177 2059 387 2102 Octobris
410 2059 468 2100 de
490 2058 698 2100 Bononia
720 2057 808 2099 iter
829 2057 950 2110 cepit
971 2057 1030 2099 ad
1052 2049 1383 2099 Constantiam.
1418 2056 1673 2097 Transiens
1695 2057 1847 2097 autem

79 2142 165 2183 per
199 2130 438 2172 Meronam
471 2128 660 2182 opidum
694 2128 824 2171 ducis
855 2128 1043 2170 Austrie
1080 2127 1318 2169 Frederici
1350 2126 1526 2180 pepigit
1559 2125 1623 2167 ibi
1657 2138 1758 2167 cum
1792 2138 1848 2166 eo

79 2200 235 2254 fedus;
263 2204 309 2243 et
337 2200 651 2243 mediantibus
677 2199 889 2253 pecuniis
918 2199 1041 2240 idem
1070 2198 1164 2240 dux
1192 2197 1403 2251 promisit
1433 2197 1522 2239 sibi
1552 2197 1847 2239 securitatem

80 2272 219 2315 etiam
244 2272 291 2314 in
319 2271 589 2314 Constantia
615 2273 661 2312 et
687 2271 819 2312 illum
844 2273 1007 2312 tenere
1035 2281 1250 2311 securum
1276 2271 1321 2310 et
1348 2268 1563 2321 liberum,
1590 2270 1635 2309 et
1663 2266 1848 2320 quando

79 2343 235 2396 vellet,
258 2355 364 2385 eum
386 2345 520 2385 extra
544 2341 860 2384 Constantiam
882 2353 1060 2394 ponere
1084 2343 1129 2382 et
1151 2343 1314 2382 tenere
1338 2351 1553 2381 securum
1576 2341 1622 2380 et
1645 2338 1846 2379 liberum

78 2417 236 2457 contra
268 2414 485 2468 omnes,g)
522 2415 659 2466 prout
689 2412 775 2454 hec
807 2412 931 2453 idem
964 2411 1006 2453 d.
1039 2413 1199 2453 noster
1232 2422 1354 2463 papa
1386 2412 1549 2463 postea
1583 2408 1765 2462 aperuit
1798 2408 1845 2449 in

77 2484 359 2538 Constantia,
381 2487 430 2526 ut
451 2484 498 2525 in
522 2483 827 2536 sequentibus
850 2482 1109 2535 apparebit.
1144 2482 1214 2523 Ex
1235 2493 1326 2534 quo
1349 2481 1440 2522 iam
1462 2479 1693 2533 perpendi
1716 2482 1842 2532 pote-

76 2559 159 2610 rat,
184 2556 308 2610 quod
331 2555 455 2597 idem
481 2555 523 2597 d.
548 2567 671 2608 papa
694 2566 787 2596 non
814 2553 995 2596 sincero
1021 2553 1176 2595 animo
1199 2550 1476 2605 procederet
1501 2551 1559 2593 ad
1583 2550 1840 2592 concilium.

191 2626 277 2669 Die
305 2629 458 2669 autem
484 2624 727 2677 dominica,
753 2624 875 2667 festo
901 2623 1114 2677 Symonis
1141 2625 1186 2665 et
1211 2622 1346 2675 Jude‚
1373 2621 1588 2664 XXVIII.
1616 2620 1840 2672 Octobris,

75 2696 118 2739 d.
137 2695 339 2751 nosterh)
364 2709 486 2750 papa
507 2709 608 2742 cum
631 2695 924 2738 solemnitate
946 2694 1132 2736 intravit
1154 2693 1492 2745 Constanciam,
1514 2695 1559 2734 et
1581 2693 1671 2733 iam
1694 2691 1840 2744 appli-

74 2771 267 2811 cuerunt
295 2768 574 2821 cardinales,
603 2770 649 2809 et
675 2766 763 2808 fuit
791 2767 838 2808 in
867 2766 1003 2808 domo
1030 2764 1287 2818 episcopali
1314 2764 1588 2816 hospitatus.

190 2899 221 2928 a)
242 2896 270 2922 B
293 2894 412 2922 curias.
467 2895 501 2923 b)
524 2896 551 2921 B
571 2893 686 2928 quinti,
707 2895 818 2927 opiner
841 2892 904 2920 alle
929 2891 1048 2926 quarti.
1111 2895 1139 2924 c)
1170 2892 1198 2917 B
1218 2890 1298 2924 fehlt
1318 2889 1440 2917 March.
1461 2891 1494 2916 et
1515 2889 1623 2923 Camp.
1681 2888 1712 2916 ‹l›
1747 2895 1782 2914 so
1805 2888 1845 2921 C,-

78 2941 106 2968 Β
124 2941 341 2976 recipiendas.
398 2947 426 2973 e)
450 2942 473 2969 0
489 2942 553 2969 iret
573 2949 634 2968 aus
657 2941 890 2968 reverteretur.
946 2939 972 2972 f)
1005 2938 1085 2972 fehlt
1102 2939 1138 2965 B.
1194 2942 1226 2971 g)
1248 2939 1277 2964 1)
1298 2937 1379 2971 fehlt
1409 2938 1443 2964 et
1470 2935 1600 2970 qnando
1634 2956 1638 2961 .
1666 2955 1671 2961 .
1696 2955 1701 2961 .
1734 2942 1846 2961 omnes

85 2987 124 3023 hj
141 2990 173 3022 C',
187 2989 217 3016 D
230 2989 315 3016 idem
331 2989 414 3017 dom.
428 2996 522 3024 papa.

198 3049 231 3093 ¹)
257 3050 378 3085 Hardl
409 3049 468 3092 VI,
490 3050 531 3092 9;
558 3049 684 3084 Mansi
706 3047 866 3090 XXVII,
889 3048 968 3083 537.
