2227 3434
258 133 296 170 C.
337 135 415 170 Der
438 134 679 170 literarische
706 133 848 177 Kampf
873 143 935 168 um
963 133 1027 168 die
1052 132 1226 177 Stellung
1251 133 1320 167 des
1347 131 1506 189 Papstes
1531 143 1616 166 zum
1645 132 1790 167 Konzil.
1824 132 1906 175 721

140 253 403 306 providere.
447 252 493 295 Si
526 265 637 294 vero
666 252 885 294 motivum
914 263 1036 305 pape
1067 263 1160 293 non
1190 251 1313 293 foret
1343 250 1629 293 racionabile
1658 254 1704 293 et
1735 250 1910 292 delibe-

141 325 266 366 racio
305 323 486 366 concilii
528 324 649 366 for-et
687 335 793 365 esse
833 322 1114 375 necessaria,
1154 322 1397 364 concilium
1439 321 1658 363 iudicium
1698 324 1745 363 et
1783 321 1909 362 diffi-

142 393 371 435 nicionem
401 406 458 436 eo
487 406 595 436 casu
626 393 802 435 habere
833 393 975 436 debet
1000 397 1046 435 et
1076 405 1168 435 non
1198 404 1334 445 papa.
1378 392 1433 434 Et
1461 395 1581 446 tunc,
1610 395 1660 434 ut
1688 404 1747 433 ex
1777 390 1910 433 dictis

141 468 280 518 patet,
310 477 431 518 papa
463 465 562 517 ipse
591 477 685 506 non
715 464 917 517 legitime
947 463 1192 516 resideret,
1223 475 1501 516 quamquam
1530 462 1734 516 legitime
1764 463 1910 515 presi-

141 535 287 578 deret.
332 535 443 577 Ideo
469 534 733 587 proposicio
760 535 841 576 illa
868 534 926 575 de
955 535 1170 586 copulato
1195 536 1405 575 extremo
1434 536 1503 575 est
1532 533 1781 586 diligenter
1807 545 1910 574 con-

142 605 408 660 sideranda,
440 605 656 647 videlicet
688 617 840 658 „papa
872 604 1076 657 legitime
1109 604 1379 657 presidente
1413 608 1457 646 et
1489 603 1770 646 residente“.

259 675 431 727 Quarta
454 688 558 718 mea
583 675 788 718 assercio
811 676 900 718 fuit
924 675 1028 717 ista:
1068 675 1223 717 Gladii
1250 699 1275 717 .-
1293 709 1302 717 .
1338 708 1346 717 .
1371 675 1648 729 generale.¹)
1692 675 1786 717 Ista
1808 686 1911 727 pro-

142 746 319 800 posicio
345 747 557 799 sequitur
584 759 643 788 ex
670 746 821 799 prima
846 749 894 787 et
920 746 1065 788 tercia
1093 745 1453 799 assercionibus,
1482 745 1714 799 quoniam,
1740 745 1781 787 >si
1810 757 1912 786 con-

143 818 298 860 cilium
319 830 413 860 non
435 817 577 860 habet
594 817 925 858 execucionem
948 817 1190 870 potestatis
1213 816 1435 870 predicte,
1458 816 1550 858 nisi
1570 816 1769 858 ecclesia
1791 828 1912 869 papa

143 891 331 931 carente
354 892 431 932 aut
453 888 555 941 ipso
578 888 868 941 illegitimato
891 888 964 929 vel
988 887 1214 940 deposito,
1238 887 1462 940 sequitur,
1486 887 1609 940 quod
1630 899 1715 928 nec
1740 888 1787 928 in
1810 888 1912 940 ipso

143 959 337 1001 concilio
373 962 443 1001 est
480 958 709 1000 diffinicio
747 959 820 1000 vel
858 957 1204 1010 determinacio,
1238 970 1343 999 cum
1380 958 1473 1000 sint
1507 961 1635 1000 actus
1668 957 1912 999 executivi.

143 1029 240 1072 Hec
263 1030 471 1072 doctrina
494 1034 565 1072 est
587 1029 733 1071 sancti
755 1029 944 1082 Thome,
965 1041 1026 1070 ex
1048 1028 1312 1070 intencione
1337 1028 1375 1072 2.
1401 1028 1441 1070 2.
1466 1041 1507 1082 q.
1532 1028 1695 1081 prima,
1718 1029 1913 1071 articulo

143 1101 203 1154 4¹¹,
224 1101 303 1142 ubi
323 1101 465 1143 habet
481 1112 569 1153 -pro
589 1099 908 1153 fundamento,
930 1100 1053 1152 quod
1072 1099 1224 1141 edicio
1244 1099 1429 1142 simboli
1448 1103 1496 1141 et
1516 1100 1698 1152 questio
1718 1099 1833 1140 fidei
1855 1099 1912 1140 de

144 1170 240 1213 fide
267 1175 431 1214 exorta
456 1171 554 1213 sive
583 1170 676 1213 alia
703 1182 992 1223 quecunque,
1021 1183 1109 1223 que
1139 1170 1197 1212 ad
1224 1173 1364 1212 totam
1392 1170 1637 1212 ecclesiam
1664 1169 1914 1223 pertinent,

144 1242 200 1284 ad
227 1243 374 1285 solam
401 1241 718 1284 auctoritatem
745 1242 911 1284 summi
937 1240 1174 1294 pontificis
1200 1244 1423 1293 spectant.

261 1312 317 1356 Et
349 1313 387 1356 si
421 1312 612 1365 dicatur,
646 1312 769 1365 quod
802 1313 849 1353 in
881 1311 1023 1365 gestis
1055 1312 1206 1365 prIme
1239 1311 1475 1364 Ephesine
1510 1311 1675 1365 sinodi,
1708 1312 1915 1364 perlecto

145 1383 344 1426 simbolo
378 1383 533 1425 sinodi
570 1383 755 1437 Nicene,
796 1382 1002 1424 decrevit
1040 1385 1198 1424 sancta
1237 1382 1442 1435 synodus
1480 1382 1566 1425 sub
1607 1382 1915 1425 anathematis

145 1466 281 1507 pena,
307 1454 445 1496 aliam
470 1453 617 1495 fidem
641 1453 759 1495 nulli
785 1454 946 1495 liceret
969 1453 1186 1506 proferre
1212 1454 1287 1494 vel
1312 1453 1608 1495 conscribere
1635 1453 1710 1494 vel
1736 1465 1916 1506 compo-

145 1537 259 1567 nere
294 1529 454 1578 preter
489 1524 790 1566 diffinitivam
825 1537 851 1566 a
887 1524 1073 1577 sanctis,
1109 1524 1187 1577 qui
1222 1524 1269 1565 in
1304 1523 1476 1566 Nicena
1508 1524 1775 1577 congregati
1811 1526 1916 1566 sunt

146 1595 312 1649 spiritu
344 1598 518 1649 sancto,
553 1598 599 1638 et
633 1595 756 1637 idem
791 1595 1041 1637 reiteratur
1075 1595 1123 1636 in
1156 1595 1300 1648 gestis
1337 1594 1701 1637 Calcedonensis
1737 1594 1916 1647 synodi,

146 1666 400 1720 respondet
421 1669 606 1708 sanctus
630 1666 800 1718 doctor,
825 1665 948 1719 quod
968 1666 1076 1708 talis
1097 1665 1357 1718 prohibicio
1380 1677 1429 1708 se
1452 1665 1664 1708 extendit
1685 1666 1834 1708 solum
1856 1665 1915 1707 ad

145 1737 352 1790 pr1vatas
378 1749 620 1790 personas,
649 1733 844 1789 quarum
871 1749 964 1778 non
991 1739 1061 1778 est
1089 1736 1402 1778 determinare
1430 1736 1488 1778 de
1516 1735 1628 1778 fide.
1666 1736 1766 1778 Non
1793 1735 1916 1777 enim

144 1820 229 1860 per
262 1807 528 1850 huiusmodi
562 1807 839 1851 sententiam
875 1807 1134 1849 sinodalem
1170 1807 1324 1849 ablata
1358 1811 1428 1850 est
1461 1810 1668 1860 potestas
1702 1807 1916 1860 sequenti

145 1878 311 1921 sinodo
341 1890 508 1920 novam
538 1877 799 1920 edicionem
831 1877 1016 1920 simboli
1047 1877 1220 1930 facere,
1252 1890 1346 1920 non
1378 1877 1567 1930 quide-m
1599 1878 1738 1920 aliam
1771 1877 1915 1919 fidem

146 1949 472 2002 continentem,
515 1953 585 1991 set
626 1949 824 1991 eandem
868 1949 1014 2002 magis
1056 1948 1316 2001 expositam
1358 1951 1549 2002 propter
1590 1948 1916 1991 necessitatem

146 2019 341 2062 alicuius
362 2020 546 2062 heresis
565 2020 864 2073 insurgentis.
902 2019 1043 2061 Multo
1062 2031 1173 2072 ergo
1194 2019 1347 2062 minus
1367 2019 1546 2061 auferri
1564 2022 1717 2072 potest
1736 2031 1916 2061 summo

145 2090 370 2144 pontifici,
407 2090 538 2133 cuius
575 2091 844 2132 auctoritate
885 2090 1076 2132 sinodus
1115 2093 1421 2143 congregatur
1459 2093 1503 2132 et
1539 2090 1641 2132 eius
1679 2089 1915 2132 sentencia

146 2160 463 2204 confirmatur.
508 2160 619 2202 Item
645 2160 686 2203 4.
715 2160 1052 2202 sententiarum
1079 2160 1137 2202 di.
1165 2160 1363 2202 XXIIII.
1392 2173 1466 2213 qu.
1494 2160 1534 2202 2.
1560 2164 1608 2202 et
1635 2164 1718 2203 art.
1745 2160 1784 2205 3.
1812 2172 1917 2213 pro-

147 2231 282 2274 batur
323 2232 470 2274 eciam
514 2243 573 2273 ex
615 2231 893 2284 intencione,
938 2231 1061 2284 quod
1103 2234 1310 2284 potestas
1348 2243 1472 2284 pape
1513 2231 1562 2272 in
1602 2231 1803 2273 ecclesia
1845 2234 1915 2273 est

146 2313 365 2354 suprema
390 2305 436 2344 et
461 2302 609 2354 ipsius
636 2301 780 2344 solius
806 2305 877 2344 est
902 2301 1169 2354 disponere,
1197 2301 1402 2343 iudicare
1427 2305 1474 2344 et
1501 2302 1809 2355 sentenciare,
1835 2301 1915 2343 ubi

146 2372 291 2414 eciam
326 2371 632 2415 introducitur
666 2372 836 2414 dictum
873 2372 1022 2414 Cirilli
1057 2372 1367 2414 Alexandrini
1403 2372 1610 2426 episcopi
1646 2406 1655 2414 .
1691 2406 1699 2414 .
1735 2405 1758 2425 .,
1794 2372 1916 2425 quod

147 2446 218 2485 est
270 2442 379 2496 tale,
431 2446 482 2485 ut
535 2443 745 2485 membra
800 2455 1071 2485 maneamus
1126 2442 1174 2484 in
1231 2443 1379 2496 capite
1435 2445 1608 2496 nostro,
1663 2443 1916 2496 apostolico

145 2513 325 2568 throno,
349 2513 661 2556 Romanorum
686 2513 922 2567 pontifice,
948 2526 975 2556 a
999 2526 1091 2566 quo
1114 2516 1322 2556 nostrum
1349 2516 1418 2556 est
1443 2525 1658 2567 querere,
1684 2513 1796 2566 quid
1820 2525 1915 2555 cre-

148 2583 275 2636 dere,
299 2583 409 2637 quid
433 2587 595 2626 tenere
622 2584 891 2636 debeamus,
916 2585 1067 2637 ipsum
1091 2587 1386 2636 venerantes,
1412 2585 1564 2637 ipsum
1589 2587 1807 2638 rogantes
1830 2596 1915 2636 pre

146 2654 375 2707 omnibus,
410 2654 629 2707 quoniam
666 2655 814 2707 ipsius
848 2654 996 2697 solius
1031 2658 1102 2697 est
1137 2654 1504 2708 reprehendere,
1540 2655 1790 2707 corrigere,
1826 2657 1914 2696 sta-

146 2726 293 2777 tuere,
317 2723 583 2778 disponere,
609 2725 792 2767 solvere
817 2729 861 2767 et
887 2725 1048 2778 ligare,
1072 2725 1171 2767 loco
1196 2725 1357 2778 ipsius,
1381 2725 1461 2777 qui
1487 2725 1637 2777 ipsum
1662 2724 1913 2776 edificavit,

146 2797 190 2836 et
221 2795 344 2847 quod
374 2807 505 2837 suum
537 2798 620 2847 est,
650 2795 767 2837 nulli
799 2795 877 2837 alii
907 2795 1113 2848 plenum,
1144 2799 1215 2837 set
1245 2795 1332 2848 ipsi
1364 2795 1450 2837 soli
1480 2795 1620 2847 dedit,
1650 2795 1721 2836 cusi
1753 2806 1913 2852 omnes

147 2864 305 2907 divino
324 2864 428 2907 iure
445 2865 596 2918 capud
617 2866 854 2918 inclinant,
875 2869 919 2907 et
939 2866 1164 2918 primates
1182 2865 1342 2907 mundi
1364 2868 1595 2917 tamquam
1617 2865 1706 2917 ipsi
1726 2864 1913 2906 domino

265 3016 297 3059 ¹)
335 3015 409 3060 Vyl.
438 3015 547 3051 oben.

217 3094 358 3130 Finke,
377 3095 460 3123 Acta
480 3095 615 3123 concilil
637 3094 915 3124 Constanciensis.
934 3095 974 3122 Π.
1645 3085 1702 3125 46
