2227 3434
679 151 769 186 1416
798 151 943 195 August
971 152 993 186 9
1021 173 1062 176 -—
1093 151 1239 196 August
1269 152 1322 186 15.
1533 196 1535 198 q
1796 155 1881 196 459

117 267 162 309 in
190 271 234 310 te
262 272 306 311 et
330 268 680 311 circumdabunt
708 272 750 310 te
781 269 953 311 inimici
981 269 1045 312 tui
1072 270 1196 311 vallo
1226 304 1233 311 .
1270 304 1277 311 .
1314 304 1321 311 .
1351 274 1395 312 et
1422 283 1514 312 non
1544 271 1809 323 relinquent
1837 271 1881 312 in

116 341 160 380 te
187 338 390 392 lapidem
416 352 558 393 super
583 339 787 392 lapidem
815 373 822 381 .
859 373 867 382 .
903 374 911 382 .

233 409 332 452 Hiis
365 409 497 452 dictis
529 410 650 452 alma
683 414 830 452 mater
865 411 1020 453 verbis
1056 411 1336 454 universalis
1370 412 1567 454 ecclesia
1601 425 1701 453 curn
1738 413 1805 454 ira
1840 416 1883 453 et

116 479 276 522 furore
303 480 526 522 laudabili
554 481 747 523 recessit
770 484 814 522 et
839 480 1080 533 disparuit.
1119 482 1285 524 Anima
1312 486 1463 524 autem
1489 482 1653 525 devota
1681 483 1883 524 lacrimis

116 549 304 603 irrigata
337 562 620 603 permanens
656 551 788 593 dixit:
839 585 847 593 .
884 585 891 593 .
928 586 935 593 .
983 552 1248 595 Reformate
1285 556 1460 595 vosmet
1495 554 1622 606 ipsos
1656 553 1805 606 primo
1840 557 1884 594 et

115 621 382 675 exemplum
413 622 518 665 aliis
549 622 668 675 date,
699 626 760 674 ut,
791 622 1179 675 quemadmodum
1210 627 1255 665 et
1285 637 1365 665 vos
1397 624 1561 676 facitis,
1594 624 1681 677 ipsi
1713 625 1884 666 faciant

115 695 198 733 etc.
244 691 460 745 Consulo,
495 694 684 745 requiro
717 697 761 735 et
793 696 1024 746 protestor
1057 707 1142 746 per
1175 694 1353 736 viscera
1388 694 1703 737 miserIcordie
1738 695 1882 737 -Jhesu

115 762 285 805 Christi
319 796 327 804 .
363 796 372 805 .
408 797 416 806 .
450 763 528 816 qui
561 764 609 805 in
639 764 843 806 trinitate
876 764 1086 817 perfecta
1120 769 1282 817 regnat
1314 777 1400 818 per
1433 767 1586 807 secula
1622 767 1882 808 seculorum

115 832 388 876 benedictus
415 833 580 877 Amen.

115 974 295 1029 August
331 976 395 1019 15.
434 1002 482 1006 -—
519 976 788 1017 „lacobus
830 976 897 1018 de
942 975 1203 1028 Camplo.

238 1057 263 1090 Τ
278 1059 362 1091 ezel
383 1067 393 1090 .·
431 1057 492 1090 Miz
522 1058 630 1091 1:542]
653 1057 678 1100 Ῐ.
702 1058 788 1095 248.-
812 1058 880 1091 Pal
902 1060 970 1092 5113
991 1058 1017 1101 Ῐ.
1039 1060 1126 1099 335‚·
1152 1058 1213 1091 Sto
1236 1060 1281 1093 33
1302 1059 1328 1101 Ῑ’.
1351 1060 1436 1097 296,-
1474 1058 1519 1092 l‘e
1543 1058 1606 1099 11’,
1631 1059 1708 1093 23].

235 1115 487 1158 Positus
535 1119 628 1158 e'st
677 1116 943 1158 thronus
981 1117 1162 1159 matri
1213 1116 1409 1169 regis,
1449 1129 1561 1169 que
1612 1116 1777 1158 sedit
1827 1116 1885 1157 in

116 1185 380 1229 dextera
419 1198 444 1227 e
462 1187 472 1228 i
491 1200 517 1228 u
535 1200 569 1228 s.
609 1186 786 1240 Scripta
816 1191 921 1229 sunt
946 1188 1030 1229 hec
1057 1188 1201 1230 verba
1229 1188 1518 1241 originaliter
1545 1188 1674 1229 tercii
1702 1188 1810 1240 Reg.
1842 1187 1885 1228 ΙΙ

114 1257 316 1310 capitulo
345 1291 353 1299 .
389 1291 398 1299 .
433 1292 442 1300 .

235 1329 400 1371 Fateor
424 1329 643 1382 primum,
674 1330 1056 1372 reverendissimi
1086 1330 1430 1382 reverendique
1461 1333 1632 1382 patres,
1661 1333 1706 1371 et
1735 1328 1887 1371 erudi-

116 1399 282 1441 tissimi
317 1399 419 1452 viri‚
455 1400 577 1452 quod
610 1404 801 1453 propter
837 1400 1167 1442 sublimitatem
1203 1400 1296 1443 diei
1331 1401 1483 1452 huius,
1519 1400 1735 1442 videlicet
1769 1400 1887 1441 cele-

118 1470 320 1513 berrime
354 1470 621 1516 festivitatis
657 1471 995 1524 assumpcionis
1034 1472 1175 1513 Marie
1212 1475 1256 1513 et
1292 1472 1562 1513 auctoritate
1597 1471 1734 1513 huius
1769 1470 1887 1513 sacri

118 1542 298 1584 concilii
340 1542 590 1595 generalis,
633 1555 769 1595 quam
812 1543 857 1583 in
897 1544 1037 1585 terris
1079 1555 1343 1596 supremam
1386 1542 1540 1595 posuit
1580 1546 1625 1584 et
1666 1541 1887 1584 stabilivit

117 1612 384 1666 altissimus,
419 1614 568 1655 virum
605 1613 749 1656 eciam
786 1613 999 1655 sublimis
1035 1613 1234 1655 sciencie
1270 1617 1315 1655 et
1351 1614 1634 1655 auctoritatis
1671 1612 1888 1666 exigebat

117 1683 381 1736 predicacio
407 1697 619 1737 presens.
661 1685 857 1738 Propter
886 1685 1008 1737 quod
1037 1685 1103 1725 illi
1135 1684 1432 1726 devotissime
1461 1685 1698 1737 provisum
1728 1683 1888 1725 extite-

118 1758 187 1797 rat
213 1755 271 1797 de
297 1755 482 1797 doctore
509 1755 817 1798 celeberrimo
843 1759 888 1797 et
914 1756 988 1808 qui
1020 1757 1065 1796 in
1090 1756 1363 1808 theologicis
1388 1755 1530 1797 rebus
1555 1759 1599 1797 et
1625 1754 1887 1796 constancia

118 1826 401 1879 predicande
441 1827 650 1868 veritatis
691 1827 847 1868 mirari
888 1826 1047 1879 pocius
1087 1839 1223 1878 quam
1265 1826 1432 1868 imitari
1475 1825 1651 1867 sufficit
1690 1838 1888 1878 presens

117 1900 231 1950 etas,
279 1897 676 1940 reverendissimo
724 1898 843 1950 patri
891 1897 1078 1939 domino
1122 1897 1347 1939 cardinali
1398 1896 1737 1939 Cameracensi.
1798 1895 1887 1938 Sed

117 1968 274 2020 gravis
299 1967 548 2011 infirmitas
575 1969 845 2021 corporalis,
871 1969 956 2021 cui,
982 1968 1089 2009 dum
1118 1967 1403 2021 langwemus
1430 1968 1589 2020 pocius
1616 1980 1752 2020 quam
1780 1967 1888 2008 vivi-

119 2051 233 2092 mus,
265 2039 309 2080 in
339 2051 532 2092 corpore
564 2039 722 2081 mortis
751 2039 888 2082 huius
917 2052 1002 2092 per
1031 2039 1330 2092 fragilitatem
1361 2038 1644 2081 condicionis
1672 2039 1888 2089 humane,

118 2110 259 2163 proch
297 2109 443 2163 dolor,
482 2110 735 2153 subicimur
773 2123 948 2162 omnes,
986 2110 1184 2152 eundern
1226 2110 1671 2151 reverendissimum
1709 2112 1887 2162 patrem

118 2181 274 2224 valida
308 2184 355 2223 et
388 2181 590 2223 estuanti
626 2181 760 2223 febre
798 2181 1033 2234 corripuit,
1070 2181 1348 2224 facissentes
1385 2180 1669 2233 nimiumque
1707 2179 1889 2221 debiles

120 2254 248 2294 artus
284 2252 454 2294 lectulo
489 2252 642 2294 iacere
677 2252 824 2305 coegit
860 2264 943 2293 nec
980 2252 1128 2293 adhuc
1165 2251 1276 2294 satis
1312 2251 1507 2304 pristine
1545 2251 1784 2293 restitutus
1821 2253 1889 2292 est

120 2322 318 2364 sanitati.
366 2322 565 2364 Proinde
599 2323 807 2375 nequivit
841 2326 1104 2376 susceptum
1138 2335 1401 2364 sermonem
1434 2321 1564 2364 sicud
1597 2321 1890 2374 disposuerat

120 2393 381 2435 exsolvere.
417 2393 591 2436 Verum
615 2406 673 2435 ne
698 2397 788 2435 tam
813 2394 965 2436 fausta
990 2393 1089 2435 dies
1113 2397 1157 2434 et
1181 2392 1488 2435 celeberrima
1513 2392 1668 2434 concio
1691 2404 1888 2445 presens

120 2464 307 2506 omnino
338 2464 661 2516 predicacione
693 2467 920 2516 carerent,
953 2464 1083 2506 iussit
1116 2463 1510 2505 reverendissima
1543 2463 1812 2516 paternitas,
1844 2465 1889 2503 ut

120 2534 340 2577 absencia
386 2568 394 2576 .
431 2569 438 2576 .
475 2569 482 2576 .
531 2534 657 2577 illius
703 2547 804 2577 mea
853 2569 860 2576 .
897 2569 904 2576 .
941 2569 949 2576 .
994 2535 1210 2576 iuventus
1259 2569 1266 2576 .
1303 2569 1310 2575 .
1347 2569 1355 2575 .
1403 2534 1887 2586 recompensacionem

121 2605 364 2658 suppleret
395 2638 403 2646 .
439 2639 447 2647 .
484 2640 491 2647 .

237 2676 413 2720 Sensus
444 2676 691 2719 historicus
723 2676 820 2718 sive
855 2676 1068 2718 litteralis
1101 2676 1330 2728 scripture
1363 2676 1533 2726 divine,
1568 2675 1671 2716 licet
1704 2686 1890 2726 semper

122 2746 178 2788 sit
211 2758 364 2799 verus,
397 2747 525 2789 sicud
561 2750 666 2789 ante
700 2759 784 2789 nos
817 2750 1066 2789 senserunt
1098 2746 1310 2789 homines
1346 2746 1444 2798 Dei,
1478 2749 1523 2787 et
1558 2747 1676 2786 inter
1711 2748 1889 2785 ceteros

122 2828 289 2860 sensus
314 2817 492 2870 primus
519 2818 579 2859 sit
605 2817 863 2870 habendus,
892 2818 1023 2870 quasi
1051 2820 1311 2859 ceterorum
1339 2829 1558 2858 sensuum
1587 2815 1735 2857 solida
1764 2814 1889 2855 basis

122 2891 166 2930 et
195 2887 380 2929 unicum
413 2887 780 2940 fundamentum,
812 2900 953 2941 supra
985 2888 1122 2940 quod,
1154 2892 1200 2930 ut
1232 2887 1347 2928 dixit
1378 2886 1631 2939 Gregorius
1662 2885 1708 2926 in
1740 2884 1888 2938 primo

122 2957 379 3010 moralium,
409 2957 572 3001 mistici
603 2970 770 3001 sensus
799 2958 985 3000 fundari
1019 2958 1190 2999 debent
1220 2970 1304 2999 nec
1336 2957 1401 2998 illi
1434 2957 1729 3008 aliquatenus
1758 2955 1888 2996 dero-

121 3040 232 3081 gare
263 3062 271 3070 .
307 3062 315 3070 .
351 3062 359 3071 .
403 3028 766 3083 Verumptamen
798 3041 964 3072 sensus
995 3029 1080 3071 iste
1111 3028 1326 3070 litteralis
1358 3061 1365 3068 .
1402 3061 1409 3068 .
1446 3060 1454 3068 .
1484 3028 1589 3080 plus
1619 3029 1770 3068 tamen
1801 3025 1888 3066 ari-
