2102 3444
231 145 315 188 170
763 143 790 180 1.
815 142 1026 180 Abschnitt.
1064 142 1467 189 Konzilstagebucher.

242 275 331 316 que
365 261 603 305 dominum
637 275 806 316 papam
843 262 1091 305 Martinum
1127 275 1288 305 verum
1324 276 1552 307 summum
1587 265 1873 319 pontificem,
1906 278 2010 319 pro-

241 334 427 376 mittens
452 333 603 375 eidem
630 336 863 386 tamquam
890 346 1068 376 summo
1092 333 1303 387 pontifici
1330 334 1521 377 obedire
1547 339 1592 378 et
1618 335 2009 378 recommandavit

239 416 288 446 se
320 407 365 446 et
396 407 562 446 statum
595 417 728 447 suum
761 403 913 446 eidem
948 417 1126 446 summo
1156 404 1379 458 pontifici.
1424 405 1478 447 Et
1507 409 1598 448 tam
1629 405 1868 448 humiliter
1898 405 2008 448 fecit

237 474 337 527 hec,
365 474 488 528 quod
516 475 684 517 multos
712 474 976 517 cardinales
1002 478 1049 517 et
1077 475 1194 518 alios
1221 479 1469 528 presentes
1496 477 1761 530 provocavit
1790 475 1849 519 ad
1874 476 2008 518 lacri-

243 558 354 598 mas,
382 545 553 599 vixque
580 545 930 588 ullus‘audiens
956 546 1145 601 potuita)
1177 545 1392 589 lacrimas
1419 547 1673 589 continere.
1715 545 2011 589 Postmodum

240 619 433 659 tractato
459 629 545 670 per
574 616 810 658 dominum
839 629 1009 670 papam
1037 629 1138 658 cum
1166 616 1498 670 cardinalibus,
1526 617 1633 659 licet
1661 617 1804 670 aliqui
1834 619 2011 660 contra-

243 686 464 740 dicerent,
499 687 649 730 factus
683 690 753 730 est
788 687 1039 730 cardinalis
1075 690 1120 730 et
1154 688 1401 741 episcopus
1436 688 1726 730 Tusculanus
1761 690 1806 730 et
1840 687 2012 730 exinde

244 759 423 811 pluries
446 759 574 800 venit
598 757 657 800 ad
678 758 924 811 palacium,
948 759 996 800 in
1019 758 1305 801 consistoriis
1329 758 1530 812 publicis
1554 761 1598 800 et
1622 758 1829 812 privatis,
1854 761 1899 801 et
1921 757 2014 801 alia

243 830 387 881 gessit
421 832 470 885 ut
505 828 647 871 ceteri
682 828 946 872 cardinales
983 829 1188 882 episcopi
1224 832 1271 872 et
1302 829 1415 871 fecit
1449 842 1499 871 se
1535 828 1690 871 vocari
1727 828 2012 871 cardinalem

244 900 578 942 Florentinum.
617 899 703 942 Die
730 902 883 942 autem
909 899 1081 941 XXIII.
1098 899 1272 942 mensis
1288 899 1560 942 Decembris
1577 899 1633 941 de
1650 911 1786 942 mane
1801 899 2013 942 eiusdem

244 971 366 1024 anni,
401 970 619 1013 videlicet
654 970 978 1024 MCCCCXIX,
1013 984 1103 1024 que
1138 971 1226 1013 fuit
1260 970 1361 1013 dies
1397 971 1577 1014 sabbati
1615 1005 1622 1013 .
1659 1004 1667 1012 .
1703 1004 1711 1012 .
1746 969 1870 1013 idem
1904 970 2013 1013 olim

243 1042 483 1085 Johannes
506 1041 679 1084 XXIII.
705 1045 751 1084 et
775 1045 882 1084 tunc
908 1042 1155 1096 episcopus
1182 1042 1472 1084 Tusculanus
1498 1041 1751 1084 cardinalis
1777 1040 1889 1084 obiit
1913 1041 2014 1084 Flo-

244 1113 393 1155 rentie
415 1116 461 1155 et
481 1113 693 1166 sepultus
716 1115 785 1155 est
808 1112 855 1154 in
875 1113 1153 1166 baptisterio
1177 1113 1222 1154 in
1246 1113 1426 1166 capella
1449 1113 1593 1155 sancti
1617 1112 1844 1155 Johannis
1865 1124 2013 1166 prope

243 1184 489 1226 ecclesiam
512 1184 844 1226 Florentinam.
877 1183 1043 1226 Anima
1065 1184 1167 1226 eius
1189 1183 1467 1237 requiescat!
1502 1182 1616 1225 Rem
1639 1182 1762 1225 enim
1784 1195 1949 1237 magne
1971 1185 2016 1225 et

244 1255 535 1298 admirabilis
565 1255 749 1297 virtutis
780 1255 892 1297 fecit
923 1257 968 1297 et
998 1255 1219 1297 unionem
1251 1254 1448 1297 ecclesie
1480 1254 1733 1308 plurimum
1765 1252 2014 1296 roboravit.

348 1387 376 1410 a)
404 1384 428 1408 Ῑ)
449 1382 602 1416 potuerit.
