2102 3444
398 344 469 413 Β.
523 341 1002 412 Avisamente
1055 338 1193 408 der
1245 335 1875 412 Reformatorien.

375 509 488 541 lt'icn.
526 506 792 539 ‚N'alimmlbibk
829 506 931 546 5069,
966 505 1069 546 5113,
1103 504 1212 546 509ss
1250 504 1360 545 Caes,
1396 502 1667 547 Hospitalbz'bl.
1705 503 1789 546 168,·
1826 502 2018 546 Stuttyart,

256 566 494 600 Laudans-bibl.
524 566 591 598 im:
617 565 681 608 sul.
717 567 794 601 1:50,-
834 564 1000 597 salitam.
1026 563 1179 603 Archiv,
1206 562 1426 596 „lt-marium
1453 561 1612 603 XXXII,
1639 562 1703 596 ΒΛ.
1729 562 1784 597 50.

360 649 392 690 l.
436 649 466 689 l.
492 648 601 700 I)c³¹)
627 645 834 688 conciliis
855 644 1158 697 generalibus
1182 648 1226 687 et
1249 645 1478 687 adversus
1502 644 1657 687 futura
1680 645 1910 688 scismata.

369 718 632 770 Quonianfl)
673 729 730 758 ex
768 716 1049 758 obmissione
1086 716 1377 768 generalium
1415 715 1715 757 conciliorum
1753 727 1940 758 errores
1976 718 2022 758 et

254 789 478 841 ,su-isinum,
518 788 848 840 impressiones
884 790 929 829 et
965 786 1183 829 scandala
1220 787 1267 827 in
1304 786 1501 828 ecclesia
1539 786 1623 827 Dei
1655 785 2020 840 ⁴dampnabiliter

255 860 472 900 hactenus
505 862 846 911 succreverunt,
878 858 1089 900 volentes
1120 856 1291 899 futuris
1323 857 1515 899 obviare
1542 858 1770 910 *periculis
1800 857 1886 899 hoc
1917 858 2021 911 perss

254 933 390 981 petuo
419 930 603 972 decreto
633 929 888 981 statuimus,
918 931 966 970 ut
994 928 1216 981 deinceps
1245 929 1409 969 saltem
1438 928 1495 969 de
1525 928 1753 970 decennio
1780 928 1827 970 in
1856 927 2021 970 decen-

254 1001 375 1041 nium
409 1001 647 1052 generalia
682 999 874 1041 concilia
908 999 1115 1052 exceptis
1150 999 1331 1040 duobus
1364 998 1528 1052 primis
1561 997 1791 1054 futurtsh),
1825 1011 2020 1052 quorum

254 1072 449 1123 primum
473 1084 497 1112 a
521 1072 617 1111 fine
641 1071 778 1112 huius
800 1071 980 1111 concilii
1004 1082 1151 1122 usque
1175 1070 1233 1111 ad
1255 1069 1606 1123 quinquenium,
1627 1069 1885 1112 secundum
1908 1082 2020 1112 vero

252 1155 275 1183 a
309 1143 404 1182 fine
438 1142 676 1193 sequentis
709 1141 890 1182 concilii
921 1153 1069 1194 usque
1103 1141 1161 1182 ad
1194 1140 1490 1193 septennium
1523 1144 1568 1182 et
1600 1140 1821 1194 deinceps
1854 1141 1911 1184 de
1944 1141 2020 1184 de-

252 1213 414 1253 cennio
454 1213 497 1253 in
536 1213 812 1253 decennium
850 1212 1148 1253 celebrentur
1185 1211 1232 1252 in
1270 1212 1396 1264 locis,
1435 1224 1524 1264 que
1562 1224 1771 1255 summus
1807 1211 2020 1266 pontifex

254 1284 295 1324 in
326 1284 461 1336 fines)
494 1283 739 1324 cuiuslibet
767 1282 947 1324 concilii
977 1282 1267 1335 approbante
1297 1286 1341 1325 et
1369 1282 1695 1325 consenciente
1724 1282 1917 1326 concilio
1944 1283 2018 1325 vel

254 1355 294 1395 in
325 1355 425 1395 eius
455 1354 637 1395 defectu
668 1354 818 1406 ipsum
847 1353 1089 1395 concilium
1118 1353 1344 1406 deputare
1373 1356 1418 1395 et
1446 1353 1686 1407 assignare
1714 1356 1942 1408 teneatur,
1971 1356 2019 1396 ut

252 1426 314 1466 sic
346 1438 429 1477 per
461 1425 691 1477 quandam
724 1424 1122 1466 continuacionem
1156 1436 1344 1477 semper
1374 1429 1451 1467 aut
1483 1424 1728 1467 concilium
1759 1424 1912 1478 vigeat
1944 1427 2020 1468 aut

251 1508 333 1547 per
365 1495 548 1537 termini
581 1495 889 1548 pendenciam
922 1498 1208 1548 expect-etur.

365 1567 507 1618 Quem
544 1566 790 1608 terminum
826 1567 961 1609 liceat
998 1579 1176 1608 summo
1208 1566 1423 1619 pontifici
1455 1566 1516 1608 de
1551 1566 1750 1609 fratrum
1785 1564 2014 1621 suorumd)

250 1637 440 1678 consilio
471 1638 528 1679 ob
560 1641 852 1690 emergentes
884 1637 1004 1679 forte
1036 1649 1170 1680 casus
1202 1637 1434 1691 breviare,
1468 1637 1551 1679 sed
1581 1638 1852 1680 nullatenus
1882 1638 2019 1679 liceat

251 1720 515 1760 prorogare.
551 1708 715 1749 Locum
738 1711 890 1750 autem
912 1708 1182 1761 deputatum
1202 1721 1295 1750 non
1317 1712 1461 1751 mutet
1479 1708 1571 1751 nisi
1591 1708 1712 1751 forte
1733 1721 1793 1750 ex
1813 1708 2017 1751 evidenti

251 1778 524 1821 necessitate
546 1782 589 1820 et
610 1779 666 1820 de
689 1779 885 1820 fratrum
905 1779 1221 1832 predictorum
1244 1783 1322 1822 aut
1339 1779 1538 1821 duarum
1558 1780 1767 1833 parcium
1786 1791 2017 1822 consensu

251 1852 386 1901 atque
429 1850 785 1902 subscripcione.
839 1850 983 1901 Quam
1024 1850 1331 1892 mutacione-m
1371 1851 1445 1892 vel
1487 1850 1894 1893 abbreviacionem
1932 1861 2018 1903 per

250 1932 418 1961 annum
454 1924 557 1962 ante
591 1920 826 1973 prefixum
861 1921 1110 1962 terminum
1145 1921 1385 1974 publicare
1421 1924 1466 1963 et
1497 1922 1714 1963 intimare
1747 1920 2012 1975 teneatur.⁰)

250 1990 293 2031 Si
322 2004 445 2043 vero,
473 1991 594 2043 quod
623 1991 754 2043 absit,
782 2004 951 2033 novum
979 1993 1146 2034 scisma
1174 1992 1285 2034 oriri
1314 1993 1557 2046 contigerit
1584 1992 1645 2035 ita
1674 1991 1798 2045 quod
1825 1991 1917 2034 duo
1941 1991 2015 2033 vel

251 2062 409 2113 plures
450 2074 533 2113 pro
575 2062 765 2104 summis
806 2062 1106 2115 pontificibus
1149 2076 1208 2104 ex
1250 2076 1525 2116 quacunque
1567 2075 1708 2106 causa
1745 2075 1798 2105 se
1838 2064 2016 2116 gerant,

249 2144 274 2172 a
299 2131 386 2181 die,
414 2144 502 2184 quo
529 2133 615 2184 ipsi
643 2133 732 2174 duo
758 2134 830 2175 vel
856 2134 1017 2185 plures
1044 2133 1244 2187 insignia
1269 2134 1572 2187 pontificatus
1596 2133 1784 2187 publice
1809 2145 2030 2186 asssumpr

250 2203 393 2243 serint
433 2215 514 2244 scu
554 2203 877 2245 administrare
918 2205 1141 2257 ceperint,
1182 2204 1468 2258 intelligatur
1502 2204 1608 2258 ipso
1644 2204 1748 2246 iure
1787 2204 2014 2247 terminus

247 2272 441 2325 concilii,
482 2277 586 2314 tunc
628 2274 746 2316 forte
790 2275 911 2316 ultra
952 2287 1124 2316 annum
1162 2275 1394 2328 pendens,
1434 2275 1496 2317 ad
1538 2287 1711 2318 annum
1750 2275 2014 2328 proximum

249 2343 497 2385 breviatus.

364 2414 433 2455 Ad
459 2414 579 2466 quod
604 2428 764 2458 omnes
789 2416 956 2468 prelati
980 2421 1025 2459 et
1049 2418 1206 2470 ceteri,
1232 2418 1310 2470 qui
1336 2417 1394 2459 ad
1419 2416 1663 2459 concilium
1688 2417 1757 2459 ire
1781 2418 2013 2468 tenentur,

251 2484 335 2524 sub
362 2484 494 2536 penis
522 2485 634 2527 iuris
661 2489 703 2527 et
730 2486 833 2529 aliis
860 2500 944 2539 per
971 2487 1214 2529 concilium
1242 2488 1538 2541 imponendis
1565 2488 1741 2541 absque
1769 2487 1862 2530 alia
1887 2498 2016 2529 voea-

249 2555 379 2596 cione
405 2555 678 2598 conveniant
702 2569 881 2598 necnon
909 2558 1160 2610 imperator
1185 2559 1423 2611 ceterique
1448 2571 1585 2612 reges
1609 2562 1655 2601 et
1675 2558 1916 2612 pnincipes
1940 2556 2015 2598 vel

251 2626 559 2676 personaliter
602 2628 673 2668 vel
718 2640 802 2679 per
846 2629 1114 2681 solempnes
1156 2630 1351 2672 nuncios
1393 2633 1628 2682 tamquam
1671 2629 1730 2671 ald
1771 2638 2013 2671 commune

245 2693 508 2737 incendium
563 2698 926 2751 extinguendum
978 2712 1063 2751 per
1103 2700 1284 2742 viscera
1326 2699 1645 2742 misericordie
1687 2699 1800 2742 Jesu
1843 2696 2012 2742 Chr-isti

244 2774 427 2806 exnunc
474 2768 651 2809 exorati
696 2772 984 2812 concurrant.
1044 2768 1133 2824 Ets)
1184 2770 1379 2823 quilibet
1424 2771 1632 2823 ipsorum
1676 2783 1763 2824 pro
1807 2770 2012 2812 Romano

353 2870 382 2900 a)
410 2869 454 2894 Dv
479 2892 483 2896 .
505 2891 536 2897 ..
564 2874 594 2897 ct
619 2871 698 2903 fehlt
720 2875 746 2896 Ν.
822 2873 852 2899 b·
888 2876 917 2904 (s,
942 2876 962 2899 s·
991 2873 1073 2906 sulm
1106 2873 1266 2901 conciliis.
1359 2879 1387 2903 c)
1416 2876 1438 2901 ,δ’
1464 2882 1517 2900 am
1547 2874 1679 2901 Ranae:
1721 2873 1774 2900 vel
1804 2874 1880 2900 ante
1907 2871 2013 2899 finem.

248 2914 278 2939 11·
300 2918 319 2938 Ν
343 2915 617 2948 iilum-,111srhrivlwn
651 2920 707 2944 aut
734 2920 868 2945 ‹luni-uni
898 2920 1057 2953 parcium.
1149 2926 1178 2950 e)
1205 2922 1227 2948 S
1251 2930 1303 2948 am
1327 2922 1457 2948 Rnncle:
1492 2921 1544 2948 vol
1573 2921 1741 2948 statuatur
1772 2927 1866 2955 pena,
1893 2919 1921 2947 si
1945 2925 2009 2946 non

249 2961 362 2988 sci-erit
385 2963 433 2989 vel
458 2963 539 2990 iuret
563 2964 592 2990 in
614 2966 818 2999 professione
841 2975 900 2993 sua
921 2976 954 2993 sc
976 2968 1141 2995 facturuln
1163 2968 1304 3002 singulis
1326 2968 1518 3003 provinciis.
1567 2968 1590 3002 f)
1611 2969 1632 2996 S
1654 2975 1707 2995 am
1727 2968 1841 2995 Ranae
1861 2965 2010 2996 addiciot

250 3008 490 3035 nichilominus.

364 3058 395 3101 1)
426 3058 513 3094 Cocl.
541 3059 579 3101 C,
604 3060 650 3102 D,
675 3060 715 3103 Ε,
740 3060 775 3097 S.
