2102 3444
209 169 293 211 404
564 168 608 202 ll.
641 167 850 202 Abschnitt.
894 167 1099 201 Sermones
1130 167 1278 201 concilii
1311 167 1630 202 Constanciensis.

213 299 301 339 quc
337 287 660 337 consonancia,
698 287 812 327 sicut
852 285 894 326 in
934 286 1121 327 musicis
1158 287 1346 339 orgams
1383 290 1427 328 et
1463 290 1597 328 cantu
1635 286 1846 328 videmus
1885 321 1893 328 .
1929 320 1937 328 .
1973 320 1982 329 .

213 357 322 408 Quis
346 361 497 399 autem
520 357 657 399 huius
680 358 888 409 corporis
912 357 1075 399 mistici
1100 357 1167 398 rei
1190 358 1375 410 publice
1399 358 1456 399 sit
1478 361 1627 411 caput,
1652 392 1659 399 .
1696 391 1703 399 .
1740 392 1748 399 .
1772 359 1983 410 quamvis

259 463 266 470 .
303 466 309 472 .
351 429 553 470 existant
592 428 776 469 diverse
817 428 1053 470 sentencie
1095 432 1163 470 set
1202 432 1246 470 et
1286 441 1523 471 sacrorum
1563 441 1790 471 canonum
1829 432 1983 471 textus

214 485 458 542 videantur
511 499 624 541 varii
679 499 1074 541 determinacione
1127 500 1322 541 ecclesie
1376 499 1652 553 conciliique
1705 500 1982 543 sacrosancti

303 605 310 612 .
340 574 383 612 et
411 570 638 623 scripture
667 574 823 612 sancte
853 571 1212 613 conveniencius
1241 571 1343 612 fore
1373 571 1574 613 arbitror
1603 583 1818 613 asserere
1846 571 1984 613 huius

213 642 420 695 corporis
452 640 707 683 veridicum
739 645 875 694 caput
909 641 1142 684 Christum
1174 643 1379 684 existere
1416 677 1423 684 .
1460 677 1467 684 .
1504 676 1512 684 .
1546 641 1591 684 Si
1622 643 1750 684 enim
1781 642 1984 696 aliquem

213 713 453 754 mortalem
480 712 720 765 proprium
746 717 792 755 et
817 713 1072 755 veridicum
1098 717 1234 767 caput
1257 713 1520 755 diceremus
1545 726 1666 768 esse,
1693 716 1984 767 sequeretur,

214 783 335 836 quod
357 783 636 837 quandoque
660 783 760 826 sine
783 785 931 837 capite
955 785 1153 827 ecclesia
1176 797 1427 827 remanens
1449 784 1725 827 efficeretur
1746 784 1984 838 acephala,

216 858 370 907 utpote
393 867 477 908 per
502 858 710 907 mortem,
733 855 1049 908 privacionem
1072 857 1145 897 vel
1171 856 1427 898 cessionem
1456 856 1581 898 illius
1606 890 1614 897 .
1651 890 1658 898 .
1695 890 1702 898 .
1729 855 1985 898 Fatendum

212 929 282 968 est
307 926 674 968 subalternative
701 926 758 969 ad
785 926 1018 969 Christum
1044 930 1090 968 et
1115 931 1331 980 respectu
1356 927 1678 970 ministerialis
1702 926 1986 969 auctoritatis

213 1000 290 1039 aut
330 997 571 1050 potestatis
612 1010 780 1051 papam
822 1011 926 1040 esse
969 1002 1106 1051 caput
1144 998 1341 1040 ecclesie
1383 998 1680 1052 universalis,
1719 1011 1820 1040 cum
1861 998 1985 1040 vices

215 1067 384 1110 Christi
406 1071 538 1122 gerat
560 1068 605 1110 in
627 1069 767 1111 terris
791 1103 798 1110 .
835 1103 843 1110 .
880 1104 887 1111 .
922 1069 1015 1111 Hoc
1039 1069 1175 1111 modo
1196 1069 1402 1123 opin0r³¹)
1429 1069 1603 1111 debere
1629 1069 1841 1123 intelligi,
1863 1069 1986 1123 quod

214 1139 344 1193 Hugo
375 1140 420 1181 li.
458 1139 513 1181 II.
546 1139 602 1181 de
636 1152 827 1182 sacram.
860 1144 992 1193 parte
1027 1140 1232 1183 secunda
1261 1144 1307 1182 et
1338 1141 1607 1183 Bernardus
1639 1140 1695 1183 ad
1728 1139 1985 1194 Eugenium

214 1214 431 1252 asserunt
452 1215 497 1252 et
521 1211 728 1263 edocent,
752 1212 1003 1253 Romanam
1028 1212 1172 1254 eciam
1196 1213 1440 1254 ecclesiam
1464 1212 1548 1254 hac
1571 1212 1846 1265 accepcione
1869 1214 1987 1253 cete-

215 1294 369 1323 rarum
397 1282 602 1324 existere
631 1286 767 1335 caput
790 1283 1084 1336 prim-amque
1112 1283 1379 1336 magistram
1407 1286 1452 1325 et
1477 1286 1686 1336 matrem,
1713 1283 1831 1325 sicut
1855 1295 1987 1325 cano-

214 1365 299 1396 nes
326 1353 443 1395 sacri
472 1356 700 1396 testantur
731 1388 738 1395 .
775 1388 782 1395 .
819 1388 826 1395 .
868 1353 1017 1397 Huius
1044 1354 1182 1408 igitur
1209 1355 1493 1397 universalis
1519 1354 1717 1396 ecclesie
1746 1353 1988 1396 milit-antis

214 1424 421 1478 corporis
452 1424 631 1478 mistici‚
663 1438 755 1478 quo
782 1425 928 1478 prius,
958 1426 1214 1467 Romanum
1244 1425 1516 1479 pontificem
1547 1425 1774 1468 sumendo
1801 1437 1890 1479 pro
1917 1436 1989 1467 ca-

214 1496 323 1550 pite,
361 1496 468 1538 licet
505 1495 625 1538 circa
662 1495 977 1538 membrorum
1013 1495 1365 1538 distinccionem
1403 1496 1519 1539 varii
1558 1496 1687 1539 varia
1722 1498 1987 1549 senserunt,

216 1569 431 1620 attamen,
461 1566 854 1609 determinaci-one
879 1567 1078 1610 ecclesie
1108 1580 1295 1621 semper
1323 1568 1466 1621 salva,
1494 1567 1660 1621 opinor
1687 1566 1988 1609 conformiter

218 1638 275 1679 ad
300 1639 510 1691 corporis
537 1638 729 1681 veridici
757 1638 971 1681 distincta
996 1639 1206 1681 membra
1232 1642 1277 1681 et
1304 1639 1512 1692 ipsorum
1537 1638 1700 1681 officia
1727 1672 1735 1680 .
1771 1671 1780 1680 .
1815 1673 1823 1681 .
1848 1650 1989 1692 posse

217 1708 320 1762 dici,
353 1709 475 1763 quod
507 1709 934 1753 reverendissimus
965 1710 1258 1752 dominorum
1288 1710 1597 1752 cardinalium
1628 1712 1756 1752 cetu-s
1790 1743 1798 1751 .
1834 1743 1842 1751 .
1878 1742 1886 1751 .
1921 1721 1990 1751 or-

219 1780 326 1822 dine
359 1780 631 1823 constitutus
663 1780 936 1824 assiduariis
967 1781 1176 1824 consiliis
1207 1781 1471 1824 assistendo
1501 1780 1653 1834 capiti,
1684 1780 1814 1823 cuius
1845 1779 1992 1822 eciam

220 1851 514 1894 collaterales
540 1864 645 1895 esse
674 1856 1004 1905 memorantur,
1031 1865 1143 1894 vere
1170 1852 1324 1895 cordis
1348 1855 1517 1906 gerunt
1542 1851 1752 1894 officium
1780 1850 1993 1893 consilia-

222 1921 395 1964 riorum
419 1924 627 1976 corporis
651 1924 816 1965 mistici
841 1924 908 1965 rei
934 1924 1119 1977 publice
1145 1924 1203 1966 ad
1229 1924 1388 1976 instar,
1415 1958 1421 1964 .
1459 1957 1466 1964 .
1503 1957 1510 1965 .
1538 1922 1816 1965 sanctissimi
1839 1924 1992 1964 autem

220 1993 425 2047 episcopi
457 1994 503 2035 in
534 1997 714 2047 partem
746 1994 1072 2038 sollicitudinis
1102 1995 1266 2048 capitis
1295 1994 1586 2048 preordinati
1616 1993 1854 2047 divinitus,
1884 2005 1993 2046 quo-

223 2077 322 2106 rum
348 2065 552 2118 quinque
577 2065 751 2119 gradus
773 2079 831 2107 ex
857 2067 1002 2108 sacris
1027 2065 1261 2108 codicibus
1285 2065 1391 2107 elici
1414 2068 1626 2118 possunt:
1664 2064 1844 2117 primus
1868 2062 1992 2106 enim

221 2135 392 2188 gradus
419 2139 490 2178 est
516 2137 679 2178 summi
709 2138 918 2190 corporis
947 2150 1031 2179 seu
1057 2134 1280 2191 capitisb),
1307 2137 1385 2190 qui
1414 2136 1648 2178 Romanus
1675 2136 1924 2189 episcopus
1949 2137 1996 2176 et

222 2219 343 2260 papa
388 2208 676 2260 singularius
725 2208 903 2261 dicitur,
954 2208 1031 2249 alii
1079 2208 1252 2260 gradus
1298 2207 1683 2260 patriarcharum,
1730 2205 1994 2260 prim-atum,

224 2277 678 2331 archiepiscoporum
722 2280 794 2320 vel
839 2280 1302 2332 metropolitanorum
1344 2282 1389 2320 et
1429 2278 1754 2332 episcoporum
1796 2275 1904 2319 XXI
1948 2276 1993 2318 di

222 2349 386 2401 claros,
408 2349 597 2402 proprie
619 2350 856 2391 oculorum
876 2349 1185 2392 ministerium
1205 2352 1440 2392 exercent.
1474 2348 1566 2391 Sed
1584 2360 1690 2390 ecce
1709 2348 1802 2390 hiis
1822 2346 1993 2390 nostris

226 2419 560 2462 infelicissimis
585 2420 873 2473 temporibus
899 2421 983 2462 hoc
1010 2433 1177 2462 nomen
1206 2433 1348 2473 super
1374 2420 1528 2462 omnia
1553 2419 1806 2473 gloriosum
1831 2421 1877 2460 et
1903 2430 1994 2460 om-

223 2492 350 2533 nium
371 2491 643 2544 dignitatum
665 2492 847 2533 culmen
868 2491 986 2533 adeo
1006 2492 1233 2533 vilescere
1255 2491 1578 2544 conspicimus,
1593 2490 1717 2543 quod
1731 2502 1790 2531 ne
1805 2488 1994 2543 qui-dem

224 2561 516 2615 sanctissimi,
546 2562 942 2614 reverendissimi,
973 2563 1086 2604 sicut
1116 2563 1233 2604 sacri
1263 2574 1465 2604 canones
1493 2565 1538 2604 et
1567 2560 1838 2615 imperiales
1866 2561 1995 2613 leges

225 2633 432 2686 edocent,
458 2634 515 2675 ab
541 2633 696 2686 aliquo
722 2634 993 2685 vocitentur,
1019 2634 1101 2674 sed
1125 2645 1217 2675 non
1244 2633 1494 2675 reverendi
1521 2633 1594 2674 vel
1620 2631 1919 2674 venerabiles
1944 2642 1994 2672 re

226 2705 298 2746 vel
318 2704 504 2746 nomine
526 2705 670 2746 eciam
693 2705 750 2746 ab
772 2704 1076 2746 inferioribus
1098 2705 1358 2746 habeantur
1380 2738 1388 2746 .
1407 2738 1414 2745 .
1433 2738 1440 2745 .
1464 2703 1639 2756 Lingue
1663 2705 1815 2745 autem
1836 2704 1881 2744 et
1901 2701 1994 2743 oris

225 2787 342 2817 onus
368 2775 630 2828 suscipiunt
661 2774 913 2817 inferiores
942 2775 1126 2828 prelati,
1156 2777 1361 2817 rectores
1391 2774 1709 2827 ecclesiarum,
1739 2770 1996 2815 venerandi

227 2845 370 2887 eciam
400 2846 606 2899 magistri
635 2850 680 2888 et
709 2845 920 2888 doctores
950 2846 1208 2898 approbati,
1239 2845 1315 2898 qui
1346 2845 1476 2887 verbi
1507 2844 1653 2886 divini
1683 2844 1862 2887 semina
1890 2843 1996 2886 sirn-

226 2915 423 2968 plicibus
454 2929 649 2969 erogare
681 2919 912 2958 tenentur.
945 2950 952 2957 .
989 2950 996 2957 .
1033 2950 1040 2958 .
1072 2916 1294 2969 Religiosi
1327 2929 1438 2959 vero
1464 2919 1514 2958 et
1543 2915 1686 2957 ceteri
1715 2913 1996 2967 contempla-

162 2976 165 2979 Α
225 2987 346 3028 cioni
372 2987 515 3029 dediti
542 2987 684 3029 odore
712 2987 989 3030 suavissimo
1014 2988 1239 3029 bonorum
1266 2999 1459 3039 operum
1487 2986 1649 3028 refecti
1675 2985 1867 3028 naribus
1893 2995 1996 3026 con-

333 3095 362 3115 ειι
384 3092 442 3114 stu.
463 3090 540 3122 s'rhll
563 3091 621 3116 Na.
680 3091 711 3117 ln
732 3091 811 3123 fehlt
833 3093 891 3118 xrs.
