2227 3434
0 0 126 85 Γ

601 222 640 257 Β.
663 220 911 257 Avisamente
931 221 1001 255 der
1021 220 1338 255 Reformatorien.
1767 221 1849 264 681

87 340 317 393 exemptis
351 339 630 392 procedatur
660 351 748 392 per
782 339 903 381 viam
935 338 1187 381 eleccionis
1221 339 1295 380 vel
1331 337 1662 392 postulacionis
1697 338 1852 380 debite

87 409 339 452 secundum
366 409 481 452 iuris
504 409 715 451 formam.
752 410 806 451 Et
830 410 876 451 in
900 409 990 451 hiis
1015 409 1132 451 fiant
1154 408 1544 451 confirmaciones
1567 409 1852 451 eleccionum

85 492 173 534 per
192 479 456 522 ordinarios
480 481 683 522 locorum
709 480 961 526 secundum
987 481 1102 522 iuris
1126 479 1325 522 formam
1347 479 1595 532 privilegia
1615 482 1663 522 et
1687 482 1853 521 statuta

49 600 52 604 ¹
86 550 316 603 ordinum,
339 551 431 592 nisi
454 562 540 603 per
563 550 933 603 appellacionem
957 554 1034 592 aut
1057 551 1174 593 alias
1198 551 1325 592 iuxta
1346 550 1464 594 *iuris
1486 549 1741 592 communis
1765 550 1854 592 dis-

84 620 414 674 pensacionem
446 620 504 663 ad
537 620 697 663 sedem
728 621 1029 674 apostolicam
1060 622 1144 663 hoc
1175 622 1418 674 negocium
1450 620 1736 663 devolvatur.

202 691 283 734 De
324 691 896 734 reservacionibus
940 695 997 734 et
1039 691 1508 733 beneficiorum
1551 690 1855 733 collacio-

84 761 284 805 nibus.
326 762 439 805 Item
464 762 758 804 tolerandum
784 761 980 815 videtur,
1007 762 1131 815 quod
1156 775 1241 816 per
1268 762 1453 804 modum
1480 764 1699 804 tractatus
1725 765 1770 804 et
1796 761 1853 803 ad

84 838 266 887 tempus
290 833 331 878 d.
356 846 401 875 n.
425 845 549 887 papa
573 833 727 876 omnia
750 836 991 875 reservata
1014 846 1073 875 ex
1100 833 1214 875 iuris
1239 833 1495 875 communis
1520 832 1677 886 scripti
1702 833 1854 885 dispo-

86 903 260 946 sicione
298 903 508 946 conferat
546 908 591 946 et
631 904 687 946 de
727 904 831 946 aliis
867 917 955 957 pro
991 903 1282 957 providendo
1322 903 1634 946 familiaribus
1673 903 1769 946 suis
1808 905 1854 944 et

83 986 259 1029 regum,
294 975 558 1028 principum
591 978 639 1017 et
675 975 717 1017 d.
753 974 1058 1016 cardinalium
1095 977 1141 1017 et
1175 975 1560 1017 universitatibus
1596 974 1853 1016 studiorum

83 1045 282 1087 mediam
307 1048 487 1099 partem
511 1045 728 1087 conferre
753 1046 901 1098 possit
925 1048 970 1088 et
993 1046 1147 1087 valeat
1171 1045 1506 1098 alternatisque
1531 1044 1709 1087 vicibus
1732 1044 1853 1086 ordi-

83 1116 202 1159 narii
227 1117 367 1158 aliam
391 1119 571 1170 partem
597 1116 796 1158 mediam
823 1116 1065 1158 conferant
1091 1117 1167 1170 ita,
1193 1116 1315 1169 quod
1340 1116 1556 1169 provisus
1582 1116 1852 1158 auctoritate

84 1187 336 1241 apostolica
371 1187 522 1240 primo
556 1186 826 1240 preferatur
861 1190 908 1229 et
941 1190 1045 1240 post
1079 1199 1167 1240 vper
1203 1187 1416 1229 ordinem
1452 1187 1668 1240 provisus
1706 1189 1752 1229 et
1787 1186 1853 1228 sic

85 1258 321 1311 deinceps,

200 1328 280 1371 De
321 1329 574 1372 annatiS
617 1332 674 1372 et
712 1328 1051 1371 vacanciis.
1098 1328 1211 1372 Item
1239 1341 1300 1370 ex
1329 1341 1451 1382 casu,
1481 1341 1571 1382 quo
1602 1330 1852 1381 appareret

81 1399 336 1443 necessitas
368 1400 679 1442 subveniendi
708 1400 753 1442 d.
786 1412 830 1442 n.
864 1412 1000 1453 pape,
1035 1399 1122 1441 sibi
1155 1399 1454 1441 uniformiter
1484 1403 1531 1442 et
1562 1399 1852 1442 concorditer

80 1483 167 1524 per
194 1470 510 1513 universalem
539 1471 798 1523 ecclesiam,
828 1474 876 1513 ut
904 1471 1012 1513 fieri
1040 1474 1205 1524 potest,
1235 1470 1539 1524 provideatur
1565 1483 1652 1523 per
1679 1470 1778 1514 vias
1808 1475 1852 1514 et

82 1542 242 1584 modos
276 1542 529 1595 possibiles
562 1545 611 1584 et
643 1541 796 1584 minus
829 1541 1041 1584 ecclesiis
1076 1541 1438 1595 particularibus
1470 1541 1851 1595 preiudIcabiles.

87 1613 200 1655 Item
220 1612 270 1655 in
290 1625 415 1666 casu,
438 1625 530 1666 quo
550 1613 816 1656 immineret
836 1613 1093 1656 necessitas
1115 1612 1427 1654 subveniendi
1451 1616 1496 1655 et
1518 1613 1609 1655 alie
1631 1612 1852 1654 naciones

5 1736 13 1743 .
80 1683 262 1726 nollent
292 1696 376 1726 seu
404 1696 498 1726 non
528 1687 721 1737 possent
749 1683 903 1726 eidem
936 1684 1123 1726 domino
1152 1696 1273 1737 pape
1306 1682 1572 1736 subvenire,
1603 1683 1678 1724 vel
1711 1695 1853 1736 super

81 1754 396 1797 subvencione
426 1754 624 1796 invicem
655 1767 748 1797 non
778 1754 1114 1797 concordarent
1143 1767 1229 1808 per
1258 1754 1444 1796 modum
1474 1753 1746 1797 tollerancie
1776 1754 1851 1795 vel

82 1825 191 1868 doni
231 1825 435 1869 reductis
472 1826 689 1880 primitus
727 1825 1050 1868 taxacionibus
1088 1825 1354 1868 vacancium
1394 1829 1440 1868 et
1481 1825 1765 1867 decimarum
1806 1825 1852 1866 in

11 1915 18 1918 ·
82 1909 227 1950 regno
267 1896 460 1939 Francie
501 1900 547 1939 et
584 1897 872 1950 Dalphinatu
909 1897 967 1939 ad
1006 1896 1205 1938 mediam
1245 1899 1400 1939 taxam
1438 1896 1609 1949 poterit
1649 1895 1852 1948 concedi,

83 1967 206 2021 quod
228 1967 285 2010 de
306 1968 518 2010 ecclesiis
540 1967 887 2010 cathedralibus
908 1970 955 2010 et
976 1967 1300 2020 superioribus
1322 1980 1373 2010 ac
1395 1967 1602 2010 abbaciis
1624 1966 1853 2020 exemptis

81 2041 127 2081 et
164 2051 258 2081 non
294 2039 525 2092 exemptis
563 2038 862 2092 notabilibus,
902 2051 1098 2091 quorum
1135 2041 1243 2080 taxa
1283 2038 1585 2079 ducentorum
1624 2037 1851 2079 librorum

81 2108 421 2152 Turonensium
462 2109 738 2151 reduccione
780 2108 900 2151 facta
940 2109 999 2151 ad
1037 2109 1335 2152 medietatem
1375 2109 1548 2151 valoris
1586 2108 1850 2150 ostendunt.

84 2180 139 2224 Et
156 2181 217 2222 de
239 2180 486 2223 beneficiis
507 2180 778 2223 vacantibus
799 2180 846 2222 in
867 2180 994 2223 curia
1013 2180 1219 2223 Romana
1241 2183 1286 2222 et
1307 2180 1408 2222 iure
1431 2179 1659 2222 communi
1682 2180 1854 2232 scripto

83 2251 336 2295 reservatis
368 2251 544 2305 pariter
578 2252 817 2294 solventur
849 2251 957 2293 hinc
991 2251 1049 2294 ad
1082 2251 1323 2293 biennium
1358 2250 1416 2293 ad
1450 2250 1650 2293 mediam
1684 2253 1852 2301 taxam,

83 2326 132 2365 ut
151 2322 448 2376 premittitur,
470 2322 620 2365 modis
639 2325 685 2364 et
707 2323 921 2365 terminis
943 2323 1262 2375 sequentibus,
1285 2321 1503 2364 videlicet
1523 2321 1722 2363 mediam
1745 2324 1852 2363 taxe

82 2392 272 2435 reducte
292 2393 343 2434 *in
368 2392 466 2435 fine
492 2393 601 2435 anni
627 2406 653 2435 a
678 2396 888 2446 tempore
915 2393 1082 2446 adepte
1108 2392 1423 2446 possessionis
1448 2392 1644 2446 pacifice
1670 2395 1715 2434 et
1741 2392 1851 2434 alte-

82 2475 182 2505 ram
215 2463 416 2506 mediam
450 2464 497 2506 in
532 2463 629 2505 fine
664 2463 775 2506 anni
808 2463 1061 2516 sequentis.
1110 2464 1164 2506 Et
1198 2464 1235 2506 si
1271 2463 1374 2516 quis
1408 2463 1554 2505 eciam
1589 2463 1849 2505 voluntarie

35 2523 39 2528 ⁴
82 2535 314 2577 contrarie
356 2534 513 2577 facere
556 2534 899 2587 contempserit,
941 2533 1438 2576 excommunicacionis
1480 2534 1765 2575 sentenciam
1807 2536 1851 2574 et

81 2604 277 2658 predicti
304 2604 436 2658 iuris,
467 2605 590 2658 quod
621 2605 707 2648 sibi
743 2606 789 2647 in
820 2605 1019 2647 ecclesia
1048 2604 1353 2658 competebat,
1383 2617 1505 2658 pene
1539 2604 1776 2646 subiaceat
1806 2606 1851 2644 et

21 2707 27 2711 ,
85 2675 386 2728 provideatur
410 2676 608 2718 ecclesie
637 2689 720 2718 seu
747 2676 980 2718 beneficio
1003 2689 1089 2729 per
1117 2675 1433 2717 immediatum
1461 2675 1752 2728 superiorem
1780 2674 1851 2715 vel

48 2742 52 2743 ⁷
86 2757 206 2800 eum,
231 2746 290 2788 ad
313 2759 451 2800 quem
476 2747 714 2800 spectabit.
754 2747 945 2799 Fiatque
970 2746 1208 2789 absolucio
1232 2746 1277 2787 in
1302 2746 1530 2787 Avinione
1557 2748 1602 2787 et
1624 2758 1715 2786 non
1741 2745 1850 2786 alibi

87 2819 135 2860 et
156 2817 471 2871 provideatur,
497 2817 621 2870 quod
645 2830 731 2870 per
756 2851 791 2860 ..
809 2851 818 2859 .
842 2830 1026 2860 camere
1054 2817 1112 2859 ad
1137 2817 1242 2870 pluS
1269 2829 1361 2858 non
1388 2817 1594 2859 solvatur
1620 2815 1707 2857 nisi
1736 2815 1854 2856 libra

83 2887 383 2947 Turonensis.
439 2889 506 2930 De
547 2888 651 2930 aliis
693 2891 845 2930 autem
886 2887 1131 2930 beneficiis
1171 2887 1540 2940 quibuscumque
1582 2887 1850 2928 nullatenus

85 2959 301 3001 vacancie
324 2958 581 3001 solvantur.

206 3028 318 3071 Item
347 3029 404 3071 de
432 3028 694 3082 beneficiis,
722 3029 779 3071 de
808 3029 977 3081 quibus
1004 3029 1176 3081 petitur
1205 3041 1323 3070 nova
1352 3027 1558 3080 provisio
1585 3027 1851 3079 apostolica,

83 3109 177 3141 non
208 3098 448 3142 solventur
478 3099 707 3142 vacancie.
756 3099 883 3152 Item,
915 3099 953 3142 si
983 3098 1109 3141 infra
1141 3110 1311 3140 annum
1346 3098 1416 3140 bis
1448 3097 1678 3139 vacaverit
1712 3096 1849 3138 benc-
