2227 3434
554 172 598 208 A.
639 172 838 209 Ffflastres
864 172 983 209 Gesta
1008 173 1159 209 concilii
1183 171 1501 210 Constantiensis.
1827 175 1910 219 157

143 294 360 345 gregatos
395 291 443 333 in
479 291 661 345 capella
697 294 744 334 et
778 295 1058 345 conquestus
1094 295 1166 335 est
1201 291 1375 345 dicens,
1413 292 1537 346 quod
1573 293 1816 336 recederet
1853 293 1911 335 de

144 362 330 404 civitate
349 361 426 404 vel
446 361 526 404 ille
549 362 834 406 camerarius
853 375 947 404 non
967 363 1297 405 intromitteret
1316 375 1365 405 se
1383 366 1432 405 et
1452 363 1654 417 oportuit
1674 363 1732 406 ad
1753 376 1912 417 regem

143 431 500 486 pacificandum,
532 432 656 486 quod
686 433 1076 476 vicecamerarius
1107 433 1166 475 de
1199 433 1498 476 ordinacione
1533 433 1837 476 cardinalium
1869 437 1914 476 et

144 502 343 545 aliorum
366 503 669 546 substitueret
690 503 832 546 alium
855 504 985 546 salvo
1007 504 1108 546 iure
1131 517 1215 547 suo
1239 507 1284 546 et
1306 504 1543 547 substituit
1565 504 1781 547 abbatem
1805 505 1914 546 Tre-

143 573 501 630 nochiensem‚⁸)
535 586 674 627 quem
706 575 852 616 eciam
884 574 1148 618 cardinales
1182 575 1349 617 Gallici
1379 588 1466 628 pro
1499 587 1549 617 se
1581 579 1836 628 posuerant
1869 578 1914 617 et

145 643 209 688 ita
227 656 314 687 rex
334 646 530 688 recessit
548 648 594 687 et
612 644 821 688 clausum
844 648 914 688 est
933 646 1165 688 conclave.

263 715 372 759 Post
411 714 704 758 decretorum
746 715 999 758 leccionem
1040 715 1295 759 cardinalis
1337 716 1482 760 sancti
1528 716 1666 759 Marci
1709 717 1914 759 surrexit
1968 742 1976 746 -

144 786 453 840 persuadens,
473 786 598 840 quod
618 786 815 829 durante
837 787 1045 829 conclavi
1066 787 1239 830 fierent
1259 787 1501 830 oraciones
1523 790 1568 830 et
1588 787 1914 841 processiones

145 856 311 900 devote
335 869 420 911 pro
443 857 659 900 concordi
683 860 728 900 et
749 857 852 900 utili
875 858 1073 900 ecclesie
1097 858 1332 901 eleccione
1356 858 1571 912 pastoris,
1595 858 1719 912 quod
1742 858 1913 901 factum

144 931 216 971 est
250 928 459 982 qualibet
492 928 569 970 die
605 928 802 971 durante
838 929 1045 971 conclavi
1079 941 1165 982 per
1200 932 1344 971 totum
1380 929 1623 971 concilium
1659 933 1704 971 et
1739 930 1914 971 clerum

144 999 356 1041 civitatis,
393 999 450 1042 Et
473 998 726 1042 veniebant
751 999 960 1052 quolibet
986 999 1061 1041 die
1090 1003 1195 1042 ante
1224 1000 1373 1042 locum
1399 1000 1631 1043 conclavis
1654 1003 1911 1042 cantantes:

144 1069 265 1112 Veni
290 1072 485 1124 creator,
503 1071 573 1125 *ita
597 1070 688 1124 pie,
712 1073 761 1113 ut
785 1070 948 1124 plures
973 1070 1020 1112 in
1046 1071 1252 1113 conclavi
1276 1071 1534 1114 existentes
1560 1070 1804 1114 audientes
1829 1070 1914 1112 fle-

143 1139 256 1183 bant
281 1153 367 1183 nec
392 1144 608 1195 poterant
634 1141 850 1184 lacrimas
877 1142 1130 1184 continere.
1170 1141 1310 1183 Pueri
1337 1141 1462 1184 enim
1490 1142 1761 1184 innocentes
1786 1141 1914 1183 illius

113 1246 116 1247 γ
144 1210 357 1266 civitatis,
382 1214 432 1254 ut
457 1212 622 1265 solent,
649 1224 752 1254 cum
775 1212 902 1255 clero
927 1212 1175 1255 cantabant
1201 1213 1294 1255 alta
1319 1225 1429 1255 voce
1457 1215 1502 1255 et
1527 1212 1603 1266 pie
1631 1211 1915 1255 resonabant

144 1294 282 1326 voces
309 1281 498 1325 illorum
526 1285 573 1325 et
600 1283 727 1325 clare
758 1295 809 1325 ac
837 1283 979 1337 plane
1010 1282 1322 1325 audiebantur
1349 1282 1410 1326 de
1441 1283 1660 1326 conclavi.

378 1352 598 1407 Sequitur
628 1353 751 1396 accio
784 1353 1030 1396 conclavis.

263 1423 349 1467 Die
374 1424 485 1466 lune
510 1423 720 1478 predicta
745 1423 875 1467 VIII.
900 1424 1174 1466 Novembris
1200 1425 1242 1467 d.
1269 1424 1534 1467 cardinales
1558 1427 1605 1466 et
1625 1423 1770 1467 ceteri
1795 1424 1915 1466 elec-

144 1497 271 1537 tores
291 1495 583 1537 intraverunt
603 1495 837 1549 conclave,
857 1495 1000 1549 paulo
1022 1498 1128 1538 ante
1152 1495 1264 1538 solis
1286 1507 1511 1538 occasum.
1543 1494 1677 1547 Quod
1695 1494 1914 1537 conclave

145 1568 246 1608 erat
278 1565 442 1619 maius,
475 1566 684 1619 pulcrius
715 1569 762 1608 et
794 1565 1031 1620 propicius
1065 1579 1115 1608 ac
1150 1566 1397 1620 celebrius,
1430 1577 1583 1619 quam,
1616 1568 1666 1607 ut
1699 1565 1914 1618 arbitror,

143 1648 363 1689 umquam
389 1636 547 1679 fuerit.
585 1636 798 1680 Habebat
825 1637 951 1679 enim
977 1636 1079 1679 LVI
1105 1637 1265 1691 cellaS,
1291 1649 1489 1690 quarum
1514 1639 1611 1679 tres
1636 1648 1724 1690 pro
1750 1635 1915 1678 absen—

144 1705 268 1750 tibus
292 1707 616 1760 servabantur,
643 1708 757 1751 satis
783 1708 977 1762 amplas,
1003 1707 1206 1750 habente
1232 1707 1440 1761 qualibet
1465 1706 1763 1760 camerulam,
1789 1709 1915 1748 retro

145 1777 314 1820 lectum
342 1777 454 1820 satis
481 1778 701 1831 amplum.
741 1777 834 1820 Sed
862 1781 996 1820 erant
1022 1778 1070 1820 in
1098 1778 1280 1821 duobus
1308 1777 1437 1821 atriis
1467 1778 1561 1820 alto
1588 1780 1634 1820 et
1659 1777 1799 1820 basso
1828 1776 1914 1820 sub

144 1847 311 1891 eodem
336 1851 456 1891 tecto
481 1851 528 1891 et
554 1861 717 1892 omnes
742 1849 862 1891 celle
888 1847 1110 1890 decenter
1136 1851 1313 1891 ornate.
1355 1847 1577 1902 Multique
1604 1847 1669 1890 ibi
1695 1848 1842 1890 lecius
1869 1849 1914 1889 et

146 1918 348 1972 quietius
382 1921 624 1972 steterunt,
660 1931 798 1973 quam
833 1920 881 1962 in
916 1919 1120 1973 propriis
1155 1918 1382 1964 domibus,

262 1989 349 2032 Die
371 1989 532 2033 martis
559 1989 633 2033 IX.
656 1989 932 2033 Novembris
952 1989 1204 2032 cardinalis
1224 1993 1273 2032 et
1295 1989 1498 2033 adiuncti
1516 1989 1748 2032 electores
1771 1988 1913 2030 nichil

145 2059 274 2102 aliud
299 2059 514 2103 fecerunt
541 2060 632 2104 nisi
660 2060 882 2103 ordinare
910 2060 1097 2103 modum
1124 2059 1374 2103 eleccionis
1399 2062 1448 2103 et
1472 2059 1801 2102 concluserunt
1827 2070 1914 2113 per

145 2131 418 2173 scrutinium
444 2133 490 2173 et
515 2130 564 2173 in
591 2130 776 2185 scriptis
802 2130 1033 2184 videlicet,
1060 2130 1185 2185 quod
1211 2131 1407 2184 quilibet
1433 2130 1567 2173 daret
1591 2129 1784 2173 cedulas
1810 2141 1914 2172 con-

145 2201 348 2244 tinentes
373 2204 479 2244 vota
506 2214 590 2245 sua
615 2204 662 2244 et
686 2204 975 2256 ponerentur
1001 2201 1049 2244 in
1076 2214 1170 2244 uno
1195 2214 1306 2244 vase
1334 2202 1490 2255 palam
1517 2213 1671 2244 coram
1697 2200 1913 2243 omnibus

146 2274 191 2314 et
210 2275 373 2326 postea
392 2272 608 2315 omnibus
629 2272 748 2315 datis
768 2272 954 2326 publice
975 2272 1245 2326 legerentur
1266 2275 1311 2315 et
1330 2271 1527 2326 quilibet
1549 2284 1679 2314 suam
1701 2270 1912 2313 cedulam

146 2345 432 2396 agnosceret,
453 2346 499 2384 et
518 2343 783 2396 quicunque
805 2343 962 2396 vellet,
985 2343 1212 2386 scriberet
1233 2346 1338 2385 vota
1358 2345 1405 2385 et
1425 2342 1487 2385 ita
1509 2343 1806 2385 observatum
1826 2344 1911 2383 est.

147 2412 250 2455 Fuit
281 2412 429 2456 eciam
464 2413 629 2456 eodem
666 2413 740 2455 die
774 2413 856 2455 diu
891 2413 1174 2466 disputatum
1211 2425 1353 2466 super
1389 2412 1559 2466 dubiis,
1593 2424 1685 2466 que
1720 2414 1911 2466 possent

145 2494 387 2537 emergere
410 2495 437 2525 e
457 2486 523 2526 tot
545 2483 827 2526 electoribus
850 2487 896 2525 et
919 2483 1227 2526 divisionibus
1251 2484 1299 2525 in
1324 2495 1407 2526 sex
1430 2486 1603 2536 partes,
1627 2486 1675 2525 ut
1699 2495 1841 2536 supra
1864 2482 1910 2523 in

145 2552 332 2597 decreto
370 2553 494 2597 modi
533 2554 780 2597 eleccionis
818 2557 863 2596 et
902 2555 1103 2597 maxime
1142 2553 1200 2596 de
1240 2553 1396 2607 dubio,
1437 2554 1475 2597 si
1515 2553 1757 2607 contigerit
1793 2552 1910 2594 duas

144 2627 302 2677 partes
323 2624 572 2678 requisitas
590 2636 871 2667 concurrere
892 2625 940 2666 in
961 2625 1138 2678 plures,
1159 2624 1265 2666 licet
1286 2624 1335 2666 in
1355 2623 1764 2677 ceremonioruma)
1790 2623 1910 2665 libro

144 2697 345 2748 cavetur,
371 2695 494 2748 quod
518 2698 687 2737 neutra
710 2695 865 2737 valeat
887 2695 1074 2747 eleccio,
1101 2698 1147 2736 et
1173 2706 1315 2748 super
1340 2695 1426 2736 hoc
1452 2694 1573 2736 facta
1598 2694 1686 2736 fuit
1711 2693 1909 2746 quedam

144 2766 436 2819 protestacio‚
470 2765 675 2808 limitans
708 2768 813 2808 vota
846 2766 1052 2808 omnium
1086 2765 1134 2808 in
1168 2765 1300 2807 illum
1335 2777 1506 2817 casum,
1540 2777 1678 2818 quem
1712 2776 1805 2806 non
1839 2766 1909 2805 est

145 2846 262 2889 opus
284 2835 359 2878 hic
382 2848 574 2890 ponere,
599 2835 709 2889 quia
732 2847 826 2878 non
850 2835 1006 2878 evenit
1030 2847 1179 2879 casus.

261 2905 347 2948 Die
379 2906 597 2948 mercurii
629 2906 688 2948 de
722 2918 859 2948 mane
888 2905 1046 2949 audita
1078 2906 1221 2948 missa
1253 2917 1524 2959 processum
1556 2907 1627 2947 est
1659 2903 1718 2947 ad
1751 2902 1909 2946 scruti-

144 2974 271 3018 nium
293 2988 380 3030 per
398 2976 605 3030 cedulas,
627 2979 678 3019 ut
697 2976 869 3018 dictum
889 2979 976 3030 est,
997 2979 1044 3018 et
1065 2975 1263 3030 quilibet
1284 2976 1438 3030 posuit
1460 2975 1649 3017 cedulas
1673 2975 1721 3016 in
1743 2985 1908 3027 magno

248 3080 280 3114 a)
301 3080 333 3115 0,
356 3080 406 3107 D:
429 3079 731 3108 Treverchiensem.
776 3080 809 3114 b)
829 3078 910 3114 fehlt
935 3080 976 3114 C';
996 3078 1112 3107 Lacke.
