2227 3434
554 197 597 232 A.
637 197 836 231 Fillastres
864 196 980 232 Gesta
1006 197 1157 231 concilii
1184 197 1498 232 Constantiensis.
1827 199 1910 241 119

146 316 408 358 turbatores
434 314 630 357 concilii.
673 314 977 356 Mandabatur
1005 314 1186 357 duobus
1212 327 1272 356 ex
1300 314 1407 367 illis,
1435 314 1557 367 quod
1584 315 1704 357 facta
1731 315 1787 356 de
1817 315 1911 357 illis

147 385 480 428 informacione
513 385 768 438 plenariaa)
806 397 920 437 quos
955 385 1220 437 reperirent
1253 384 1526 437 culpabiles,
1562 388 1911 438 sequestrarent

147 469 173 498 a
206 456 399 498 concilio
432 459 477 498 et
510 458 740 508 ponerent
774 455 859 497 sub
894 455 990 497 fida
1026 455 1247 507 custodia,
1282 455 1491 497 invocato
1526 455 1585 497 ad
1618 456 1703 497 hoc
1737 456 1912 497 auxilio

146 526 320 569 domini
345 525 627 579 Sigismundi
655 525 966 567 Romanorum
993 526 1131 578 regis.
1171 525 1343 567 Littera
1371 528 1523 567 autem
1551 525 1637 568 ista
1664 525 1913 568 commissi-

147 597 249 639 onis
281 599 491 649 grossata
523 599 624 638 erat
656 596 703 637 in
737 596 973 648 mundum,
1008 596 1091 637 sed
1124 596 1330 637 nondum
1365 596 1581 648 sigillata.
1628 596 1681 637 Et
1715 595 1801 638 ista
1835 595 1914 637 diu

148 667 400 719 latuerunt3
429 679 541 720 sepe
567 666 690 708 enim
716 667 840 708 mine
866 666 995 708 illate
1022 669 1128 708 sunt
1153 669 1199 708 et
1224 666 1310 708 orti
1338 679 1564 719 rumores,
1590 666 1713 719 quod
1738 667 1913 720 plures,

148 737 224 791 qui
259 737 531 779 dicebantur
563 749 656 779 non
691 736 919 779 assentire
955 737 1068 790 regi,
1103 740 1396 789 caperentur.
1443 737 1498 778 Et
1532 749 1616 778 rex
1651 749 1763 790 sepe
1799 736 1915 778 dixit

148 807 483 859 comminando,
523 807 645 860 quod
686 807 864 849 faceret
903 807 1033 859 illud,
1075 807 1197 860 quod
1236 807 1481 848 concilium
1524 807 1611 850 sibi
1653 807 1914 858 mandaret;

149 878 271 932 quod
298 879 427 920 multi
457 878 837 931 interpretantur,
865 877 988 930 quod
1015 877 1291 920 mandarent
1319 877 1393 919 isti
1420 877 1610 920 iudices.

265 948 511 991 Sciendum
548 951 717 1000 tamen,
754 948 877 1001 quod
914 949 989 989 isti
1027 948 1203 990 iudices
1237 948 1415 990 nullam
1453 948 1499 989 in
1535 948 1707 991 talibus
1742 948 1916 990 habent

150 1022 424 1072 potestatem
458 1019 541 1062 sed
576 1019 726 1061 solum
762 1019 807 1060 in
843 1018 1057 1061 civilibus
1091 1018 1298 1071 querelis
1333 1018 1453 1060 inter
1487 1022 1659 1071 partes,
1693 1018 1835 1060 nichil
1870 1018 1917 1060 in

149 1090 483 1142 criminalibus,
516 1101 670 1142 neque
704 1089 761 1130 de
797 1102 926 1131 mero
959 1088 1169 1142 imperio.
1215 1089 1461 1131 Sciendum
1495 1092 1565 1132 est
1599 1090 1760 1142 eciam,
1794 1088 1917 1142 quod

152 1160 232 1202 illa
267 1160 480 1213 exposita
516 1159 638 1202 falsa
676 1163 781 1202 sunt
817 1163 863 1202 et
898 1159 1231 1212 calumpniosa.
1281 1159 1557 1202 Cardinales
1595 1159 1718 1201 enim
1757 1171 1918 1202 omnes

149 1230 468 1284 collegialiter‚
499 1230 685 1272 nemine
719 1230 1029 1283 discrepante,
1061 1230 1253 1272 fuerunt
1284 1230 1435 1283 primi,
1469 1231 1546 1283 qui
1581 1233 1918 1283 persuaserunt

151 1301 350 1344 Johanni
384 1301 494 1343 olim
527 1300 816 1343 oblacionem
849 1304 1005 1343 mutue
1038 1300 1278 1343 cessionis.
1324 1301 1481 1353 Aliqui
1516 1301 1702 1342 illorum
1735 1301 1919 1342 iverunt

153 1374 256 1425 post
284 1371 416 1413 illum
446 1370 704 1414 Scafusiam
737 1371 795 1413 ad
825 1384 964 1413 unam
995 1372 1180 1423 dietam,
1213 1371 1296 1413 sed
1327 1371 1513 1424 quando
1542 1371 1755 1413 transivit
1785 1371 1921 1423 ultra,

153 1442 310 1485 nullus
334 1455 488 1495 neque
514 1442 733 1495 proprius
757 1455 905 1495 nepos
930 1443 1075 1484 voluit
1100 1455 1206 1484 eum
1232 1441 1364 1495 sequi
1389 1441 1534 1484 eciam
1560 1454 1708 1494 usque
1735 1441 1794 1484 ad
1817 1454 1921 1494 por-

152 1516 244 1555 tam
277 1513 450 1566 oppidi.
496 1513 564 1555 De
599 1513 822 1565 symoniis
855 1525 1017 1554 verum
1052 1516 1136 1565 est,
1171 1512 1293 1565 quod
1329 1512 1593 1554 cardinales
1628 1525 1739 1565 sepe
1775 1512 1921 1554 incre-

154 1587 322 1637 parunt
345 1596 451 1625 eum
476 1587 522 1626 et
544 1584 688 1625 verbo
712 1587 757 1626 et
781 1583 827 1625 in
853 1583 1053 1636 scriptis;
1080 1583 1148 1624 illi
1172 1583 1376 1635 fuerunt,
1401 1595 1486 1636 per
1511 1595 1705 1636 quorum
1730 1595 1921 1636 persua-

156 1655 333 1697 sionem
359 1654 614 1697 Castellani
642 1667 690 1697 se
716 1655 980 1696 univerunt.
1018 1653 1196 1706 Scripta
1221 1666 1383 1696 eorum
1408 1653 1454 1694 in
1480 1653 1645 1695 cedula
1670 1652 1790 1695 facta
1817 1655 1923 1694 sunt

155 1728 200 1767 et
223 1725 478 1778 approbata
502 1738 587 1778 per
610 1728 705 1767 tres
729 1724 963 1767 naciones.
1001 1725 1276 1766 Processum
1302 1724 1426 1765 Petri
1450 1724 1507 1765 de
1531 1724 1661 1766 Luna
1684 1735 1804 1766 unus
1828 1736 1922 1765 car-

156 1795 325 1838 dinalis
358 1795 468 1837 fecit
501 1799 545 1838 et
579 1796 835 1848 composuit
868 1798 1010 1837 totum
1044 1794 1399 1848 diligentissime
1433 1798 1479 1837 et
1513 1795 1574 1836 ita
1607 1794 1688 1836 illa
1722 1795 1923 1846 calump-

157 1865 287 1908 niosa
311 1869 429 1909 sunt.
466 1867 520 1908 Et
543 1867 879 1919 procurabatur
903 1866 1008 1908 illos
1032 1868 1076 1907 et
1100 1866 1217 1907 alios
1240 1866 1356 1918 capi,
1379 1865 1456 1918 qui
1481 1865 1827 1907 contrariebant
1849 1877 1923 1905 vo-

157 1937 319 1979 luntati
350 1937 489 1990 regis,
519 1950 577 1978 ne
609 1936 808 1989 amplius
838 1936 1089 1989 quidquam
1119 1939 1324 1989 possent,
1355 1939 1400 1977 et
1430 1938 1479 1977 ut
1509 1935 1588 1977 alii
1618 1938 1923 1986 terrerentur,

157 2007 272 2049 sicut
300 2007 357 2049 de
388 2007 631 2060 premissis
661 2010 732 2049 est
761 2008 1016 2048 communis
1047 2007 1217 2060 opini0.
1262 2007 1316 2048 Et
1345 2007 1481 2059 plura
1512 2006 1655 2048 verba
1686 2017 1924 2058 processe-

158 2080 260 2120 rant
284 2090 309 2120 a
335 2090 459 2131 rege,
486 2090 574 2131 que
600 2078 685 2119 hec
710 2078 950 2119 sonabant.

274 2149 342 2190 Ex
368 2148 598 2202 premissa
624 2149 949 2190 commissione
977 2151 1076 2190 orta
1100 2151 1171 2189 est
1196 2160 1361 2201 magna
1386 2147 1635 2189 commocio
1660 2147 1706 2188 in
1732 2146 1924 2188 concilio

158 2221 203 2260 et
223 2218 297 2260 die
317 2219 546 2261 dominica
567 2219 780 2272 sequenti
802 2219 859 2260 de
882 2231 1031 2270 mane,
1054 2218 1162 2260 dum
1184 2219 1326 2260 missa
1348 2218 1529 2260 concilii
1553 2218 1800 2269 diceretur,
1822 2229 1924 2259 con-

158 2289 332 2342 gregati
364 2293 470 2332 sunt
501 2290 547 2331 in
580 2289 760 2341 palacio
791 2289 1069 2341 cardinales,
1101 2288 1240 2341 legati
1271 2301 1432 2341 regum
1466 2288 1674 2339 Francie,
1707 2287 1924 2337 Castelle,

159 2358 390 2413 Aragonie
427 2363 471 2402 et
509 2360 715 2402 Nauarre
754 2373 805 2402 ac
842 2360 1020 2402 comitis
1060 2359 1176 2401 Fuxi
1213 2362 1259 2401 et
1294 2359 1591 2412 presidentes
1629 2371 1679 2400 ac
1716 2358 1921 2411 deputati

160 2430 402 2472 nacionum
431 2430 599 2484 Ytalie,
630 2430 781 2472 Gallie
811 2433 856 2472 et
885 2429 1108 2483 Hispanie
1138 2433 1184 2471 et
1213 2430 1373 2483 plures
1404 2429 1590 2470 illarum
1621 2425 1920 2480 nacionum.¹¹)

161 2499 412 2543 Presidens
433 2501 641 2544 nacionis
665 2500 916 2543 Germanic
941 2501 1195 2553 requisitus
1218 2500 1394 2552 venire,
1418 2512 1510 2541 non
1533 2500 1673 2549 venit,
1697 2499 1779 2541 sed
1803 2498 1925 2539 misit

161 2572 527 2623 excusacionem,
550 2571 672 2625 quod
695 2575 795 2614 erat
816 2584 917 2613 cum
942 2583 1066 2624 rege.
1102 2571 1191 2612 Nec
1214 2570 1415 2623 aliquem
1439 2570 1576 2621 misit,
1597 2569 1686 2611 nisi
1710 2569 1767 2611 ad
1790 2581 1925 2610 excu-

162 2641 373 2694 sandum;
409 2642 568 2685 nullus
604 2642 660 2684 de
698 2642 866 2695 Anglia
902 2642 1040 2683 venit.
1090 2641 1496 2692 Deliberaverunt,
1532 2640 1643 2693 quid
1680 2639 1922 2692 agendum.

144 2710 512 2765 -Concluserunt,
533 2713 655 2765 quod
678 2712 953 2754 mandarent
976 2712 1243 2765 magistrum
1266 2711 1433 2752 civium
1456 2714 1501 2753 et
1521 2711 1736 2752 consules
1758 2712 1802 2751 et
1822 2721 1925 2762 pro-

162 2783 375 2825 consules
410 2782 619 2835 civitatis‚
655 2787 699 2825 et
734 2786 976 2824 venerunt.
1027 2782 1128 2824 Fuit
1163 2782 1232 2824 eis
1268 2781 1529 2835 expositum
1565 2779 1805 2833 negocium
1840 2791 1924 2832 per

163 2852 444 2895 cardinalem
483 2854 701 2896 Pisanum
740 2867 797 2895 ex
836 2857 967 2906 parte
1006 2852 1208 2895 omnium
1248 2852 1575 2905 predictorum,
1613 2854 1657 2892 et
1695 2850 1817 2902 quod
1856 2850 1922 2890 illi

165 2921 338 2965 iudices
368 2924 545 2966 nullam
579 2925 623 2966 in
656 2925 740 2966 hoc
772 2924 1009 2966 habebant
1040 2925 1329 2976 potestatem,
1362 2922 1484 2975 quod
1516 2922 1627 2963 talia
1659 2923 1791 2962 erant
1823 2932 1925 2961 con-

164 2992 336 3043 spirata
366 3006 451 3047 per
482 2994 636 3036 odium
668 2997 752 3036 etc.
796 2993 1098 3047 Requisitum,
1130 2993 1266 3045 quod,
1299 2992 1413 3035 sicut
1443 2991 1767 3044 promiserant,
1800 2994 1925 3031 tene-

267 3076 350 3131 εἶθ,
372 3098 418 3124 D:
439 3098 626 3125 summaria.
663 3098 696 3131 b)
721 3094 854 3126 Ytalie'.
875 3118 881 3124 .
902 3120 908 3126 .
929 3096 1102 3124 nacionum
1125 3095 1206 3129 fehlt
1230 3097 1263 3123 B.
