2102 3444
202 148 287 190 364
739 148 762 180 I.
790 146 999 181 Abschnitt.
1040 145 1438 189 Konzilstagebiicher.

320 265 493 316 Quibus
527 278 612 318 per
646 278 751 307 eum
787 265 851 306 sic
886 263 1017 307 dictis
1052 263 1198 306 dictus
1231 267 1502 316 procurator
1536 263 1717 305 concilii
1753 263 1971 317 allegavit

202 336 258 377 de
294 336 537 389 premissis
571 349 656 389 per
692 335 860 376 dictum
895 334 1181 376 cardinalem
1217 334 1350 377 dictis
1385 334 1577 376 retineri
1614 335 1970 376 instrumentum

203 410 247 449 et
276 406 361 449 hoc
388 406 436 447 in
464 418 689 458 processu
720 404 984 446 huiusmodi
1016 405 1175 457 inseri,
1204 417 1306 447 cum
1336 417 1422 458 per
1451 406 1536 447 hec
1566 405 1691 446 clare
1723 406 1974 457 appareret

203 476 471 519 citacionem
500 476 757 530 predictam
787 476 845 518 ad
876 475 981 518 dicti
1013 476 1054 517 d.
1086 475 1312 518 Johannis
1342 476 1559 518 noticiam
1588 474 1876 528 pervenisse.
1920 475 1974 516 Et

201 547 372 589 deinde
403 547 522 589 dicto
551 546 777 588 cardinali
806 546 1061 599 replicavit,
1091 546 1228 600 quod,
1255 559 1358 588 cum
1387 547 1472 588 hec
1501 558 1641 588 causa
1666 548 1795 588 esset
1821 546 1973 587 crimi-

202 619 323 661 nalis
354 621 401 660 et
431 617 737 660 criminaliter
766 618 1055 670 intemptata,
1090 618 1211 659 idem
1246 617 1485 660 Johannes
1520 617 1579 659 ad
1611 629 1661 659 se
1695 615 1974 659 deffenden-

204 689 310 731 dum
345 690 391 730 in
422 688 587 731 eadem
621 701 706 742 per
739 691 1066 741 procuratores
1096 701 1189 730 non
1224 688 1424 730 debebat
1457 687 1648 730 admitti.
1694 687 1896 741 Postque
1931 687 1972 730 d.

203 760 465 802 cardinales
494 759 639 802 sancti
673 758 811 801 Marci
841 759 1015 801 ibidem
1044 759 1229 812 publice
1261 759 1381 811 dicit,
1412 758 1534 812 quod
1563 771 1680 801 onus
1709 757 1972 800 huiusmodi

202 829 508 883 procuratorii
532 830 580 872 in
601 842 653 873 se
677 842 917 873 assumere
941 829 1162 872 nollebat.
1200 829 1462 872 Cardinalis
1486 841 1597 871 vero
1622 828 1974 871 Cameracensis

203 901 374 943 ibidem
403 913 488 954 pro
516 903 622 943 tunc
650 913 744 943 non
772 904 874 943 erat
902 935 910 942 .
947 934 955 942 .
991 934 998 942 .

321 971 405 1014 Die
434 972 595 1014 martis
622 971 777 1014 XIIII.
808 971 915 1014 dicti
943 971 1118 1014 mensis
1150 971 1255 1014 Maii
1283 971 1370 1013 fuit
1399 971 1562 1024 sessio,
1590 970 1637 1012 in
1666 983 1756 1024 qua
1783 970 1974 1013 fuerunt

203 1043 244 1085 d.
270 1043 536 1096 imperator,
561 1042 695 1085 XVII
720 1042 999 1096 cardinales,
1023 1045 1207 1085 centum
1231 1042 1400 1096 prelati
1426 1041 1596 1084 mitrati
1622 1042 1696 1083 vel
1722 1042 1844 1084 circa
1869 1041 1970 1095 ...¹)

321 1125 405 1167 Die
436 1125 553 1167 iovis
586 1125 759 1167 XXIII.
792 1124 968 1168 mensis
1003 1124 1109 1167 Maii
1141 1128 1440 1167 recesserunt
1472 1125 1678 1178 quinque
1711 1123 1975 1166 cardinales

203 1197 260 1239 ad
291 1196 332 1238 d.
362 1199 572 1239 nostrum
601 1208 771 1249 papam
801 1195 857 1238 de
888 1195 1105 1238 mandato
1135 1195 1330 1249 concilii,
1360 1195 1579 1238 videlicet
1609 1195 1975 1247 CameracensiS‚

206 1268 517 1321 Florentinus,
542 1267 598 1309 de
623 1266 871 1321 Chalanco‚
893 1266 1182 1310 Saluciarum
1206 1270 1251 1309 et
1274 1266 1330 1308 de
1353 1266 1539 1309 Ursinis
1563 1266 1621 1309 ad
1642 1266 1974 1320 exponendum

205 1338 292 1380 sibi
326 1351 597 1392 processum
633 1337 804 1381 factum
841 1341 1000 1380 contra
1035 1350 1140 1379 eum
1178 1341 1222 1380 et
1258 1338 1478 1380 articulos
1512 1337 1736 1379 formatos
1773 1340 1818 1379 et
1853 1336 1975 1390 quod

203 1412 330 1452 esset
353 1409 540 1463 bonum,
566 1409 691 1462 quod
716 1409 817 1463 ipse
845 1409 1129 1451 consentiret
1153 1409 1288 1451 dictis
1313 1412 1359 1450 et
1385 1408 1658 1451 ordinandis
1679 1411 1731 1450 «et
1754 1407 1976 1450 diffinici-

204 1481 372 1524 onibus
395 1480 514 1523 sacri
537 1480 719 1523 concilii
743 1480 1049 1534 approbando
1072 1480 1163 1522 iam
1187 1479 1324 1522 factis
1345 1483 1392 1522 et
1413 1479 1559 1522 eciam
1582 1478 1824 1522 faciendis.
1860 1479 1975 1531 Quia

204 1553 266 1594 sic
296 1551 512 1594 faciendo
542 1550 711 1593 dictum
742 1563 923 1594 sacrum
954 1551 1198 1593 concilium
1229 1550 1410 1593 dulcius
1439 1563 1545 1592 eum
1576 1553 1808 1602 tractaret,
1838 1561 1975 1602 quam

205 1636 287 1665 sua
317 1622 543 1665 demerita
572 1621 837 1675 exigebant.
1428 1627 1434 1631 ’

321 1705 596 1758 Quiquidem
627 1706 669 1748 d.
701 1705 940 1748 Johannes
972 1705 1150 1748 eisdem
1182 1704 1437 1758 respondit,
1468 1707 1606 1757 prout
1636 1705 1683 1745 in
1715 1704 1879 1746 cedula
1910 1704 1977 1745 in-

205 1776 452 1829 frascripta
478 1776 751 1819 continetur.

327 1848 438 1889 Item
473 1847 638 1890 eadem
674 1848 748 1890 die
783 1847 870 1890 fuit
905 1847 1130 1890 adductus
1163 1847 1432 1889 Jeronimus
1467 1846 1523 1888 de
1559 1846 1709 1900 Praga
1742 1845 1976 1888 hereticus

204 1922 246 1960 et
283 1918 407 1960 misit
441 1931 547 1960 eum
581 1918 843 1961 Ludovicus
876 1919 934 1960 de
970 1918 1181 1961 Bavariis
1217 1930 1319 1960 cum
1353 1918 1475 1960 bona
1509 1917 1705 1960 cathena
1740 1917 1797 1959 de
1832 1916 1974 1958 ferro.

208 1989 335 2031 Idem
370 1989 629 2031 Ludovicus
663 1993 792 2032 tenet
823 1992 1004 2043 partem
1040 1989 1232 2031 Errorii.
1281 1988 1373 2031 Sed
1406 1992 1562 2031 tamen
1597 1988 1810 2031 submisit
1845 2000 1896 2030 se
1931 1990 1976 2029 et

206 2060 326 2103 bona
355 2060 413 2102 ad
442 2059 801 2113 disposicionem
831 2060 1011 2102 concilii
1040 2060 1290 2112 generalis.
1334 2059 1388 2101 Et
1416 2059 1504 2101 fuit
1532 2059 1679 2101 dictus
1708 2059 1976 2101 Jeronimus

205 2132 384 2184 positus
421 2131 467 2172 in
506 2131 785 2173 carceribus.
836 2131 934 2173 Non
972 2131 1135 2173 habuit
1172 2134 1411 2172 tonsuram
1448 2134 1496 2172 et
1533 2129 1777 2172 confessus
1816 2132 1886 2172 est
1925 2141 1974 2171 se

205 2201 385 2244 nullum
410 2201 586 2244 habere
612 2201 823 2244 ordinem
852 2235 859 2243 .
896 2235 904 2243 .
941 2236 948 2243 .

323 2272 500 2315 Diebus
528 2285 640 2315 vero
665 2273 973 2324 sequentibus
998 2285 1148 2325 usque
1177 2273 1235 2314 ad
1263 2272 1521 2314 sessionem
1550 2271 1676 2314 infra
1703 2274 1975 2324 sequentem

205 2347 495 2396 promotores
529 2347 576 2385 et
606 2346 934 2396 procuratores
964 2344 1075 2385 -dicti
1113 2344 1230 2386 sacri
1265 2343 1446 2385 concilii
1482 2342 1849 2396 supranominati
1884 2342 1976 2384 for—

204 2419 448 2457 maverunt
477 2415 697 2457 articulos
722 2417 883 2456 contra
899 2414 1068 2456 dictum
1080 2414 1126 2455 d.
1143 2414 1170 2456 J
1173 2414 1405 2456 ohannem
1422 2414 1547 2455 infra
1561 2413 1822 2466 descriptos
1835 2416 1882 2454 et
1895 2425 1976 2455 eos

206 2498 291 2539 per
312 2489 463 2527 certos
488 2485 733 2527 advocatos
758 2488 802 2527 et
827 2485 942 2527 alios
968 2485 1025 2527 ad
1049 2485 1134 2527 hoc
1159 2485 1404 2538 deputatos
1427 2485 1552 2527 visos
1574 2487 1621 2526 et
1644 2486 1875 2526 correctos
1898 2496 1975 2525 ex-

205 2555 456 2598 hibuerunt
486 2555 818 2598 commissariis
847 2568 989 2608 supra
1021 2555 1253 2608 deputatis
1284 2556 1342 2597 ad
1372 2558 1515 2597 testes
1546 2554 1901 2608 respondendos
1932 2556 1976 2596 et

206 2626 556 2669 examinandos.
605 2626 861 2679 Testesque
896 2638 1032 2679 quam
1065 2626 1242 2679 plures,
1277 2626 1451 2668 scilicet
1484 2625 1749 2668 cardinales
1778 2628 1826 2667 et
1859 2626 1976 2667 alios

206 2698 412 2751 prelatos
438 2701 484 2739 et
513 2698 631 2740 alias
657 2696 889 2739 notabiles
917 2709 1144 2749 personas
1171 2696 1334 2739 citatos
1358 2709 1514 2738 coram
1539 2696 1612 2739 eis
1637 2695 1974 2749 [produxerunt.

206 2769 482 2823 Quiquidem
519 2772 663 2810 testes
703 2767 962 2811 successive
1002 2768 1177 2820 recepti
1216 2767 1407 2809 fuerunt
1445 2767 1491 2809 in
1530 2767 1681 2810 forma
1720 2767 1767 2809 in
1804 2767 1975 2810 talibus

205 2842 438 2882 consueta.
478 2840 534 2881 Et
555 2839 743 2882 tandem
767 2851 930 2880 *eorum
958 2838 1078 2880 dicta
1104 2841 1331 2880 summata
1356 2841 1401 2880 et
1427 2839 1675 2881 recollecta
1700 2850 1843 2891 super
1868 2849 1975 2890 quo-

208 2911 320 2953 libet
348 2910 542 2954 articulo
568 2922 655 2964 per
683 2909 828 2952 dictos
854 2908 1197 2951 commissarios
1226 2911 1271 2950 et
1300 2909 1345 2950 in
1374 2909 1568 2951 nacione
1598 2908 1805 2962 qualibet
1832 2907 1975 2950 effec-

327 3054 356 3091 ¹)
383 3052 518 3085 *weiler
544 3051 738 3085 inhalllicle
766 3051 840 3092 *wic
866 3050 929 3084 die
956 3048 1165 3093 ofsiziellen
1192 3049 1328 3084 Alelen.
