<?xml version="1.0" encoding="UTF-8"?>
<!DOCTYPE html PUBLIC "-//W3C//DTD XHTML 1.0 Transitional//EN"
    "http://www.w3.org/TR/xhtml1/DTD/xhtml1-transitional.dtd">
<html xmlns="http://www.w3.org/1999/xhtml" xml:lang="en" lang="en">
 <head>
  <title>
</title>
<meta http-equiv="Content-Type" content="text/html;charset=utf-8" />
  <meta name='ocr-system' content='tesseract 3.04.00' />
  <meta name='ocr-capabilities' content='ocr_page ocr_carea ocr_par ocr_line ocrx_word'/>
</head>
<body>
  <div class='ocr_page' id='page_1' title='image "./actaconciliicons02counuoft_0486.png"; bbox 0 0 2102 3444; ppageno 0'>
   <div class='ocr_carea' id='block_1_1' title="bbox 162 139 1582 184">
    <p class='ocr_par' dir='ltr' id='par_1_1' title="bbox 162 139 1582 184">
     <span class='ocr_line' id='line_1_1' title="bbox 162 139 1582 184; baseline -0.001 -9"><span class='ocrx_word' id='word_1_1' title='bbox 162 143 247 184; x_wconf 74' lang='lat'>472</span> <span class='ocrx_word' id='word_1_2' title='bbox 517 141 563 174; x_wconf 86' lang='lat'>11.</span> <span class='ocrx_word' id='word_1_3' title='bbox 595 140 805 175; x_wconf 79' lang='lat' dir='ltr'>Abschnitt.</span> <span class='ocrx_word' id='word_1_4' title='bbox 849 142 1053 173; x_wconf 71' lang='lat' dir='ltr'>Sermones</span> <span class='ocrx_word' id='word_1_5' title='bbox 1083 139 1231 173; x_wconf 87' lang='lat' dir='ltr'>concilii</span> <span class='ocrx_word' id='word_1_6' title='bbox 1265 139 1582 173; x_wconf 77' lang='lat' dir='ltr'>Constanciensis,</span> 
     </span>
    </p>
   </div>
   <div class='ocr_carea' id='block_1_2' title="bbox 161 257 1936 2361">
    <p class='ocr_par' dir='ltr' id='par_1_2' title="bbox 161 257 1936 2361">
     <span class='ocr_line' id='line_1_2' title="bbox 165 257 1932 311; baseline -0.001 -11"><span class='ocrx_word' id='word_1_7' title='bbox 165 272 320 300; x_wconf 91' lang='lat' dir='ltr'>rerum</span> <span class='ocrx_word' id='word_1_8' title='bbox 355 259 673 311; x_wconf 90' lang='lat' dir='ltr'>magnitudine</span> <span class='ocrx_word' id='word_1_9' title='bbox 709 271 808 299; x_wconf 91' lang='lat' dir='ltr'>cum</span> <span class='ocrx_word' id='word_1_10' title='bbox 845 270 1022 299; x_wconf 90' lang='lat' dir='ltr'>summa</span> <span class='ocrx_word' id='word_1_11' title='bbox 1057 257 1297 310; x_wconf 80' lang='lat' dir='ltr'>diligentia</span> <span class='ocrx_word' id='word_1_12' title='bbox 1332 261 1389 309; x_wconf 85' lang='lat' dir='ltr'>et,</span> <span class='ocrx_word' id='word_1_13' title='bbox 1426 261 1597 310; x_wconf 91' lang='lat' dir='ltr'>quanta</span> <span class='ocrx_word' id='word_1_14' title='bbox 1632 258 1739 299; x_wconf 84' lang='lat' dir='ltr'>fieri</span> <span class='ocrx_word' id='word_1_15' title='bbox 1774 257 1932 310; x_wconf 90' lang='lat' dir='ltr'>potuit,</span> 
     </span>
     <span class='ocr_line' id='line_1_3' title="bbox 165 328 1933 381; baseline -0.001 -10"><span class='ocrx_word' id='word_1_16' title='bbox 165 331 403 371; x_wconf 83' lang='lat' dir='ltr'>celeritate</span> <span class='ocrx_word' id='word_1_17' title='bbox 444 332 786 370; x_wconf 89' lang='lat' dir='ltr'>consumarunt.</span> <span class='ocrx_word' id='word_1_18' title='bbox 838 328 1061 379; x_wconf 67' lang='lat' dir='ltr'>Quoniam</span> <span class='ocrx_word' id='word_1_19' title='bbox 1103 331 1255 369; x_wconf 87' lang='lat' dir='ltr'>autem</span> <span class='ocrx_word' id='word_1_20' title='bbox 1297 340 1382 380; x_wconf 90' lang='lat' dir='ltr'>per</span> <span class='ocrx_word' id='word_1_21' title='bbox 1423 328 1611 370; x_wconf 89' lang='lat' dir='ltr'>easdem</span> <span class='ocrx_word' id='word_1_22' title='bbox 1653 341 1695 381; x_wconf 92' lang='lat' dir='ltr'>p.</span> <span class='ocrx_word' id='word_1_23' title='bbox 1738 341 1776 370; x_wconf 84' lang='lat' dir='ltr'>v,</span> <span class='ocrx_word' id='word_1_24' title='bbox 1820 329 1933 381; x_wconf 89' lang='lat' dir='ltr'>ipsis</span> 
     </span>
     <span class='ocr_line' id='line_1_4' title="bbox 165 399 1932 451; baseline -0.001 -9"><span class='ocrx_word' id='word_1_25' title='bbox 165 401 416 442; x_wconf 91' lang='lat' dir='ltr'>iniunctum</span> <span class='ocrx_word' id='word_1_26' title='bbox 439 403 521 451; x_wconf 87' lang='lat' dir='ltr'>est,</span> <span class='ocrx_word' id='word_1_27' title='bbox 543 403 588 440; x_wconf 91' lang='lat' dir='ltr'>ut</span> <span class='ocrx_word' id='word_1_28' title='bbox 611 399 666 440; x_wconf 91' lang='lat' dir='ltr'>de</span> <span class='ocrx_word' id='word_1_29' title='bbox 688 399 831 451; x_wconf 86' lang='lat' dir='ltr'>gestis</span> <span class='ocrx_word' id='word_1_30' title='bbox 851 411 935 451; x_wconf 88' lang='lat' dir='ltr'>per</span> <span class='ocrx_word' id='word_1_31' title='bbox 955 411 1036 440; x_wconf 89' lang='lat' dir='ltr'>eos</span> <span class='ocrx_word' id='word_1_32' title='bbox 1058 399 1331 440; x_wconf 75' lang='lat' dir='ltr'>relationem</span> <span class='ocrx_word' id='word_1_33' title='bbox 1355 399 1563 440; x_wconf 78' lang='lat' dir='ltr'>fideliter</span> <span class='ocrx_word' id='word_1_34' title='bbox 1584 411 1627 451; x_wconf 90' lang='lat' dir='ltr'>p.</span> <span class='ocrx_word' id='word_1_35' title='bbox 1648 413 1687 440; x_wconf 88' lang='lat' dir='ltr'>v.</span> <span class='ocrx_word' id='word_1_36' title='bbox 1710 399 1932 451; x_wconf 80' lang='lat' dir='ltr'>facerent,</span> 
     </span>
     <span class='ocr_line' id='line_1_5' title="bbox 164 469 1932 522; baseline -0.001 -11"><span class='ocrx_word' id='word_1_37' title='bbox 164 471 279 512; x_wconf 88' lang='lat' dir='ltr'>hanc</span> <span class='ocrx_word' id='word_1_38' title='bbox 314 471 593 512; x_wconf 79' lang='lat' dir='ltr'>relacionem</span> <span class='ocrx_word' id='word_1_39' title='bbox 629 470 685 510; x_wconf 93' lang='lat' dir='ltr'>de</span> <span class='ocrx_word' id='word_1_40' title='bbox 720 469 925 521; x_wconf 88' lang='lat' dir='ltr'>ipsorum</span> <span class='ocrx_word' id='word_1_41' title='bbox 960 469 1176 510; x_wconf 88' lang='lat' dir='ltr'>mandato</span> <span class='ocrx_word' id='word_1_42' title='bbox 1210 470 1375 511; x_wconf 82' lang='lat' dir='ltr'>factam</span> <span class='ocrx_word' id='word_1_43' title='bbox 1411 481 1607 522; x_wconf 86' lang='lat' dir='ltr'>sperans</span> <span class='ocrx_word' id='word_1_44' title='bbox 1643 469 1699 511; x_wconf 92' lang='lat' dir='ltr'>de</span> <span class='ocrx_word' id='word_1_45' title='bbox 1734 469 1932 522; x_wconf 90' lang='lat' dir='ltr'>benigna</span> 
     </span>
     <span class='ocr_line' id='line_1_6' title="bbox 164 540 1934 593; baseline 0 -12"><span class='ocrx_word' id='word_1_46' title='bbox 164 542 513 593; x_wconf 77' lang='lat' dir='ltr'>supportatione</span> <span class='ocrx_word' id='word_1_47' title='bbox 547 553 589 592; x_wconf 91' lang='lat' dir='ltr'>p.</span> <span class='ocrx_word' id='word_1_48' title='bbox 623 554 661 583; x_wconf 78' lang='lat' dir='ltr'>v,</span> <span class='ocrx_word' id='word_1_49' title='bbox 696 542 740 581; x_wconf 92' lang='lat' dir='ltr'>et</span> <span class='ocrx_word' id='word_1_50' title='bbox 773 540 829 581; x_wconf 93' lang='lat' dir='ltr'>de</span> <span class='ocrx_word' id='word_1_51' title='bbox 863 540 1069 592; x_wconf 88' lang='lat' dir='ltr'>ipsorum</span> <span class='ocrx_word' id='word_1_52' title='bbox 1102 540 1384 592; x_wconf 86' lang='lat' dir='ltr'>collegarum</span> <span class='ocrx_word' id='word_1_53' title='bbox 1419 540 1721 592; x_wconf 90' lang='lat' dir='ltr'>supplecione</span> <span class='ocrx_word' id='word_1_54' title='bbox 1755 542 1800 581; x_wconf 92' lang='lat' dir='ltr'>et</span> <span class='ocrx_word' id='word_1_55' title='bbox 1830 551 1934 592; x_wconf 90' lang='lat' dir='ltr'>pre-</span> 
     </span>
     <span class='ocr_line' id='line_1_7' title="bbox 163 609 1934 664; baseline -0.001 -12"><span class='ocrx_word' id='word_1_56' title='bbox 163 612 294 664; x_wconf 84' lang='lat' dir='ltr'>cipue</span> <span class='ocrx_word' id='word_1_57' title='bbox 327 611 707 652; x_wconf 72' lang='lat' dir='ltr'>reverendissimi</span> <span class='ocrx_word' id='word_1_58' title='bbox 740 610 913 651; x_wconf 92' lang='lat' dir='ltr'>domini</span> <span class='ocrx_word' id='word_1_59' title='bbox 945 611 1033 651; x_wconf 92' lang='lat' dir='ltr'>mei</span> <span class='ocrx_word' id='word_1_60' title='bbox 1065 609 1316 652; x_wconf 91' lang='lat' dir='ltr'>cardinalis</span> <span class='ocrx_word' id='word_1_61' title='bbox 1348 611 1490 651; x_wconf 87' lang='lat' dir='ltr'>sancti</span> <span class='ocrx_word' id='word_1_62' title='bbox 1528 610 1679 662; x_wconf 88' lang='lat' dir='ltr'>Marci,</span> <span class='ocrx_word' id='word_1_63' title='bbox 1709 610 1795 662; x_wconf 87' lang='lat' dir='ltr'>cui,</span> <span class='ocrx_word' id='word_1_64' title='bbox 1824 614 1934 652; x_wconf 91' lang='lat' dir='ltr'>tam-</span> 
     </span>
     <span class='ocr_line' id='line_1_8' title="bbox 163 680 1934 734; baseline -0.001 -11"><span class='ocrx_word' id='word_1_65' title='bbox 163 695 298 734; x_wconf 84' lang='lat' dir='ltr'>quam</span> <span class='ocrx_word' id='word_1_66' title='bbox 326 681 518 734; x_wconf 89' lang='lat' dir='ltr'>presuli,</span> <span class='ocrx_word' id='word_1_67' title='bbox 548 680 719 722; x_wconf 91' lang='lat' dir='ltr'>domini</span> <span class='ocrx_word' id='word_1_68' title='bbox 748 681 837 722; x_wconf 90' lang='lat' dir='ltr'>mei</span> <span class='ocrx_word' id='word_1_69' title='bbox 865 682 1041 733; x_wconf 83' lang='lat' dir='ltr'>college</span> <span class='ocrx_word' id='word_1_70' title='bbox 1071 680 1280 733; x_wconf 79' lang='lat' dir='ltr'>predicti,</span> <span class='ocrx_word' id='word_1_71' title='bbox 1309 685 1356 722; x_wconf 91' lang='lat' dir='ltr'>ut</span> <span class='ocrx_word' id='word_1_72' title='bbox 1383 693 1553 733; x_wconf 89' lang='lat' dir='ltr'>equum</span> <span class='ocrx_word' id='word_1_73' title='bbox 1580 684 1695 733; x_wconf 90' lang='lat' dir='ltr'>erat,</span> <span class='ocrx_word' id='word_1_74' title='bbox 1725 681 1934 722; x_wconf 89' lang='lat' dir='ltr'>iniunxe-</span> 
     </span>
     <span class='ocr_line' id='line_1_9' title="bbox 163 751 1934 804; baseline 0 -12"><span class='ocrx_word' id='word_1_75' title='bbox 163 756 268 794; x_wconf 88' lang='lat' dir='ltr'>runt</span> <span class='ocrx_word' id='word_1_76' title='bbox 304 765 484 803; x_wconf 88' lang='lat' dir='ltr'>munus,</span> <span class='ocrx_word' id='word_1_77' title='bbox 520 755 588 794; x_wconf 89' lang='lat' dir='ltr'>set</span> <span class='ocrx_word' id='word_1_78' title='bbox 624 752 681 793; x_wconf 93' lang='lat' dir='ltr'>ob</span> <span class='ocrx_word' id='word_1_79' title='bbox 718 751 968 804; x_wconf 88' lang='lat' dir='ltr'>aliqualem</span> <span class='ocrx_word' id='word_1_80' title='bbox 1005 751 1275 793; x_wconf 87' lang='lat' dir='ltr'>discrasiam</span> <span class='ocrx_word' id='word_1_81' title='bbox 1314 752 1414 804; x_wconf 89' lang='lat' dir='ltr'>ipso</span> <span class='ocrx_word' id='word_1_82' title='bbox 1451 751 1657 803; x_wconf 90' lang='lat' dir='ltr'>inpedito</span> <span class='ocrx_word' id='word_1_83' title='bbox 1692 764 1791 804; x_wconf 90' lang='lat' dir='ltr'>ego,</span> <span class='ocrx_word' id='word_1_84' title='bbox 1827 751 1934 792; x_wconf 89' lang='lat' dir='ltr'>licet</span> 
     </span>
     <span class='ocr_line' id='line_1_10' title="bbox 164 820 1932 875; baseline -0.001 -11"><span class='ocrx_word' id='word_1_85' title='bbox 164 824 251 864; x_wconf 90' lang='lat' dir='ltr'>sibi</span> <span class='ocrx_word' id='word_1_86' title='bbox 288 836 481 875; x_wconf 90' lang='lat' dir='ltr'>prorsus</span> <span class='ocrx_word' id='word_1_87' title='bbox 519 820 668 875; x_wconf 88' lang='lat' dir='ltr'>inpar,</span> <span class='ocrx_word' id='word_1_88' title='bbox 707 836 789 864; x_wconf 90' lang='lat' dir='ltr'>suo</span> <span class='ocrx_word' id='word_1_89' title='bbox 827 823 926 865; x_wconf 88' lang='lat' dir='ltr'>loco</span> <span class='ocrx_word' id='word_1_90' title='bbox 962 826 1020 874; x_wconf 85' lang='lat' dir='ltr'>et,</span> <span class='ocrx_word' id='word_1_91' title='bbox 1058 822 1094 864; x_wconf 92' lang='lat' dir='ltr'>si</span> <span class='ocrx_word' id='word_1_92' title='bbox 1132 835 1224 863; x_wconf 90' lang='lat' dir='ltr'>non</span> <span class='ocrx_word' id='word_1_93' title='bbox 1262 822 1517 875; x_wconf 84' lang='lat' dir='ltr'>eleganter,</span> <span class='ocrx_word' id='word_1_94' title='bbox 1554 825 1602 863; x_wconf 92' lang='lat' dir='ltr'>ut</span> <span class='ocrx_word' id='word_1_95' title='bbox 1638 822 1683 862; x_wconf 92' lang='lat' dir='ltr'>in</span> <span class='ocrx_word' id='word_1_96' title='bbox 1719 824 1846 864; x_wconf 89' lang='lat' dir='ltr'>tanta</span> <span class='ocrx_word' id='word_1_97' title='bbox 1881 834 1932 863; x_wconf 91' lang='lat' dir='ltr'>re</span> 
     </span>
     <span class='ocr_line' id='line_1_11' title="bbox 163 891 1935 946; baseline -0.001 -12"><span class='ocrx_word' id='word_1_98' title='bbox 163 893 402 946; x_wconf 62' lang='lat' dir='ltr'>deceret,a)</span> <span class='ocrx_word' id='word_1_99' title='bbox 437 894 601 935; x_wconf 90' lang='lat' dir='ltr'>saltem</span> <span class='ocrx_word' id='word_1_100' title='bbox 632 893 819 935; x_wconf 92' lang='lat' dir='ltr'>omnino</span> <span class='ocrx_word' id='word_1_101' title='bbox 849 892 1057 934; x_wconf 84' lang='lat' dir='ltr'>fideliter</span> <span class='ocrx_word' id='word_1_102' title='bbox 1086 893 1344 945; x_wconf 89' lang='lat' dir='ltr'>adimplere</span> <span class='ocrx_word' id='word_1_103' title='bbox 1377 892 1586 934; x_wconf 81' lang='lat' dir='ltr'>studebo.</span> <span class='ocrx_word' id='word_1_104' title='bbox 1628 892 1699 933; x_wconf 81' lang='lat' dir='ltr'>Ad</span> <span class='ocrx_word' id='word_1_105' title='bbox 1727 891 1935 934; x_wconf 89' lang='lat' dir='ltr'>commis-</span> 
     </span>
     <span class='ocr_line' id='line_1_12' title="bbox 163 962 1934 1016; baseline -0.001 -11"><span class='ocrx_word' id='word_1_106' title='bbox 163 964 339 1006; x_wconf 83' lang='lat' dir='ltr'>sionem</span> <span class='ocrx_word' id='word_1_107' title='bbox 374 967 526 1005; x_wconf 91' lang='lat' dir='ltr'>autem</span> <span class='ocrx_word' id='word_1_108' title='bbox 560 963 836 1016; x_wconf 84' lang='lat' dir='ltr'>premissam</span> <span class='ocrx_word' id='word_1_109' title='bbox 871 963 1068 1016; x_wconf 82' lang='lat' dir='ltr'>prefatis</span> <span class='ocrx_word' id='word_1_110' title='bbox 1102 963 1302 1005; x_wconf 89' lang='lat' dir='ltr'>dominis</span> <span class='ocrx_word' id='word_1_111' title='bbox 1336 964 1452 1005; x_wconf 85' lang='lat' dir='ltr'>meis</span> <span class='ocrx_word' id='word_1_112' title='bbox 1486 962 1653 1005; x_wconf 85' lang='lat' dir='ltr'>factam</span> <span class='ocrx_word' id='word_1_113' title='bbox 1686 975 1745 1004; x_wconf 83' lang='lat' dir='ltr'>ex</span> <span class='ocrx_word' id='word_1_114' title='bbox 1778 962 1934 1004; x_wconf 89' lang='lat' dir='ltr'>multis</span> 
     </span>
     <span class='ocr_line' id='line_1_13' title="bbox 161 1033 1934 1087; baseline -0.001 -11"><span class='ocrx_word' id='word_1_115' title='bbox 161 1034 618 1077; x_wconf 88' lang='lat' dir='ltr'>consideracionibus</span> <span class='ocrx_word' id='word_1_116' title='bbox 664 1034 709 1075; x_wconf 94' lang='lat' dir='ltr'>in</span> <span class='ocrx_word' id='word_1_117' title='bbox 755 1035 854 1087; x_wconf 91' lang='lat' dir='ltr'>ipsa</span> <span class='ocrx_word' id='word_1_118' title='bbox 899 1035 1222 1076; x_wconf 82' lang='lat' dir='ltr'>commissione</span> <span class='ocrx_word' id='word_1_119' title='bbox 1267 1033 1508 1086; x_wconf 84' lang='lat' dir='ltr'>expressis</span> <span class='ocrx_word' id='word_1_120' title='bbox 1552 1033 1778 1086; x_wconf 90' lang='lat' dir='ltr'>processit</span> <span class='ocrx_word' id='word_1_121' title='bbox 1819 1033 1934 1075; x_wconf 87' lang='lat' dir='ltr'>haec</span> 
     </span>
     <span class='ocr_line' id='line_1_14' title="bbox 164 1104 1934 1158; baseline -0.001 -11"><span class='ocrx_word' id='word_1_122' title='bbox 164 1119 294 1148; x_wconf 89' lang='lat' dir='ltr'>sacra</span> <span class='ocrx_word' id='word_1_123' title='bbox 329 1106 520 1147; x_wconf 90' lang='lat' dir='ltr'>sinodus</span> <span class='ocrx_word' id='word_1_124' title='bbox 554 1110 599 1147; x_wconf 91' lang='lat' dir='ltr'>et</span> <span class='ocrx_word' id='word_1_125' title='bbox 633 1109 769 1158; x_wconf 88' lang='lat' dir='ltr'>prout</span> <span class='ocrx_word' id='word_1_126' title='bbox 803 1105 1126 1158; x_wconf 85' lang='lat' dir='ltr'>principaliter</span> <span class='ocrx_word' id='word_1_127' title='bbox 1161 1108 1348 1156; x_wconf 86' lang='lat' dir='ltr'>attento,</span> <span class='ocrx_word' id='word_1_128' title='bbox 1384 1105 1506 1157; x_wconf 91' lang='lat' dir='ltr'>quod</span> <span class='ocrx_word' id='word_1_129' title='bbox 1540 1104 1736 1146; x_wconf 88' lang='lat' dir='ltr'>ecclesia</span> <span class='ocrx_word' id='word_1_130' title='bbox 1771 1104 1817 1145; x_wconf 92' lang='lat' dir='ltr'>in</span> <span class='ocrx_word' id='word_1_131' title='bbox 1852 1116 1934 1146; x_wconf 90' lang='lat' dir='ltr'>sua</span> 
     </span>
     <span class='ocr_line' id='line_1_15' title="bbox 164 1175 1934 1228; baseline -0.001 -10"><span class='ocrx_word' id='word_1_132' title='bbox 164 1176 336 1218; x_wconf 82' lang='lat' dir='ltr'>unitate</span> <span class='ocrx_word' id='word_1_133' title='bbox 359 1176 414 1218; x_wconf 82' lang='lat'>38</span> <span class='ocrx_word' id='word_1_134' title='bbox 435 1189 662 1218; x_wconf 89' lang='lat' dir='ltr'>annorum</span> <span class='ocrx_word' id='word_1_135' title='bbox 684 1180 893 1228; x_wconf 90' lang='lat' dir='ltr'>tempore</span> <span class='ocrx_word' id='word_1_136' title='bbox 916 1188 1001 1228; x_wconf 90' lang='lat' dir='ltr'>per</span> <span class='ocrx_word' id='word_1_137' title='bbox 1023 1176 1106 1217; x_wconf 91' lang='lat' dir='ltr'>hoc</span> <span class='ocrx_word' id='word_1_138' title='bbox 1130 1176 1296 1218; x_wconf 87' lang='lat' dir='ltr'>scisma</span> <span class='ocrx_word' id='word_1_139' title='bbox 1321 1176 1366 1216; x_wconf 93' lang='lat' dir='ltr'>in</span> <span class='ocrx_word' id='word_1_140' title='bbox 1389 1188 1472 1217; x_wconf 90' lang='lat' dir='ltr'>sua</span> <span class='ocrx_word' id='word_1_141' title='bbox 1494 1176 1668 1217; x_wconf 89' lang='lat' dir='ltr'>unitate</span> <span class='ocrx_word' id='word_1_142' title='bbox 1689 1175 1934 1217; x_wconf 85' lang='lat' dir='ltr'>vulnerata</span> 
     </span>
     <span class='ocr_line' id='line_1_16' title="bbox 162 1245 1936 1300; baseline -0.001 -12"><span class='ocrx_word' id='word_1_143' title='bbox 162 1247 252 1288; x_wconf 90' lang='lat' dir='ltr'>iam</span> <span class='ocrx_word' id='word_1_144' title='bbox 281 1247 472 1300; x_wconf 89' lang='lat' dir='ltr'>spiritus</span> <span class='ocrx_word' id='word_1_145' title='bbox 501 1247 644 1289; x_wconf 89' lang='lat' dir='ltr'>sancti</span> <span class='ocrx_word' id='word_1_146' title='bbox 673 1246 826 1299; x_wconf 89' lang='lat' dir='ltr'>gracia</span> <span class='ocrx_word' id='word_1_147' title='bbox 854 1249 1133 1299; x_wconf 88' lang='lat' dir='ltr'>cooperante</span> <span class='ocrx_word' id='word_1_148' title='bbox 1163 1246 1208 1287; x_wconf 91' lang='lat' dir='ltr'>in</span> <span class='ocrx_word' id='word_1_149' title='bbox 1236 1247 1320 1288; x_wconf 91' lang='lat' dir='ltr'>hac</span> <span class='ocrx_word' id='word_1_150' title='bbox 1349 1259 1480 1288; x_wconf 89' lang='lat' dir='ltr'>sacra</span> <span class='ocrx_word' id='word_1_151' title='bbox 1507 1245 1684 1298; x_wconf 88' lang='lat' dir='ltr'>synodo</span> <span class='ocrx_word' id='word_1_152' title='bbox 1712 1245 1839 1287; x_wconf 91' lang='lat' dir='ltr'>unita</span> <span class='ocrx_word' id='word_1_153' title='bbox 1865 1247 1936 1287; x_wconf 89' lang='lat' dir='ltr'>est</span> 
     </span>
     <span class='ocr_line' id='line_1_17' title="bbox 161 1316 1935 1370; baseline -0.001 -11"><span class='ocrx_word' id='word_1_154' title='bbox 161 1331 245 1370; x_wconf 90' lang='lat' dir='ltr'>per</span> <span class='ocrx_word' id='word_1_155' title='bbox 276 1318 551 1359; x_wconf 91' lang='lat' dir='ltr'>eiectionem</span> <span class='ocrx_word' id='word_1_156' title='bbox 584 1321 629 1359; x_wconf 91' lang='lat' dir='ltr'>et</span> <span class='ocrx_word' id='word_1_157' title='bbox 660 1317 1058 1359; x_wconf 79' lang='lat' dir='ltr'>renunciationem</span> <span class='ocrx_word' id='word_1_158' title='bbox 1090 1317 1317 1359; x_wconf 56' lang='lat' dir='ltr'>‹Iohannis</span> <span class='ocrx_word' id='word_1_159' title='bbox 1348 1317 1520 1358; x_wconf 89' lang='lat' dir='ltr'><strong>XXIII.</strong></span> <span class='ocrx_word' id='word_1_160' title='bbox 1553 1320 1598 1358; x_wconf 91' lang='lat' dir='ltr'>et</span> <span class='ocrx_word' id='word_1_161' title='bbox 1628 1316 1935 1358; x_wconf 84' lang='lat' dir='ltr'>renunciatio-</span> 
     </span>
     <span class='ocr_line' id='line_1_18' title="bbox 162 1386 1935 1441; baseline 0 -13"><span class='ocrx_word' id='word_1_162' title='bbox 162 1401 267 1430; x_wconf 90' lang='lat' dir='ltr'>nem</span> <span class='ocrx_word' id='word_1_163' title='bbox 299 1388 512 1441; x_wconf 87' lang='lat' dir='ltr'>Gregorii</span> <span class='ocrx_word' id='word_1_164' title='bbox 542 1388 646 1430; x_wconf 91' lang='lat' dir='ltr'><strong>XII.</strong></span> <span class='ocrx_word' id='word_1_165' title='bbox 677 1387 741 1430; x_wconf 91' lang='lat' dir='ltr'>sic</span> <span class='ocrx_word' id='word_1_166' title='bbox 771 1388 817 1429; x_wconf 91' lang='lat' dir='ltr'>in</span> <span class='ocrx_word' id='word_1_167' title='bbox 848 1389 944 1430; x_wconf 89' lang='lat' dir='ltr'>suis</span> <span class='ocrx_word' id='word_1_168' title='bbox 975 1387 1260 1430; x_wconf 91' lang='lat' dir='ltr'>obedienciis</span> <span class='ocrx_word' id='word_1_169' title='bbox 1289 1390 1674 1439; x_wconf 83' lang='lat' dir='ltr'>nuncupatorum,</span> <span class='ocrx_word' id='word_1_170' title='bbox 1706 1386 1784 1440; x_wconf 90' lang='lat' dir='ltr'>qui</span> <span class='ocrx_word' id='word_1_171' title='bbox 1814 1387 1935 1428; x_wconf 90' lang='lat' dir='ltr'>inter</span> 
     </span>
     <span class='ocr_line' id='line_1_19' title="bbox 164 1457 1934 1511; baseline -0.001 -10"><span class='ocrx_word' id='word_1_172' title='bbox 164 1473 213 1501; x_wconf 92' lang='lat' dir='ltr'>se</span> <span class='ocrx_word' id='word_1_173' title='bbox 233 1463 278 1501; x_wconf 91' lang='lat' dir='ltr'>et</span> <span class='ocrx_word' id='word_1_174' title='bbox 297 1472 397 1501; x_wconf 91' lang='lat' dir='ltr'>cum</span> <span class='ocrx_word' id='word_1_175' title='bbox 420 1459 672 1501; x_wconf 83' lang='lat' dir='ltr'>Benedicto</span> <span class='ocrx_word' id='word_1_176' title='bbox 692 1459 821 1501; x_wconf 93' lang='lat' dir='ltr'><strong>XIII.</strong></span> <span class='ocrx_word' id='word_1_177' title='bbox 844 1459 908 1501; x_wconf 89' lang='lat' dir='ltr'>sic</span> <span class='ocrx_word' id='word_1_178' title='bbox 930 1459 976 1500; x_wconf 92' lang='lat' dir='ltr'>in</span> <span class='ocrx_word' id='word_1_179' title='bbox 998 1471 1080 1501; x_wconf 87' lang='lat' dir='ltr'>sua</span> <span class='ocrx_word' id='word_1_180' title='bbox 1102 1457 1376 1500; x_wconf 88' lang='lat' dir='ltr'>obediencia</span> <span class='ocrx_word' id='word_1_181' title='bbox 1397 1461 1662 1511; x_wconf 90' lang='lat' dir='ltr'>nuncupato</span> <span class='ocrx_word' id='word_1_182' title='bbox 1685 1457 1742 1499; x_wconf 92' lang='lat' dir='ltr'>de</span> <span class='ocrx_word' id='word_1_183' title='bbox 1762 1459 1934 1511; x_wconf 83' lang='lat' dir='ltr'>papatu</span> 
     </span>
     <span class='ocr_line' id='line_1_20' title="bbox 162 1527 1935 1582; baseline -0.001 -11"><span class='ocrx_word' id='word_1_184' title='bbox 162 1530 520 1582; x_wconf 82' lang='lat' dir='ltr'>contendebant3</span> <span class='ocrx_word' id='word_1_185' title='bbox 547 1532 726 1572; x_wconf 88' lang='lat' dir='ltr'>attento</span> <span class='ocrx_word' id='word_1_186' title='bbox 752 1529 904 1581; x_wconf 90' lang='lat' dir='ltr'>etiam,</span> <span class='ocrx_word' id='word_1_187' title='bbox 933 1529 1056 1582; x_wconf 90' lang='lat' dir='ltr'>quod</span> <span class='ocrx_word' id='word_1_188' title='bbox 1085 1529 1207 1570; x_wconf 92' lang='lat' dir='ltr'>idem</span> <span class='ocrx_word' id='word_1_189' title='bbox 1234 1528 1514 1570; x_wconf 84' lang='lat' dir='ltr'>Benedictus</span> <span class='ocrx_word' id='word_1_190' title='bbox 1541 1541 1627 1581; x_wconf 89' lang='lat' dir='ltr'>per</span> <span class='ocrx_word' id='word_1_191' title='bbox 1654 1541 1784 1571; x_wconf 92' lang='lat' dir='ltr'>suam</span> <span class='ocrx_word' id='word_1_192' title='bbox 1812 1527 1935 1569; x_wconf 82' lang='lat' dir='ltr'>duri-</span> 
     </span>
     <span class='ocr_line' id='line_1_21' title="bbox 163 1599 1935 1653; baseline -0.001 -11"><span class='ocrx_word' id='word_1_193' title='bbox 163 1602 277 1642; x_wconf 89' lang='lat' dir='ltr'>ciam</span> <span class='ocrx_word' id='word_1_194' title='bbox 318 1604 363 1642; x_wconf 89' lang='lat' dir='ltr'>et</span> <span class='ocrx_word' id='word_1_195' title='bbox 404 1600 707 1653; x_wconf 90' lang='lat' dir='ltr'>pertinaciam</span> <span class='ocrx_word' id='word_1_196' title='bbox 748 1604 795 1642; x_wconf 87' lang='lat' dir='ltr'>et</span> <span class='ocrx_word' id='word_1_197' title='bbox 833 1613 974 1653; x_wconf 90' lang='lat' dir='ltr'>grave</span> <span class='ocrx_word' id='word_1_198' title='bbox 1018 1600 1287 1642; x_wconf 90' lang='lat' dir='ltr'>scandalum</span> <span class='ocrx_word' id='word_1_199' title='bbox 1330 1599 1610 1641; x_wconf 87' lang='lat' dir='ltr'>universalis</span> <span class='ocrx_word' id='word_1_200' title='bbox 1651 1599 1849 1641; x_wconf 87' lang='lat' dir='ltr'>ecclesie</span> <span class='ocrx_word' id='word_1_201' title='bbox 1890 1602 1935 1640; x_wconf 90' lang='lat' dir='ltr'>et</span> 
     </span>
     <span class='ocr_line' id='line_1_22' title="bbox 163 1669 1935 1724; baseline -0.001 -12"><span class='ocrx_word' id='word_1_202' title='bbox 163 1672 412 1713; x_wconf 70' lang='lat' dir='ltr'>Christiani</span> <span class='ocrx_word' id='word_1_203' title='bbox 441 1672 600 1724; x_wconf 91' lang='lat' dir='ltr'>populi</span> <span class='ocrx_word' id='word_1_204' title='bbox 632 1675 769 1724; x_wconf 91' lang='lat' dir='ltr'>atque</span> <span class='ocrx_word' id='word_1_205' title='bbox 799 1672 1058 1724; x_wconf 90' lang='lat' dir='ltr'>periculum</span> <span class='ocrx_word' id='word_1_206' title='bbox 1087 1670 1201 1712; x_wconf 80' lang='lat' dir='ltr'>fidei</span> <span class='ocrx_word' id='word_1_207' title='bbox 1231 1670 1453 1712; x_wconf 89' lang='lat' dir='ltr'>catholice</span> <span class='ocrx_word' id='word_1_208' title='bbox 1483 1673 1529 1712; x_wconf 92' lang='lat' dir='ltr'>et</span> <span class='ocrx_word' id='word_1_209' title='bbox 1556 1670 1691 1711; x_wconf 92' lang='lat' dir='ltr'>ruine</span> <span class='ocrx_word' id='word_1_210' title='bbox 1719 1669 1935 1711; x_wconf 83' lang='lat' dir='ltr'>fidelium</span> 
     </span>
     <span class='ocr_line' id='line_1_23' title="bbox 163 1740 1934 1795; baseline -0.001 -12"><span class='ocrx_word' id='word_1_211' title='bbox 163 1743 421 1784; x_wconf 84' lang='lat' dir='ltr'>animarum</span> <span class='ocrx_word' id='word_1_212' title='bbox 461 1743 609 1784; x_wconf 89' lang='lat' dir='ltr'>adhuc</span> <span class='ocrx_word' id='word_1_213' title='bbox 646 1742 793 1795; x_wconf 90' lang='lat' dir='ltr'>ipsam</span> <span class='ocrx_word' id='word_1_214' title='bbox 831 1742 1076 1784; x_wconf 87' lang='lat' dir='ltr'>ecclesiam</span> <span class='ocrx_word' id='word_1_215' title='bbox 1114 1741 1304 1784; x_wconf 89' lang='lat' dir='ltr'>scissam</span> <span class='ocrx_word' id='word_1_216' title='bbox 1343 1741 1518 1783; x_wconf 85' lang='lat' dir='ltr'>detinet</span> <span class='ocrx_word' id='word_1_217' title='bbox 1555 1744 1599 1782; x_wconf 90' lang='lat' dir='ltr'>et</span> <span class='ocrx_word' id='word_1_218' title='bbox 1635 1741 1759 1793; x_wconf 89' lang='lat' dir='ltr'>quod</span> <span class='ocrx_word' id='word_1_219' title='bbox 1795 1740 1841 1782; x_wconf 93' lang='lat' dir='ltr'>in</span> <span class='ocrx_word' id='word_1_220' title='bbox 1879 1753 1934 1783; x_wconf 92' lang='lat' dir='ltr'>eo</span> 
     </span>
     <span class='ocr_line' id='line_1_24' title="bbox 163 1810 1935 1866; baseline -0.001 -12"><span class='ocrx_word' id='word_1_221' title='bbox 163 1814 311 1854; x_wconf 74' lang='lat' dir='ltr'>solum</span> <span class='ocrx_word' id='word_1_222' title='bbox 350 1817 450 1865; x_wconf 87' lang='lat' dir='ltr'>stat,</span> <span class='ocrx_word' id='word_1_223' title='bbox 488 1813 733 1865; x_wconf 90' lang='lat' dir='ltr'>quominus</span> <span class='ocrx_word' id='word_1_224' title='bbox 771 1814 923 1866; x_wconf 89' lang='lat' dir='ltr'>ipsum</span> <span class='ocrx_word' id='word_1_225' title='bbox 963 1814 1129 1855; x_wconf 90' lang='lat' dir='ltr'>scisma</span> <span class='ocrx_word' id='word_1_226' title='bbox 1167 1810 1430 1865; x_wconf 55' lang='lat' dir='ltr'>radicitush)</span> <span class='ocrx_word' id='word_1_227' title='bbox 1471 1813 1733 1864; x_wconf 79' lang='lat' dir='ltr'>extirpetur</span> <span class='ocrx_word' id='word_1_228' title='bbox 1767 1814 1814 1853; x_wconf 90' lang='lat' dir='ltr'>et</span> <span class='ocrx_word' id='word_1_229' title='bbox 1850 1823 1935 1864; x_wconf 89' lang='lat' dir='ltr'>per</span> 
     </span>
     <span class='ocr_line' id='line_1_25' title="bbox 162 1882 1934 1937; baseline -0.001 -13"><span class='ocrx_word' id='word_1_230' title='bbox 162 1896 453 1936; x_wconf 85' lang='lat' dir='ltr'>consequens</span> <span class='ocrx_word' id='word_1_231' title='bbox 486 1884 680 1926; x_wconf 88' lang='lat' dir='ltr'>resultet</span> <span class='ocrx_word' id='word_1_232' title='bbox 708 1884 921 1937; x_wconf 77' lang='lat' dir='ltr'>perfecta</span> <span class='ocrx_word' id='word_1_233' title='bbox 952 1884 1063 1925; x_wconf 91' lang='lat' dir='ltr'>unio</span> <span class='ocrx_word' id='word_1_234' title='bbox 1095 1883 1242 1936; x_wconf 91' lang='lat' dir='ltr'>ipsius</span> <span class='ocrx_word' id='word_1_235' title='bbox 1274 1883 1489 1934; x_wconf 82' lang='lat' dir='ltr'>ecclesie3</span> <span class='ocrx_word' id='word_1_236' title='bbox 1523 1886 1697 1924; x_wconf 89' lang='lat' dir='ltr'>attento</span> <span class='ocrx_word' id='word_1_237' title='bbox 1728 1882 1934 1935; x_wconf 84' lang='lat' dir='ltr'>insuper,</span> 
     </span>
     <span class='ocr_line' id='line_1_26' title="bbox 162 1953 1934 2007; baseline -0.001 -11"><span class='ocrx_word' id='word_1_238' title='bbox 162 1956 284 2006; x_wconf 81' lang='lat' dir='ltr'>quod</span> <span class='ocrx_word' id='word_1_239' title='bbox 314 1955 359 1996; x_wconf 91' lang='lat' dir='ltr'>in</span> <span class='ocrx_word' id='word_1_240' title='bbox 389 1958 515 1997; x_wconf 90' lang='lat' dir='ltr'>tanta</span> <span class='ocrx_word' id='word_1_241' title='bbox 545 1955 845 1997; x_wconf 88' lang='lat' dir='ltr'>diuturnitate</span> <span class='ocrx_word' id='word_1_242' title='bbox 877 1955 1103 1997; x_wconf 89' lang='lat' dir='ltr'>scismatis</span> <span class='ocrx_word' id='word_1_243' title='bbox 1135 1954 1345 1996; x_wconf 91' lang='lat' dir='ltr'>eiusdem</span> <span class='ocrx_word' id='word_1_244' title='bbox 1375 1967 1460 2007; x_wconf 90' lang='lat' dir='ltr'>per</span> <span class='ocrx_word' id='word_1_245' title='bbox 1491 1953 1780 1996; x_wconf 87' lang='lat' dir='ltr'>doctissimos</span> <span class='ocrx_word' id='word_1_246' title='bbox 1810 1954 1934 1995; x_wconf 90' lang='lat' dir='ltr'>viros</span> 
     </span>
     <span class='ocr_line' id='line_1_27' title="bbox 165 2023 1934 2068; baseline -0.001 -1"><span class='ocrx_word' id='word_1_247' title='bbox 165 2026 334 2067; x_wconf 86' lang='lat' dir='ltr'>Christi</span> <span class='ocrx_word' id='word_1_248' title='bbox 374 2025 546 2067; x_wconf 84' lang='lat' dir='ltr'>fideles</span> <span class='ocrx_word' id='word_1_249' title='bbox 583 2026 721 2068; x_wconf 89' lang='lat' dir='ltr'>etiam</span> <span class='ocrx_word' id='word_1_250' title='bbox 761 2039 862 2067; x_wconf 91' lang='lat' dir='ltr'>cum</span> <span class='ocrx_word' id='word_1_251' title='bbox 901 2025 1091 2068; x_wconf 88' lang='lat' dir='ltr'>summis</span> <span class='ocrx_word' id='word_1_252' title='bbox 1130 2025 1369 2067; x_wconf 90' lang='lat' dir='ltr'>laboribus</span> <span class='ocrx_word' id='word_1_253' title='bbox 1406 2028 1452 2066; x_wconf 89' lang='lat' dir='ltr'>et</span> <span class='ocrx_word' id='word_1_254' title='bbox 1491 2023 1656 2067; x_wconf 89' lang='lat' dir='ltr'>studiis</span> <span class='ocrx_word' id='word_1_255' title='bbox 1694 2024 1824 2066; x_wconf 91' lang='lat' dir='ltr'>nulla</span> <span class='ocrx_word' id='word_1_256' title='bbox 1861 2023 1934 2065; x_wconf 86' lang='lat' dir='ltr'>via</span> 
     </span>
     <span class='ocr_line' id='line_1_28' title="bbox 163 2094 1933 2148; baseline -0.001 -11"><span class='ocrx_word' id='word_1_257' title='bbox 163 2096 402 2148; x_wconf 91' lang='lat' dir='ltr'>possibilis</span> <span class='ocrx_word' id='word_1_258' title='bbox 444 2099 489 2138; x_wconf 92' lang='lat' dir='ltr'>et</span> <span class='ocrx_word' id='word_1_259' title='bbox 530 2109 693 2138; x_wconf 89' lang='lat' dir='ltr'>secura</span> <span class='ocrx_word' id='word_1_260' title='bbox 735 2097 834 2138; x_wconf 91' lang='lat' dir='ltr'>sine</span> <span class='ocrx_word' id='word_1_261' title='bbox 877 2096 1091 2137; x_wconf 84' lang='lat' dir='ltr'>fidelium</span> <span class='ocrx_word' id='word_1_262' title='bbox 1133 2096 1353 2138; x_wconf 87' lang='lat' dir='ltr'>scandalo</span> <span class='ocrx_word' id='word_1_263' title='bbox 1395 2096 1452 2137; x_wconf 90' lang='lat' dir='ltr'>ad</span> <span class='ocrx_word' id='word_1_264' title='bbox 1494 2095 1727 2148; x_wconf 83' lang='lat' dir='ltr'>prefatum</span> <span class='ocrx_word' id='word_1_265' title='bbox 1769 2094 1933 2137; x_wconf 88' lang='lat' dir='ltr'>scisma</span> 
     </span>
     <span class='ocr_line' id='line_1_29' title="bbox 162 2165 1934 2220; baseline -0.001 -13"><span class='ocrx_word' id='word_1_266' title='bbox 162 2166 489 2219; x_wconf 85' lang='lat' dir='ltr'>extirpandum</span> <span class='ocrx_word' id='word_1_267' title='bbox 525 2167 725 2219; x_wconf 90' lang='lat' dir='ltr'>reperiri</span> <span class='ocrx_word' id='word_1_268' title='bbox 760 2168 906 2219; x_wconf 91' lang='lat' dir='ltr'>potuit</span> <span class='ocrx_word' id='word_1_269' title='bbox 940 2171 1099 2220; x_wconf 87' lang='lat' dir='ltr'>preter</span> <span class='ocrx_word' id='word_1_270' title='bbox 1135 2167 1394 2208; x_wconf 86' lang='lat' dir='ltr'>cessionem</span> <span class='ocrx_word' id='word_1_271' title='bbox 1431 2166 1487 2207; x_wconf 93' lang='lat' dir='ltr'>de</span> <span class='ocrx_word' id='word_1_272' title='bbox 1522 2169 1695 2219; x_wconf 90' lang='lat' dir='ltr'>papatu</span> <span class='ocrx_word' id='word_1_273' title='bbox 1730 2165 1934 2208; x_wconf 90' lang='lat' dir='ltr'>omnium</span> 
     </span>
     <span class='ocr_line' id='line_1_30' title="bbox 163 2237 1933 2290; baseline 0 -12"><span class='ocrx_word' id='word_1_274' title='bbox 163 2237 560 2289; x_wconf 83' lang='lat' dir='ltr'>contendencium,</span> <span class='ocrx_word' id='word_1_275' title='bbox 599 2250 734 2289; x_wconf 90' lang='lat' dir='ltr'>quam</span> <span class='ocrx_word' id='word_1_276' title='bbox 773 2238 911 2280; x_wconf 90' lang='lat' dir='ltr'>etiam</span> <span class='ocrx_word' id='word_1_277' title='bbox 950 2239 1070 2280; x_wconf 83' lang='lat' dir='ltr'>viam</span> <span class='ocrx_word' id='word_1_278' title='bbox 1110 2238 1231 2279; x_wconf 91' lang='lat' dir='ltr'>idem</span> <span class='ocrx_word' id='word_1_279' title='bbox 1271 2237 1564 2290; x_wconf 87' lang='lat' dir='ltr'>Benedictus,</span> <span class='ocrx_word' id='word_1_280' title='bbox 1602 2240 1651 2278; x_wconf 90' lang='lat' dir='ltr'>ut</span> <span class='ocrx_word' id='word_1_281' title='bbox 1686 2237 1933 2278; x_wconf 78' lang='lat' dir='ltr'>multorum</span> 
     </span>
     <span class='ocr_line' id='line_1_31' title="bbox 162 2306 1934 2361; baseline 0 -13"><span class='ocrx_word' id='word_1_282' title='bbox 162 2308 539 2350; x_wconf 76' lang='lat' dir='ltr'>christifidelium</span> <span class='ocrx_word' id='word_1_283' title='bbox 569 2308 753 2361; x_wconf 88' lang='lat' dir='ltr'>publica</span> <span class='ocrx_word' id='word_1_284' title='bbox 783 2322 870 2350; x_wconf 78' lang='lat' dir='ltr'>vox</span> <span class='ocrx_word' id='word_1_285' title='bbox 900 2312 1155 2360; x_wconf 88' lang='lat' dir='ltr'>attestatur,</span> <span class='ocrx_word' id='word_1_286' title='bbox 1185 2312 1290 2350; x_wconf 90' lang='lat' dir='ltr'>ante</span> <span class='ocrx_word' id='word_1_287' title='bbox 1320 2321 1449 2350; x_wconf 81' lang='lat' dir='ltr'>suam</span> <span class='ocrx_word' id='word_1_288' title='bbox 1478 2308 1755 2349; x_wconf 90' lang='lat' dir='ltr'>electionem</span> <span class='ocrx_word' id='word_1_289' title='bbox 1783 2319 1811 2349; x_wconf 90' lang='lat' dir='ltr'>a</span> <span class='ocrx_word' id='word_1_290' title='bbox 1836 2306 1934 2348; x_wconf 88' lang='lat' dir='ltr'>suis</span> 
     </span>
    </p>
   </div>
   <div class='ocr_carea' id='block_1_3' title="bbox 165 2366 2007 2435">
    <p class='ocr_par' dir='ltr' id='par_1_3' title="bbox 165 2366 2007 2435">
     <span class='ocr_line' id='line_1_32' title="bbox 165 2366 2007 2435; baseline 0 -16"><span class='ocrx_word' id='word_1_291' title='bbox 165 2379 209 2419; x_wconf 90' lang='lat' dir='ltr'>in</span> <span class='ocrx_word' id='word_1_292' title='bbox 236 2391 403 2431; x_wconf 90' lang='lat' dir='ltr'>papam</span> <span class='ocrx_word' id='word_1_293' title='bbox 430 2379 635 2420; x_wconf 78' lang='lat' dir='ltr'>laudavit</span> <span class='ocrx_word' id='word_1_294' title='bbox 661 2382 706 2420; x_wconf 92' lang='lat' dir='ltr'>et</span> <span class='ocrx_word' id='word_1_295' title='bbox 732 2379 1007 2431; x_wconf 87' lang='lat' dir='ltr'>approbavit</span> <span class='ocrx_word' id='word_1_296' title='bbox 1033 2382 1169 2431; x_wconf 87' lang='lat' dir='ltr'>atque</span> <span class='ocrx_word' id='word_1_297' title='bbox 1197 2379 1242 2420; x_wconf 92' lang='lat' dir='ltr'>in</span> <span class='ocrx_word' id='word_1_298' title='bbox 1269 2378 1489 2430; x_wconf 88' lang='lat' dir='ltr'>conclavi,</span> <span class='ocrx_word' id='word_1_299' title='bbox 1516 2378 1562 2419; x_wconf 92' lang='lat' dir='ltr'>in</span> <span class='ocrx_word' id='word_1_300' title='bbox 1589 2391 1679 2430; x_wconf 93' lang='lat' dir='ltr'>quo</span> <span class='ocrx_word' id='word_1_301' title='bbox 1704 2377 1792 2420; x_wconf 83' lang='lat' dir='ltr'>fuit</span> <span class='ocrx_word' id='word_1_302' title='bbox 1817 2378 1939 2435; x_wconf 14' lang='lat' dir='ltr'>elec-7</span> <span class='ocrx_word' id='word_1_303' title='bbox 2002 2366 2007 2370; x_wconf 38' lang='lat'>¹</span> 
     </span>
    </p>
   </div>
   <div class='ocr_carea' id='block_1_4' title="bbox 162 2447 1934 2996">
    <p class='ocr_par' dir='ltr' id='par_1_4' title="bbox 162 2447 1934 2996">
     <span class='ocr_line' id='line_1_33' title="bbox 163 2447 1934 2502; baseline -0.001 -12"><span class='ocrx_word' id='word_1_304' title='bbox 163 2452 249 2501; x_wconf 89' lang='lat' dir='ltr'>tus,</span> <span class='ocrx_word' id='word_1_305' title='bbox 278 2450 497 2502; x_wconf 86' lang='lat' dir='ltr'>prosequi</span> <span class='ocrx_word' id='word_1_306' title='bbox 527 2450 753 2501; x_wconf 80' lang='lat' dir='ltr'>promisit,</span> <span class='ocrx_word' id='word_1_307' title='bbox 781 2450 948 2491; x_wconf 87' lang='lat' dir='ltr'>iuravit</span> <span class='ocrx_word' id='word_1_308' title='bbox 974 2453 1018 2491; x_wconf 92' lang='lat' dir='ltr'>et</span> <span class='ocrx_word' id='word_1_309' title='bbox 1046 2451 1169 2491; x_wconf 76' lang='lat' dir='ltr'>vovit</span> <span class='ocrx_word' id='word_1_310' title='bbox 1197 2451 1283 2492; x_wconf 88' lang='lat' dir='ltr'>sub</span> <span class='ocrx_word' id='word_1_311' title='bbox 1310 2453 1434 2491; x_wconf 90' lang='lat' dir='ltr'>certa</span> <span class='ocrx_word' id='word_1_312' title='bbox 1461 2449 1731 2490; x_wconf 84' lang='lat' dir='ltr'>condicione</span> <span class='ocrx_word' id='word_1_313' title='bbox 1760 2449 1806 2490; x_wconf 94' lang='lat' dir='ltr'>in</span> <span class='ocrx_word' id='word_1_314' title='bbox 1833 2447 1934 2501; x_wconf 84' lang='lat' dir='ltr'>ipsa</span> 
     </span>
     <span class='ocr_line' id='line_1_34' title="bbox 163 2519 1934 2573; baseline -0.001 -12"><span class='ocrx_word' id='word_1_315' title='bbox 163 2523 320 2562; x_wconf 89' lang='lat' dir='ltr'>nostra</span> <span class='ocrx_word' id='word_1_316' title='bbox 349 2520 671 2561; x_wconf 87' lang='lat' dir='ltr'>commissione</span> <span class='ocrx_word' id='word_1_317' title='bbox 703 2532 929 2572; x_wconf 87' lang='lat' dir='ltr'>expressa</span> <span class='ocrx_word' id='word_1_318' title='bbox 957 2524 1001 2561; x_wconf 88' lang='lat' dir='ltr'>et</span> <span class='ocrx_word' id='word_1_319' title='bbox 1032 2520 1121 2562; x_wconf 90' lang='lat' dir='ltr'>iam</span> <span class='ocrx_word' id='word_1_320' title='bbox 1151 2520 1327 2573; x_wconf 87' lang='lat' dir='ltr'>inplet-a</span> <span class='ocrx_word' id='word_1_321' title='bbox 1355 2523 1399 2562; x_wconf 89' lang='lat' dir='ltr'>et</span> <span class='ocrx_word' id='word_1_322' title='bbox 1429 2519 1642 2561; x_wconf 87' lang='lat' dir='ltr'>similiter</span> <span class='ocrx_word' id='word_1_323' title='bbox 1672 2522 1775 2572; x_wconf 89' lang='lat' dir='ltr'>post</span> <span class='ocrx_word' id='word_1_324' title='bbox 1804 2530 1934 2561; x_wconf 89' lang='lat' dir='ltr'>suam</span> 
     </span>
     <span class='ocr_line' id='line_1_35' title="bbox 163 2589 1932 2644; baseline -0.001 -12"><span class='ocrx_word' id='word_1_325' title='bbox 163 2591 439 2632; x_wconf 89' lang='lat' dir='ltr'>electionem</span> <span class='ocrx_word' id='word_1_326' title='bbox 461 2590 583 2632; x_wconf 92' lang='lat' dir='ltr'>idem</span> <span class='ocrx_word' id='word_1_327' title='bbox 604 2590 817 2644; x_wconf 90' lang='lat' dir='ltr'>promisit</span> <span class='ocrx_word' id='word_1_328' title='bbox 837 2594 882 2632; x_wconf 91' lang='lat' dir='ltr'>et</span> <span class='ocrx_word' id='word_1_329' title='bbox 904 2590 1084 2633; x_wconf 82' lang='lat' dir='ltr'>iuravit.</span> <span class='ocrx_word' id='word_1_330' title='bbox 1118 2591 1209 2632; x_wconf 90' lang='lat' dir='ltr'>Nec</span> <span class='ocrx_word' id='word_1_331' title='bbox 1230 2594 1385 2633; x_wconf 91' lang='lat' dir='ltr'>tamen</span> <span class='ocrx_word' id='word_1_332' title='bbox 1407 2591 1496 2633; x_wconf 89' lang='lat' dir='ltr'>iam</span> <span class='ocrx_word' id='word_1_333' title='bbox 1518 2590 1573 2631; x_wconf 86' lang='lat'>22</span> <span class='ocrx_word' id='word_1_334' title='bbox 1595 2590 1744 2642; x_wconf 90' lang='lat' dir='ltr'>annis,</span> <span class='ocrx_word' id='word_1_335' title='bbox 1766 2589 1932 2643; x_wconf 86' lang='lat' dir='ltr'>quibus</span> 
     </span>
     <span class='ocr_line' id='line_1_36' title="bbox 164 2660 1932 2714; baseline 0 -12"><span class='ocrx_word' id='word_1_336' title='bbox 164 2665 382 2714; x_wconf 88' lang='lat' dir='ltr'>papatum</span> <span class='ocrx_word' id='word_1_337' title='bbox 411 2662 456 2702; x_wconf 92' lang='lat' dir='ltr'>in</span> <span class='ocrx_word' id='word_1_338' title='bbox 484 2675 566 2703; x_wconf 89' lang='lat' dir='ltr'>sua</span> <span class='ocrx_word' id='word_1_339' title='bbox 594 2661 868 2703; x_wconf 90' lang='lat' dir='ltr'>obediencia</span> <span class='ocrx_word' id='word_1_340' title='bbox 895 2662 1056 2714; x_wconf 89' lang='lat' dir='ltr'>tenuit,</span> <span class='ocrx_word' id='word_1_341' title='bbox 1083 2661 1376 2714; x_wconf 88' lang='lat' dir='ltr'>diligenciam</span> <span class='ocrx_word' id='word_1_342' title='bbox 1405 2661 1608 2714; x_wconf 88' lang='lat' dir='ltr'>aliquam</span> <span class='ocrx_word' id='word_1_343' title='bbox 1634 2660 1932 2702; x_wconf 81' lang='lat' dir='ltr'>effectualem</span> 
     </span>
     <span class='ocr_line' id='line_1_37' title="bbox 164 2732 1931 2785; baseline -0.001 -12"><span class='ocrx_word' id='word_1_344' title='bbox 164 2732 371 2773; x_wconf 86' lang='lat' dir='ltr'>adhibuit</span> <span class='ocrx_word' id='word_1_345' title='bbox 392 2732 449 2773; x_wconf 92' lang='lat' dir='ltr'>ad</span> <span class='ocrx_word' id='word_1_346' title='bbox 472 2732 621 2784; x_wconf 89' lang='lat' dir='ltr'>ipsum</span> <span class='ocrx_word' id='word_1_347' title='bbox 643 2732 807 2774; x_wconf 80' lang='lat' dir='ltr'>scisma</span> <span class='ocrx_word' id='word_1_348' title='bbox 828 2732 1100 2783; x_wconf 86' lang='lat' dir='ltr'>tollendum,</span> <span class='ocrx_word' id='word_1_349' title='bbox 1122 2733 1333 2785; x_wconf 83' lang='lat' dir='ltr'>quamvis</span> <span class='ocrx_word' id='word_1_350' title='bbox 1354 2732 1411 2774; x_wconf 89' lang='lat' dir='ltr'>ad</span> <span class='ocrx_word' id='word_1_351' title='bbox 1432 2733 1517 2774; x_wconf 89' lang='lat' dir='ltr'>hoc</span> <span class='ocrx_word' id='word_1_352' title='bbox 1537 2732 1660 2785; x_wconf 70' lang='lat' dir='ltr'>per‘)</span> <span class='ocrx_word' id='word_1_353' title='bbox 1685 2732 1853 2773; x_wconf 86' lang='lat' dir='ltr'>multos</span> <span class='ocrx_word' id='word_1_354' title='bbox 1873 2743 1931 2772; x_wconf 87' lang='lat' dir='ltr'>ex</span> 
     </span>
     <span class='ocr_line' id='line_1_38' title="bbox 162 2802 1932 2855; baseline 0 -12"><span class='ocrx_word' id='word_1_355' title='bbox 162 2806 294 2854; x_wconf 88' lang='lat' dir='ltr'>parte</span> <span class='ocrx_word' id='word_1_356' title='bbox 326 2815 484 2855; x_wconf 89' lang='lat' dir='ltr'>regum</span> <span class='ocrx_word' id='word_1_357' title='bbox 514 2806 558 2844; x_wconf 94' lang='lat' dir='ltr'>et</span> <span class='ocrx_word' id='word_1_358' title='bbox 587 2802 847 2855; x_wconf 91' lang='lat' dir='ltr'>principum</span> <span class='ocrx_word' id='word_1_359' title='bbox 879 2806 922 2845; x_wconf 91' lang='lat' dir='ltr'>et</span> <span class='ocrx_word' id='word_1_360' title='bbox 952 2802 1147 2844; x_wconf 88' lang='lat' dir='ltr'>aliorum</span> <span class='ocrx_word' id='word_1_361' title='bbox 1178 2802 1535 2844; x_wconf 87' lang='lat' dir='ltr'>christianorum</span> <span class='ocrx_word' id='word_1_362' title='bbox 1564 2806 1654 2844; x_wconf 87' lang='lat' dir='ltr'>tam</span> <span class='ocrx_word' id='word_1_363' title='bbox 1682 2813 1766 2844; x_wconf 32' lang='lat' dir='ltr'>&#39;sue</span> <span class='ocrx_word' id='word_1_364' title='bbox 1797 2813 1932 2854; x_wconf 89' lang='lat' dir='ltr'>quam</span> 
     </span>
     <span class='ocr_line' id='line_1_39' title="bbox 163 2871 1932 2926; baseline -0.001 -12"><span class='ocrx_word' id='word_1_365' title='bbox 163 2873 355 2915; x_wconf 84' lang='lat' dir='ltr'>alterius</span> <span class='ocrx_word' id='word_1_366' title='bbox 382 2873 654 2915; x_wconf 90' lang='lat' dir='ltr'>obediencie</span> <span class='ocrx_word' id='word_1_367' title='bbox 682 2872 985 2925; x_wconf 86' lang='lat' dir='ltr'>solempniter</span> <span class='ocrx_word' id='word_1_368' title='bbox 1011 2876 1055 2915; x_wconf 92' lang='lat' dir='ltr'>et</span> <span class='ocrx_word' id='word_1_369' title='bbox 1081 2886 1180 2914; x_wconf 91' lang='lat' dir='ltr'>cum</span> <span class='ocrx_word' id='word_1_370' title='bbox 1209 2874 1388 2926; x_wconf 88' lang='lat' dir='ltr'>magnis</span> <span class='ocrx_word' id='word_1_371' title='bbox 1415 2873 1655 2915; x_wconf 91' lang='lat' dir='ltr'>instanciis</span> <span class='ocrx_word' id='word_1_372' title='bbox 1681 2871 1932 2925; x_wconf 80' lang='lat' dir='ltr'>requisitus</span> 
     </span>
     <span class='ocr_line' id='line_1_40' title="bbox 164 2943 1931 2996; baseline 0.001 -12"><span class='ocrx_word' id='word_1_373' title='bbox 164 2944 317 2985; x_wconf 81' lang='lat' dir='ltr'>fuerit.</span> <span class='ocrx_word' id='word_1_374' title='bbox 354 2944 431 2986; x_wconf 87' lang='lat' dir='ltr'>Set</span> <span class='ocrx_word' id='word_1_375' title='bbox 457 2944 502 2985; x_wconf 92' lang='lat' dir='ltr'>in</span> <span class='ocrx_word' id='word_1_376' title='bbox 529 2957 621 2985; x_wconf 90' lang='lat' dir='ltr'>uno</span> <span class='ocrx_word' id='word_1_377' title='bbox 644 2946 875 2985; x_wconf 89' lang='lat' dir='ltr'>terrarum</span> <span class='ocrx_word' id='word_1_378' title='bbox 901 2944 1071 2996; x_wconf 90' lang='lat' dir='ltr'>angulo</span> <span class='ocrx_word' id='word_1_379' title='bbox 1096 2944 1141 2984; x_wconf 90' lang='lat' dir='ltr'>in</span> <span class='ocrx_word' id='word_1_380' title='bbox 1166 2947 1317 2985; x_wconf 90' lang='lat' dir='ltr'>castro</span> <span class='ocrx_word' id='word_1_381' title='bbox 1342 2944 1585 2985; x_wconf 90' lang='lat' dir='ltr'>Paniscole</span> <span class='ocrx_word' id='word_1_382' title='bbox 1611 2943 1931 2994; x_wconf 77' lang='lat' dir='ltr'>munitissime,</span> 
     </span>
    </p>
   </div>
   <div class='ocr_carea' id='block_1_5' title="bbox 267 3047 1185 3080">
    <p class='ocr_par' dir='ltr' id='par_1_5' title="bbox 267 3047 1185 3080">
     <span class='ocr_line' id='line_1_41' title="bbox 267 3047 1185 3080; baseline 0.001 -6"><span class='ocrx_word' id='word_1_383' title='bbox 267 3053 296 3074; x_wconf 69' lang='lat' dir='ltr'>a»</span> <span class='ocrx_word' id='word_1_384' title='bbox 320 3049 364 3074; x_wconf 77' lang='lat' dir='ltr'>lls</span> <span class='ocrx_word' id='word_1_385' title='bbox 384 3047 465 3080; x_wconf 66' lang='lat' dir='ltr'>sulm</span> <span class='ocrx_word' id='word_1_386' title='bbox 488 3055 534 3074; x_wconf 83' lang='lat' dir='ltr'>ac.</span> <span class='ocrx_word' id='word_1_387' title='bbox 614 3049 644 3074; x_wconf 66' lang='lat'>1»</span> <span class='ocrx_word' id='word_1_388' title='bbox 668 3049 712 3074; x_wconf 66' lang='grc'>113</span> <span class='ocrx_word' id='word_1_389' title='bbox 735 3047 903 3075; x_wconf 65' lang='lat' dir='ltr'>redicitus</span> <span class='ocrx_word' id='word_1_390' title='bbox 974 3051 1001 3080; x_wconf 80' lang='lat' dir='ltr'>c)</span> <span class='ocrx_word' id='word_1_391' title='bbox 1026 3047 1107 3080; x_wconf 76' lang='lat' dir='ltr'>fehlt</span> <span class='ocrx_word' id='word_1_392' title='bbox 1135 3049 1185 3075; x_wconf 53' lang='lat' dir='ltr'>llsz</span> 
     </span>
    </p>
   </div>
  </div>
 </body>
</html>
