2102 3444
275 148 359 190 740
713 143 778 176 III.
811 140 1020 175 Abschnitt.
1063 138 1216 173 Reform
1249 139 1326 172 und
1359 138 1607 182 Versassung.

278 265 579 308 intromittant
603 274 651 304 se
677 261 732 302 de
758 258 984 301 electione
1009 256 1262 309 Benedicti,
1284 255 1513 299 electione
1539 256 1683 299 futuri
1706 256 1875 299 summi
1898 257 2045 310 ponti-

278 337 393 388 ficis,
416 332 745 376 reformatione
767 330 964 372 ecclesie
987 329 1032 369 in
1053 328 1202 381 capite
1225 327 1335 369 etin
1358 327 1579 369 membris
1597 330 1645 370 et
1665 340 1803 370 causa
1824 328 2044 370 heresum

276 419 377 447 cum
399 403 745 456 emergentibus
769 404 814 443 et
834 398 1214 452 dependentibus
1239 402 1323 441 ete.
1359 398 1449 439 Nec
1473 398 1626 440 obstat
1647 398 1904 441 ratificacio
1925 397 2046 442 facta

279 478 320 517 in
348 477 429 517 lioc
456 473 648 516 concilio
671 471 896 525 generali,
923 469 1030 523 quia
1055 468 1346 511 ratificantur
1372 469 1589 522 capitula,
1615 481 1705 521 que
1729 481 1822 511 non
1847 469 2044 523 obsta-nt,

275 560 378 599 ymo
420 545 564 597 magis
605 543 904 593 auctorizant;
947 544 1166 594 preterea
1208 539 1328 592 dato,
1370 539 1493 592 quod
1535 539 1754 594 obstaret,
1796 539 1913 582 sicut
1951 551 2046 582 non

276 618 424 658 obstat
447 616 566 657 dicta
586 612 796 665 obiectio,
817 612 942 654 clare
965 613 1156 663 constat,
1179 610 1303 663 quod
1324 610 1381 651 de
1405 610 1692 663 obediencia,
1712 623 1804 663 que
1827 610 1914 652 fulit
1934 610 2045 652 olim

275 687 501 728 ,iohannis
528 688 572 727 et
600 683 814 737 Gregorii
841 682 1042 735 capitula
1068 694 1161 724 non
1184 681 1512 734 *intelliguntur
1541 681 1624 724 sed
1650 683 1828 723 tantum
1850 680 1912 723 de
1938 680 2046 723 obe-

275 757 454 798 diencia
482 756 605 797 Petri
632 755 689 796 de
716 754 847 796 Luna
872 756 916 795 et
942 751 1299 806 preiudicabilia
1326 752 1530 805 regibus,
1553 751 1850 805 *principibus
1874 754 1921 794 et
1942 763 2046 805 pre-

276 828 378 870 latis
414 827 531 869 dicte
569 825 842 867 obediencie
882 824 938 866 de
976 823 1121 876 Luna,
1158 822 1222 864 ibi
1260 822 1368 864 dum
1405 821 1530 864 dicit:
1581 835 1675 864 non
1710 822 2045 876 tractabuntur,

274 897 612 939 ordinabuntur
636 896 710 938 vel
737 894 855 937 fient
879 893 1080 947 tractari,
1106 893 1313 935 ordinari
1340 894 1414 935 vel
1441 893 1550 935 fieri
1576 892 1846 946 permittent
1868 892 2044 936 directe

274 969 346 1010 vel
390 967 613 1009 indirecte
658 966 814 1019 aliqua
853 964 1191 1007 coneernencia
1234 977 1318 1006 seu
1359 964 1603 1017 tangencjia
1643 963 1790 1006 dictos
1833 963 2044 1006 dominos

272 1051 407 1092 reges
435 1041 479 1080 et
506 1037 743 1090 principes
770 1041 814 1080 et
843 1036 958 1078 alios
984 1036 1047 1077 de
1074 1035 1348 1077 obediencia
1373 1035 1484 1077 dicti
1513 1034 1754 1077 Benedicti
1781 1037 1865 1077 etc.
1906 1033 2044 1077 Clare

272 1122 381 1162 ergo
410 1112 599 1161 constat,
630 1108 752 1160 quod
781 1108 866 1149 hoc
896 1109 1218 1159 argumentum
1247 1119 1332 1159 pro
1360 1105 1553 1148 nacione
1585 1108 1874 1159 assumptum
1901 1104 2044 1147 nichil

272 1181 379 1221 i'acit
409 1180 466 1221 ad
497 1192 595 1221 rem
629 1179 763 1232 (?)³¹),
795 1181 865 1220 set
894 1191 979 1231 pro
1006 1178 1108 1220 sOlo
1139 1177 1340 1230 diffugio
1368 1176 1619 1218 assumitur
1646 1179 1695 1218 et
1724 1188 1836 1218 vere
1863 1176 2044 1229 pericu-

273 1252 420 1292 losum
443 1253 513 1292 est
533 1250 597 1292 sic
618 1261 830 1302 arguere,
852 1248 960 1302 quia
981 1249 1125 1290 multa
1147 1251 1253 1290 sunt
1273 1250 1437 1301 postea
1456 1247 1577 1290 facta
1598 1247 1745 1289 eciam
1765 1247 1812 1288 in
1833 1246 2043 1289 sessione

270 1322 455 1373 publica
496 1324 542 1362 ut
581 1320 637 1362 de
678 1320 799 1362 facto
839 1319 1166 1374 Tridentino,¹)
1206 1319 1266 1360 de
1307 1317 1742 1360 canonizacionibus
1780 1320 2042 1360 sanctorum

272 1389 467 1446 Dacie,¹‘)
506 1404 530 1433 e
566 1390 896 1434 infinitissimis
931 1390 1050 1443 aliis,
1085 1401 1175 1442 que
1211 1389 1268 1432 ad
1301 1393 1519 1431 neutrum
1553 1388 1691 1431 trium
1723 1391 1919 1441 possunt
1952 1387 2044 1430 ref-

271 1462 405 1515 i'erri;
433 1465 477 1504 et
502 1462 540 1504 si
565 1461 668 1514 quis
693 1461 750 1504 de
775 1461 1050 1503 obediencia
1077 1460 1201 1502 Petri
1228 1460 1286 1502 de
1311 1459 1441 1502 Luna
1467 1460 1612 1502 vellet
1635 1459 1896 1513 malignari,
1921 1457 2043 1512 quod

270 1536 447 1575 avertat
482 1532 709 1586 dominus,
746 1533 833 1575 ista
869 1532 1068 1574 obiectio
1103 1534 1237 1585 parat
1271 1531 1392 1573 viam
1429 1530 1645 1584 scismati,
1681 1529 2043 1583 malignantibus

270 1607 510 1656 ruptunam
551 1616 610 1645 ex
649 1606 782 1656 parte
823 1603 1004 1645 concilii
1046 1602 1282 1656 allegandi
1323 1605 1367 1644 est
1407 1601 1612 1643 breviter
1652 1600 1868 1643 omnibu-s
1908 1600 2042 1642 bonis

270 1674 407 1717 tantis
434 1674 682 1717 sudoribus
709 1673 955 1726 exquisitis
982 1672 1170 1716 omnino
1195 1672 1426 1726 privandi.

387 1746 576 1787 Decimo
613 1748 785 1798 octavo,
822 1744 1011 1798 quidam
1048 1743 1252 1787 obiciunt
1285 1747 1332 1786 -et
1368 1756 1453 1797 per
1491 1742 1716 1796 quosdam
1750 1742 1812 1784 de
1847 1741 2042 1785 nacione

276 1816 431 1858 Italica
467 1816 634 1858 dictum
670 1819 753 1868 est,
790 1815 913 1869 quod
949 1816 1037 1858 ista
1072 1814 1239 1857 elec-tio
1274 1814 1539 1856 examinata
1574 1816 1645 1856 est
1676 1826 1765 1867 *per
1800 1813 2043 1866 deputatos

273 1887 404 1928 IllIs's
438 1886 682 1929 nacionum
717 1899 810 1929 non
848 1887 1060 1928 decretos
1096 1885 1144 1927 in
1178 1885 1391 1928 sessione
1428 1885 1633 1938 publiea3
1671 1884 1794 1926 facta
1828 1883 2044 1926 videntur

272 1971 296 1999 a
321 1957 514 2011 privatis
541 1961 584 2000 et
608 1970 701 2000 non
728 1957 997 2000 auctoritate
1025 1956 1221 1999 concilii.
1260 1956 1383 2009 Ergo
1408 1959 1490 1998 etc.

387 2028 726 2083 Respondetur,
757 2028 879 2081 quod
908 2028 993 2070 hec
1023 2028 1223 2070 obiectio
1251 2039 1344 2069 non
1375 2028 1527 2069 minus
1558 2029 1630 2068 est
1654 2025 1922 2079 periculosa
1950 2036 2042 2066 non

272 2099 516 2152 minusque
544 2099 601 2141 ad
625 2098 899 2141 scandalum
925 2099 1064 2140 huius
1092 2101 1267 2152 spectat
1292 2097 1473 2140 concilii
1499 2100 1545 2139 et
1571 2097 1628 2139 de
1655 2099 1810 2138 ment-e
1836 2093 2043 2149 procedit

271 2170 512 2212 concilium
550 2170 824 2212 anichillare
861 2175 1088 2222 querente
1125 2169 1357 2222 quoniam,
1394 2168 1501 2210 licet
1536 2168 1714 2210 fuerint
1749 2168 1795 2210 in
1829 2166 2041 2209 sessione

269 2241 455 2293 publica
491 2241 697 2294 deputati
728 2241 809 2293 hii,
844 2240 921 2294 qui
956 2241 1284 2282 examinarunt
1317 2243 1461 2283 testes
1497 2238 1554 2281 ad
1589 2237 1934 2292 deposicionem
1968 2235 2041 2279 Jo-

270 2311 452 2363 hannis,
490 2324 582 2353 non
619 2314 774 2354 tamen
813 2311 1003 2354 fuerunt
1041 2311 1248 2364 deputati
1287 2311 1333 2352 in
1371 2309 1582 2353 ses-sione
1618 2308 1805 2362 publica
1843 2307 1926 2361 illi,
1962 2306 2040 2360 qui

271 2381 438 2423 dictum
469 2394 738 2434 processum
771 2381 1016 2424 visitarunt
1046 2385 1091 2424 et
1123 2381 1451 2423 examinarunt
1477 2392 1566 2422 *nec
1597 2380 1726 2422 visus
1756 2381 1828 2421 est
1856 2376 2040 2432 publice

270 2464 518 2503 processus
548 2453 594 2494 in
621 2452 895 2494 nacionibus
923 2456 1116 2506 propter
1145 2452 1378 2505 quandam
1405 2451 1697 2493 honestatem
1727 2454 1772 2493 et
1797 2448 2040 2491 criminum

269 2523 555 2576 gravitatem,
580 2526 648 2565 set
672 2536 756 2576 per
780 2536 952 2576 paucos
974 2536 1061 2576 per
1082 2523 1304 2565 naciones
1329 2523 1502 2564 electos
1526 2524 1572 2564 et
1595 2521 1674 2574 qui
1694 2520 1744 2562 {in
1766 2518 2038 2562 nacionibus

270 2593 529 2636 retulerunt
562 2597 605 2635 et
639 2594 893 2636 secundum
927 2594 1210 2636 relacionem
1244 2593 1569 2646 deputatorum
1603 2591 1663 2634 ad
1692 2589 2037 2644 tie-posicionem

270 2663 409 2715 plene
447 2664 534 2706 fuit
573 2665 852 2707 conclusum.
903 2665 993 2706 Per
1029 2665 1149 2707 hanc
1185 2677 1298 2717 ergo
1336 2664 1585 2715 racionem,
1621 2674 1723 2704 cum
1760 2660 2038 2703 iudicantem

270 2737 511 2786 opporteat
547 2739 707 2778 cuncta
743 2736 933 2788 rumari,
968 2748 1061 2777 non
1097 2736 1276 2777 valeret
1308 2734 1550 2776 sentencia
1582 2736 1746 2775 contra
1779 2731 2037 2774 Johannem

270 2804 377 2856 lata,
398 2805 519 2857 quod
543 2805 674 2847 absit.
711 2806 780 2847 Ad
805 2805 926 2848 idem
949 2807 1093 2859 aliqui
1115 2806 1249 2859 pauci
1273 2805 1330 2847 de
1352 2804 1626 2847 nacionibus
1646 2805 1692 2845 et
1713 2814 1801 2856 per
1819 2800 2037 2844 naciones

374 2936 403 2958 a)
427 2932 531 2958 Liirke
552 2934 591 2959 im
621 2934 713 2967 Tarm
735 2942 784 2959 am
809 2935 921 2960 Raude
942 2934 1009 2960 eine
1030 2934 1234 2967 Erffl'incunfl.
1327 2932 1359 2965 l»)
1381 2933 1423 2959 Es
1443 2931 1527 2964 fola!
1549 2930 1630 2958 noch
1651 2929 1691 2957 de
1712 2929 1805 2956 carta
1823 2926 1889 2959 ille,
1910 2932 1976 2952 was
1989 2923 2038 2952 ich

269 2979 352 3004 nicht
375 2987 410 3004 ει(
433 2980 543 3004 (haren
569 2981 664 3007 weiss,

390 3040 419 3081 ¹)
453 3039 526 3082 1'91.
548 3040 611 3073 die
631 3040 686 3074 20.
708 3040 939 3082 (nllyemeine
962 3039 1114 3082 Sitzuny
1136 3040 1212 3074 und
1234 3039 1298 3074 die
1318 3036 1604 3082 Konyreyaeion
1624 3045 1711 3072 vom
1729 3036 1785 3072 30.
1804 3032 1916 3079 April
1936 3029 2034 3068 1416.
