2102 3444
243 126 299 169 82
763 126 790 160 Ι.
830 126 1041 161 Abschnitt.
1095 125 1495 171 Konzilstagebiicher.

243 256 424 286 cessum
454 244 690 297 Hispanis,
720 246 896 286 scilicet
925 244 1323 298 Aragonensibus,
1354 245 1477 298 quod
1507 245 1553 287 in
1584 245 1765 288 duabus
1796 244 2013 287 sessioni-

244 316 330 357 bus
353 315 582 357 haberent
606 315 909 368 prioritatem,
934 319 979 357 et
1004 315 1225 357 Germani
1252 315 1484 358 dederunt
1507 316 1576 358 eis
1602 317 1751 358 locum
1777 328 1925 368 suum,
1950 315 2013 357 vi-

243 385 412 427 delicet
432 386 641 438 tercium,
662 389 706 427 et
728 389 952 438 ceperunt
973 386 1199 439 ultimum,
1219 386 1428 439 Anglicis
1449 399 1635 440 semper
1657 387 1703 427 in
1726 389 1890 439 quarto
1912 386 2012 428 loco

244 457 553 499 manentibus.
589 457 691 498 Fuit
713 456 857 498 eciam
877 456 1154 510 ordinatum,
1176 457 1298 510 quod
1320 457 1398 499 ille
1422 457 1535 499 ordo
1556 456 1811 510 prioritatis
1831 469 1917 510 per
1936 457 2014 498 de-

241 530 416 568 cretum
451 526 632 568 concilii
665 527 1033 569 confunderetur
1067 530 1111 569 et
1146 528 1472 581 provideretur
1506 529 1656 570 aliter.
1704 527 1899 581 Fuitque
1933 527 2012 569 diu

242 600 390 638 actum
416 610 501 650 per
526 597 772 650 deputatos
796 598 1102 640 cardinalium
1128 601 1174 640 et
1197 599 1443 640 nacionum
1470 599 1527 640 de
1554 599 1704 641 forma
1729 597 1919 640 decreti.

360 668 415 710 Et
435 668 544 720 quia
566 668 801 721 pendebat
823 668 968 710 eciam
990 669 1305 711 cor-troversia
1329 669 1449 711 inter
1474 670 1649 722 legatos
1671 668 1795 722 regis
1819 668 2012 711 Francie

241 742 545 790 promovente
568 738 793 781 cardinali
820 739 1161 792 Cameracensi,
1185 743 1446 793 protectore
1472 740 1595 793 regis
1618 742 1663 782 et
1685 739 1832 793 regni,
1854 742 1900 781 et
1923 740 2013 781 An-

239 809 383 861 glicos
411 809 673 852 dicentibus
701 810 866 863 legatis
895 810 1088 852 Francie
1115 814 1160 853 et
1186 811 1451 853 volentibus
1478 811 1742 864 protestari,
1771 810 1895 863 quod
1921 810 2012 852 An-

238 879 360 932 glici,
392 879 470 932 qui
501 891 645 921 unum
676 880 825 922 solum
858 893 1051 933 regnum
1083 881 1271 935 faciunt,
1304 882 1546 923 continens
1579 882 1729 923 solum
1759 881 1885 923 XXV
1917 880 2012 923 dio-

239 962 385 1003 ceses,
425 963 532 994 non,
559 950 795 992 debebant
834 951 991 993 facere
1032 964 1172 994 unam
1211 952 1452 994 nacionem
1496 953 1617 994 inter
1657 951 1774 994 alias
1814 954 2010 1005 quatuor

239 1033 392 1074 neque
415 1024 626 1074 quartam
650 1025 727 1063 aut
750 1021 956 1074 quintam
979 1025 1159 1075 partem
1181 1022 1377 1075 concilii,
1400 1035 1554 1075 neque
1578 1023 1849 1076 equiparari
1872 1022 2009 1065 alicui

239 1092 426 1133 illarum
453 1095 651 1144 quatuor
677 1093 923 1134 nacionum
951 1093 1119 1146 Ytalie,
1148 1093 1314 1146 Gallie,
1343 1093 1594 1136 Germanie
1624 1096 1668 1136 et
1695 1093 1934 1146 Hispanie‚
1963 1093 2010 1135 in

238 1174 434 1215 quarum
461 1163 683 1215 qualibet,
708 1163 957 1216 presertim
983 1163 1150 1216 Ytalie,
1176 1163 1328 1206 Gallie
1355 1167 1401 1206 et
1426 1164 1679 1206 Germanie
1705 1167 1811 1206 sunt
1836 1163 2010 1206 sexties

238 1235 302 1275 tot
338 1232 563 1286 dioceses,
600 1236 709 1286 quot
745 1237 851 1276 sunt
887 1234 934 1275 in
970 1234 1152 1288 Anglia,
1189 1234 1411 1288 dicentes,
1449 1235 1572 1287 quod
1608 1237 1701 1277 tota
1737 1234 2010 1276 obediencia

237 1303 435 1346 ecclesie
459 1303 665 1346 Romane
690 1304 832 1346 habet
856 1304 1175 1358 septingentas
1200 1308 1246 1347 et
1270 1305 1439 1347 XXXV
1465 1305 1703 1358 dyoceses,
1729 1307 1889 1358 preter
1914 1317 2010 1347 car-

237 1374 435 1428 dinales,
462 1375 541 1428 qui
567 1377 702 1417 erant
726 1375 860 1417 XXII
885 1377 1146 1429 presentes,
1172 1378 1218 1417 et
1244 1375 1301 1417 de
1327 1379 1391 1418 tot
1418 1375 1695 1429 dyocesibus
1720 1376 1891 1429 Anglia
1915 1387 2008 1417 non

236 1445 377 1487 habet
409 1445 501 1488 nisi
534 1445 674 1487 XXV.
723 1445 920 1498 Propter
955 1446 1079 1499 quod
1113 1446 1368 1489 absurdum
1403 1449 1487 1499 est,
1523 1446 1646 1499 quod
1681 1448 2010 1499 representent

237 1519 448 1569 quartam
471 1516 545 1557 vel
568 1516 775 1569 quintam
797 1519 978 1570 partem
1001 1517 1183 1559 concilii
1206 1517 1457 1570 generalis,
1477 1530 1583 1570 ymo
1604 1529 1759 1570 neque
1781 1516 2009 1559 deberent

237 1586 506 1639 equiparari
535 1599 680 1640 regno
709 1587 918 1640 Francie,
947 1588 994 1628 in
1021 1600 1113 1640 quo
1140 1591 1246 1630 sunt
1274 1591 1456 1629 centum
1485 1590 1530 1629 et
1557 1600 1650 1630 una
1677 1587 1913 1641 dyoceses.
1954 1587 2009 1629 Et

236 1660 391 1699 tamen
412 1657 545 1700 nacio
567 1657 809 1700 Gallicana
830 1658 970 1700 habet
992 1671 1187 1711 regnum
1211 1658 1419 1711 Francie,
1441 1658 1726 1712 provinciam
1749 1657 2008 1711 Provincie,

239 1728 584 1781 Dalphinatum,
621 1727 915 1782 Sabaudiam,
955 1728 1301 1782 Lothoringiam
1340 1732 1385 1771 et
1423 1729 1686 1771 comitatum
1725 1728 2007 1782 Burgundie.

237 1799 433 1852 Propter
464 1811 579 1851 quas
611 1799 953 1842 controversias
985 1799 1192 1852 deputati
1222 1800 1313 1842 nisi
1346 1802 1452 1842 sunt
1482 1800 1643 1842 ambas
1673 1800 1893 1842 materias
1922 1811 2008 1852 per

236 1869 473 1911 decretum
503 1870 684 1911 concilii
714 1869 982 1922 terminare,
1014 1873 1083 1912 set
1111 1870 1219 1912 fieri
1250 1883 1343 1912 non
1372 1870 1532 1923 potuit.
1574 1870 1708 1912 Unde
1738 1869 1826 1912 fuit
1853 1869 2008 1912 termi-

235 1943 344 1982 nata
371 1940 566 1982 materia
595 1940 652 1981 de
681 1940 844 1982 ordine
873 1941 1023 1982 solum
1054 1941 1173 1982 inter
1199 1940 1420 1983 naciones
1448 1944 1493 1983 et
1520 1953 1622 1982 cum
1651 1941 1853 1983 maxima
1881 1940 2008 1982 diffi-

235 2011 402 2053 cultate
432 2010 708 2052 concordata
735 2011 782 2052 in
810 2011 1005 2052 nacione
1037 2010 1292 2053 Gallicana.
1334 2011 1412 2054 Set
1440 2011 1660 2065 expedita
1688 2011 1789 2064 fuit,
1818 2014 1867 2054 ut
1895 2010 2008 2053 reci-

236 2084 460 2134 perentur
484 2082 623 2134 legati
648 2081 771 2134 regis
795 2082 1014 2133 Navarre,
1039 2082 1116 2134 qui
1141 2081 1256 2123 alias
1281 2082 1457 2124 admitti
1481 2095 1573 2124 non
1597 2085 1848 2135 potuerunt
1870 2095 2006 2135 prop-

235 2155 305 2194 ter
333 2152 478 2195 dictas
506 2152 848 2194 controversias
875 2152 1135 2194 nacionum.

353 2222 438 2264 Die
468 2222 607 2275 igitur
636 2222 752 2265 iovis
780 2222 979 2264 XXIIII.
1011 2223 1297 2276 Decembris,
1326 2223 1483 2276 vigilia
1512 2223 1620 2265 festi
1647 2223 1900 2266 nativitatis
1929 2223 2006 2265 do-

235 2292 416 2345 minice,
437 2292 556 2335 sedit
575 2293 819 2334 concilium
839 2305 924 2346 pro
946 2292 1229 2345 recipiendis
1252 2293 1415 2346 legatis
1435 2293 1559 2346 regis
1580 2296 1625 2335 et
1644 2293 1776 2347 regni
1796 2294 2003 2336 Nauarre

233 2366 279 2405 et
310 2363 441 2416 prius
476 2363 577 2405 sine
612 2363 908 2415 solennitate3
945 2366 989 2404 et
1023 2366 1271 2416 antequam
1304 2363 1519 2406 venirent
1553 2364 1691 2416 legati
1725 2364 1832 2406 dicti
1866 2363 2004 2418 regie,

235 2435 402 2475 lectum
440 2437 511 2475 est
548 2433 784 2475 decretum
825 2446 967 2486 super
1005 2433 1279 2475 confusione
1317 2437 1363 2476 et
1399 2446 1491 2476 non
1530 2434 1788 2487 preiudicio
1825 2435 2004 2477 ordinis

233 2503 492 2546 nacionum.
538 2503 680 2546 Cuius
713 2504 863 2546 forma
894 2505 1001 2546 talis
1031 2507 1118 2546 est:
1165 2504 1466 2547 Sacrosancta
1499 2538 1507 2546 .
1543 2538 1551 2546 .
1587 2539 1595 2547 .
1630 2505 1720 2547 Pro
1750 2505 1873 2548 bono
1905 2539 1914 2548 .
1950 2538 1958 2547 .
1994 2538 2002 2547 .

234 2575 600 2627 quibuscunque.
654 2574 1044 2627 Archiepiscopus
1088 2574 1453 2618 Mediolanensis
1494 2588 1580 2628 pro
1619 2575 1893 2618 nacionibus
1933 2588 2003 2618 re-

234 2645 437 2698 spondit:
490 2645 659 2687 Placet.
710 2644 966 2698 Episcopus
1003 2645 1232 2687 Ostiensis
1268 2648 1313 2687 et
1351 2645 1601 2688 cardinalis
1639 2646 1881 2699 respondit
1917 2658 2003 2699 pro

232 2715 568 2758 cardinalibus:
599 2715 768 2757 Placet.

352 2786 531 2827 Deinde
567 2789 796 2828 venerunt
831 2786 969 2838 legati
1004 2785 1197 2839 predicti
1232 2786 1356 2840 regis
1390 2787 1613 2839 Nauarre,
1649 2790 1694 2829 et
1728 2790 1829 2829 erat
1863 2787 2001 2830 sedes

232 2857 324 2898 alta
359 2868 505 2909 prope
543 2857 786 2898 ambonem
824 2859 1026 2912 parataa)
1065 2856 1111 2897 in
1147 2869 1342 2909 quorum
1378 2858 1646 2910 receptione
1683 2860 1896 2901 servatus
1929 2860 2000 2900 est

231 2926 338 2969 talis
366 2926 496 2969 ordo:

335 3029 365 3062 a)
385 3029 465 3062 senze
486 3010 530 3056 15(
