<?xml version="1.0" encoding="UTF-8"?>
<!DOCTYPE html PUBLIC "-//W3C//DTD XHTML 1.0 Transitional//EN"
    "http://www.w3.org/TR/xhtml1/DTD/xhtml1-transitional.dtd">
<html xmlns="http://www.w3.org/1999/xhtml" xml:lang="en" lang="en">
 <head>
  <title>
</title>
<meta http-equiv="Content-Type" content="text/html;charset=utf-8" />
  <meta name='ocr-system' content='tesseract 3.04.00' />
  <meta name='ocr-capabilities' content='ocr_page ocr_carea ocr_par ocr_line ocrx_word'/>
</head>
<body>
  <div class='ocr_page' id='page_1' title='image "./actaconciliicons02counuoft/actaconciliicons02counuoft_0682.png"; bbox 0 0 2102 3444; ppageno 0'>
   <div class='ocr_carea' id='block_1_1' title="bbox 298 194 1623 244">
    <p class='ocr_par' dir='ltr' id='par_1_1' title="bbox 298 194 1623 244">
     <span class='ocr_line' id='line_1_1' title="bbox 298 194 1623 244; baseline -0.007 -8"><span class='ocrx_word' id='word_1_1' title='bbox 298 202 384 244; x_wconf 84' lang='lat'>668</span> <span class='ocrx_word' id='word_1_2' title='bbox 742 199 807 233; x_wconf 87' lang='grc' dir='ltr'><strong>ΙΙΙ.</strong></span> <span class='ocrx_word' id='word_1_3' title='bbox 836 197 1046 233; x_wconf 82' lang='lat' dir='ltr'>Abschnitt.</span> <span class='ocrx_word' id='word_1_4' title='bbox 1086 196 1238 230; x_wconf 84' lang='lat' dir='ltr'><strong>Reform</strong></span> <span class='ocrx_word' id='word_1_5' title='bbox 1268 195 1345 229; x_wconf 87' lang='lat' dir='ltr'>und</span> <span class='ocrx_word' id='word_1_6' title='bbox 1376 194 1623 238; x_wconf 87' lang='lat' dir='ltr'>Verfassung.</span> 
     </span>
    </p>
   </div>
   <div class='ocr_carea' id='block_1_2' title="bbox 300 311 2074 1917">
    <p class='ocr_par' dir='ltr' id='par_1_2' title="bbox 300 311 2074 1917">
     <span class='ocr_line' id='line_1_2' title="bbox 300 311 2068 366; baseline -0.004 -6"><span class='ocrx_word' id='word_1_7' title='bbox 300 319 441 361; x_wconf 88' lang='lat' dir='ltr'>traria</span> <span class='ocrx_word' id='word_1_8' title='bbox 468 322 512 360; x_wconf 86' lang='lat' dir='ltr'>et</span> <span class='ocrx_word' id='word_1_9' title='bbox 539 317 702 359; x_wconf 89' lang='lat' dir='ltr'>rationi</span> <span class='ocrx_word' id='word_1_10' title='bbox 731 315 932 358; x_wconf 85' lang='lat' dir='ltr'>totaliter</span> <span class='ocrx_word' id='word_1_11' title='bbox 959 314 1161 365; x_wconf 89' lang='lat' dir='ltr'>dissona,</span> <span class='ocrx_word' id='word_1_12' title='bbox 1187 325 1271 366; x_wconf 92' lang='lat' dir='ltr'>per</span> <span class='ocrx_word' id='word_1_13' title='bbox 1298 324 1387 365; x_wconf 91' lang='lat' dir='ltr'>que</span> <span class='ocrx_word' id='word_1_14' title='bbox 1414 312 1569 354; x_wconf 86' lang='lat' dir='ltr'>totalis</span> <span class='ocrx_word' id='word_1_15' title='bbox 1594 312 1816 354; x_wconf 85' lang='lat' dir='ltr'>honestas</span> <span class='ocrx_word' id='word_1_16' title='bbox 1842 311 2068 354; x_wconf 86' lang='lat' dir='ltr'>dictarum</span> 
     </span>
     <span class='ocr_line' id='line_1_3' title="bbox 301 382 2068 435; baseline -0.003 -5"><span class='ocrx_word' id='word_1_17' title='bbox 301 388 600 430; x_wconf 77' lang='lat' dir='ltr'>ecclesiarum</span> <span class='ocrx_word' id='word_1_18' title='bbox 627 390 670 428; x_wconf 86' lang='lat' dir='ltr'>et</span> <span class='ocrx_word' id='word_1_19' title='bbox 697 386 880 427; x_wconf 76' lang='lat' dir='ltr'>(livinus</span> <span class='ocrx_word' id='word_1_20' title='bbox 902 385 951 425; x_wconf 50' lang='lat' dir='ltr'>¹in</span> <span class='ocrx_word' id='word_1_21' title='bbox 977 384 1155 426; x_wconf 86' lang='lat' dir='ltr'>eisdem</span> <span class='ocrx_word' id='word_1_22' title='bbox 1181 383 1330 424; x_wconf 84' lang='lat' dir='ltr'>cultus</span> <span class='ocrx_word' id='word_1_23' title='bbox 1355 383 1536 424; x_wconf 87' lang='lat' dir='ltr'>notorie</span> <span class='ocrx_word' id='word_1_24' title='bbox 1563 382 1836 424; x_wconf 83' lang='lat' dir='ltr'>diminuitur</span> <span class='ocrx_word' id='word_1_25' title='bbox 1859 385 1904 425; x_wconf 90' lang='lat' dir='ltr'>et</span> <span class='ocrx_word' id='word_1_26' title='bbox 1929 382 2068 435; x_wconf 89' lang='lat' dir='ltr'>depe-</span> 
     </span>
     <span class='ocr_line' id='line_1_4' title="bbox 301 452 2069 507; baseline -0.003 -8"><span class='ocrx_word' id='word_1_27' title='bbox 301 459 370 502; x_wconf 87' lang='lat' dir='ltr'>rit.</span> <span class='ocrx_word' id='word_1_28' title='bbox 417 458 570 499; x_wconf 88' lang='lat' dir='ltr'>Primo</span> <span class='ocrx_word' id='word_1_29' title='bbox 600 457 814 497; x_wconf 84' lang='lat' dir='ltr'>videlicet</span> <span class='ocrx_word' id='word_1_30' title='bbox 845 458 1091 507; x_wconf 79' lang='lat' dir='ltr'>antequam</span> <span class='ocrx_word' id='word_1_31' title='bbox 1125 454 1328 506; x_wconf 80' lang='lat' dir='ltr'>aliquem</span> <span class='ocrx_word' id='word_1_32' title='bbox 1361 453 1603 495; x_wconf 82' lang='lat' dir='ltr'>admittant</span> <span class='ocrx_word' id='word_1_33' title='bbox 1633 452 1691 495; x_wconf 89' lang='lat' dir='ltr'>ad</span> <span class='ocrx_word' id='word_1_34' title='bbox 1720 452 2069 506; x_wconf 81' lang='lat' dir='ltr'>possessionem</span> 
     </span>
     <span class='ocr_line' id='line_1_5' title="bbox 301 523 2070 581; baseline -0.003 -11"><span class='ocrx_word' id='word_1_35' title='bbox 301 529 494 570; x_wconf 80' lang='lat' dir='ltr'>alicuius</span> <span class='ocrx_word' id='word_1_36' title='bbox 520 526 759 581; x_wconf 82' lang='lat' dir='ltr'>prebende</span> <span class='ocrx_word' id='word_1_37' title='bbox 787 525 1185 578; x_wconf 80' lang='lat' dir='ltr'>qualitercumque</span> <span class='ocrx_word' id='word_1_38' title='bbox 1211 524 1418 566; x_wconf 89' lang='lat' dir='ltr'>vacantis</span> <span class='ocrx_word' id='word_1_39' title='bbox 1443 526 1625 576; x_wconf 87' lang='lat' dir='ltr'>oportet</span> <span class='ocrx_word' id='word_1_40' title='bbox 1650 523 1802 576; x_wconf 89' lang='lat' dir='ltr'>ipsum</span> <span class='ocrx_word' id='word_1_41' title='bbox 1829 523 2070 565; x_wconf 85' lang='lat' dir='ltr'>admitten-</span> 
     </span>
     <span class='ocr_line' id='line_1_6' title="bbox 302 593 2069 649; baseline -0.003 -9"><span class='ocrx_word' id='word_1_42' title='bbox 302 599 408 640; x_wconf 86' lang='lat' dir='ltr'>dum</span> <span class='ocrx_word' id='word_1_43' title='bbox 437 599 618 640; x_wconf 84' lang='lat' dir='ltr'>solvere</span> <span class='ocrx_word' id='word_1_44' title='bbox 645 608 856 649; x_wconf 89' lang='lat' dir='ltr'>magnam</span> <span class='ocrx_word' id='word_1_45' title='bbox 883 595 1078 648; x_wconf 82' lang='lat' dir='ltr'>pecunie</span> <span class='ocrx_word' id='word_1_46' title='bbox 1105 594 1407 647; x_wconf 79' lang='lat' dir='ltr'>quantitatem</span> <span class='ocrx_word' id='word_1_47' title='bbox 1435 597 1479 635; x_wconf 91' lang='lat' dir='ltr'>et</span> <span class='ocrx_word' id='word_1_48' title='bbox 1505 597 1727 635; x_wconf 75' lang='lat' dir='ltr'>vocantur</span> <span class='ocrx_word' id='word_1_49' title='bbox 1752 593 1934 636; x_wconf 83' lang='lat' dir='ltr'>denarii</span> <span class='ocrx_word' id='word_1_50' title='bbox 1959 593 2069 636; x_wconf 86' lang='lat' dir='ltr'>vini.</span> 
     </span>
     <span class='ocr_line' id='line_1_7' title="bbox 301 663 2070 720; baseline -0.002 -10"><span class='ocrx_word' id='word_1_51' title='bbox 301 669 513 711; x_wconf 85' lang='lat' dir='ltr'>Secundo</span> <span class='ocrx_word' id='word_1_52' title='bbox 544 668 665 720; x_wconf 90' lang='lat' dir='ltr'>quod</span> <span class='ocrx_word' id='word_1_53' title='bbox 696 667 860 710; x_wconf 83' lang='lat' dir='ltr'>solutis</span> <span class='ocrx_word' id='word_1_54' title='bbox 891 664 1154 707; x_wconf 89' lang='lat' dir='ltr'>huiusmodi</span> <span class='ocrx_word' id='word_1_55' title='bbox 1187 664 1394 706; x_wconf 85' lang='lat' dir='ltr'>denariis</span> <span class='ocrx_word' id='word_1_56' title='bbox 1425 663 1534 716; x_wconf 90' lang='lat' dir='ltr'>vini,</span> <span class='ocrx_word' id='word_1_57' title='bbox 1567 664 1645 716; x_wconf 93' lang='lat' dir='ltr'>qui</span> <span class='ocrx_word' id='word_1_58' title='bbox 1676 664 1981 706; x_wconf 86' lang='lat' dir='ltr'>communite-r</span> <span class='ocrx_word' id='word_1_59' title='bbox 2011 663 2070 706; x_wconf 87' lang='lat' dir='ltr'>ad</span> 
     </span>
     <span class='ocr_line' id='line_1_8' title="bbox 302 734 2070 792; baseline -0.003 -11"><span class='ocrx_word' id='word_1_60' title='bbox 302 752 511 792; x_wconf 86' lang='lat' dir='ltr'>magnam</span> <span class='ocrx_word' id='word_1_61' title='bbox 548 750 772 779; x_wconf 89' lang='lat' dir='ltr'>summam</span> <span class='ocrx_word' id='word_1_62' title='bbox 807 736 1063 779; x_wconf 89' lang='lat' dir='ltr'>ascendunt</span> <span class='ocrx_word' id='word_1_63' title='bbox 1097 739 1141 777; x_wconf 80' lang='lat' dir='ltr'>et</span> <span class='ocrx_word' id='word_1_64' title='bbox 1172 734 1391 777; x_wconf 87' lang='lat' dir='ltr'>sim-iliter</span> <span class='ocrx_word' id='word_1_65' title='bbox 1422 734 1592 776; x_wconf 54' lang='lat' dir='ltr'>*mediis</span> <span class='ocrx_word' id='word_1_66' title='bbox 1625 734 1854 778; x_wconf 85' lang='lat' dir='ltr'>fructibus</span> <span class='ocrx_word' id='word_1_67' title='bbox 1885 747 2070 777; x_wconf 88' lang='lat' dir='ltr'>camere</span> 
     </span>
     <span class='ocr_line' id='line_1_9' title="bbox 304 805 2071 863; baseline -0.003 -11"><span class='ocrx_word' id='word_1_68' title='bbox 304 810 554 863; x_wconf 89' lang='lat' dir='ltr'>apostolice</span> <span class='ocrx_word' id='word_1_69' title='bbox 579 811 760 861; x_wconf 89' lang='lat' dir='ltr'>oportet</span> <span class='ocrx_word' id='word_1_70' title='bbox 783 807 1046 849; x_wconf 90' lang='lat' dir='ltr'>huiusmodi</span> <span class='ocrx_word' id='word_1_71' title='bbox 1073 807 1331 848; x_wconf 87' lang='lat' dir='ltr'>solventem</span> <span class='ocrx_word' id='word_1_72' title='bbox 1355 808 1401 847; x_wconf 90' lang='lat' dir='ltr'>et</span> <span class='ocrx_word' id='word_1_73' title='bbox 1425 805 1483 847; x_wconf 88' lang='lat' dir='ltr'>ad</span> <span class='ocrx_word' id='word_1_74' title='bbox 1508 805 1793 847; x_wconf 82' lang='lat' dir='ltr'>beneficium</span> <span class='ocrx_word' id='word_1_75' title='bbox 1818 805 2071 848; x_wconf 88' lang='lat' dir='ltr'>admissum</span> 
     </span>
     <span class='ocr_line' id='line_1_10' title="bbox 304 875 2071 931; baseline -0.002 -10"><span class='ocrx_word' id='word_1_76' title='bbox 304 879 472 922; x_wconf 83' lang='lat' dir='ltr'>alicubi</span> <span class='ocrx_word' id='word_1_77' title='bbox 498 879 555 921; x_wconf 88' lang='lat' dir='ltr'>ad</span> <span class='ocrx_word' id='word_1_78' title='bbox 579 883 689 931; x_wconf 90' lang='lat' dir='ltr'>tres,</span> <span class='ocrx_word' id='word_1_79' title='bbox 715 878 883 920; x_wconf 89' lang='lat' dir='ltr'>alicubi</span> <span class='ocrx_word' id='word_1_80' title='bbox 910 877 968 919; x_wconf 89' lang='lat' dir='ltr'>ad</span> <span class='ocrx_word' id='word_1_81' title='bbox 993 879 1203 929; x_wconf 84' lang='lat' dir='ltr'>quatuor,</span> <span class='ocrx_word' id='word_1_82' title='bbox 1228 876 1399 918; x_wconf 89' lang='lat' dir='ltr'>alicubi</span> <span class='ocrx_word' id='word_1_83' title='bbox 1426 875 1485 918; x_wconf 88' lang='lat' dir='ltr'>ad</span> <span class='ocrx_word' id='word_1_84' title='bbox 1509 875 1568 929; x_wconf 86' lang='lat' dir='ltr'>vj,</span> <span class='ocrx_word' id='word_1_85' title='bbox 1595 875 1764 917; x_wconf 89' lang='lat' dir='ltr'>alicubi</span> <span class='ocrx_word' id='word_1_86' title='bbox 1786 875 1848 918; x_wconf 82' lang='lat' dir='ltr'>ad</span> <span class='ocrx_word' id='word_1_87' title='bbox 1873 878 1973 918; x_wconf 86' lang='lat' dir='ltr'>octo</span> <span class='ocrx_word' id='word_1_88' title='bbox 1996 875 2071 918; x_wconf 90' lang='lat' dir='ltr'>vel</span> 
     </span>
     <span class='ocr_line' id='line_1_11' title="bbox 303 945 2071 1002; baseline -0.001 -12"><span class='ocrx_word' id='word_1_89' title='bbox 303 951 464 1002; x_wconf 89' lang='lat' dir='ltr'>plures</span> <span class='ocrx_word' id='word_1_90' title='bbox 493 962 639 991; x_wconf 86' lang='lat' dir='ltr'>annos</span> <span class='ocrx_word' id='word_1_91' title='bbox 666 950 932 1001; x_wconf 88' lang='lat' dir='ltr'>expectare,</span> <span class='ocrx_word' id='word_1_92' title='bbox 963 950 1210 999; x_wconf 82' lang='lat' dir='ltr'>antequam</span> <span class='ocrx_word' id='word_1_93' title='bbox 1242 947 1298 988; x_wconf 88' lang='lat' dir='ltr'>de</span> <span class='ocrx_word' id='word_1_94' title='bbox 1329 959 1522 999; x_wconf 82' lang='lat' dir='ltr'>corpore</span> <span class='ocrx_word' id='word_1_95' title='bbox 1554 946 1819 988; x_wconf 89' lang='lat' dir='ltr'>huiusmodi</span> <span class='ocrx_word' id='word_1_96' title='bbox 1850 945 2071 988; x_wconf 85' lang='lat' dir='ltr'>beneficii</span> 
     </span>
     <span class='ocr_line' id='line_1_12' title="bbox 304 1016 2072 1073; baseline -0.002 -12"><span class='ocrx_word' id='word_1_97' title='bbox 304 1022 374 1061; x_wconf 76' lang='lat' dir='ltr'>vel</span> <span class='ocrx_word' id='word_1_98' title='bbox 404 1019 646 1073; x_wconf 86' lang='lat' dir='ltr'>prebende</span> <span class='ocrx_word' id='word_1_99' title='bbox 676 1018 853 1071; x_wconf 85' lang='lat' dir='ltr'>aliquid</span> <span class='ocrx_word' id='word_1_100' title='bbox 879 1018 1119 1071; x_wconf 77' lang='lat' dir='ltr'>percipiat,</span> <span class='ocrx_word' id='word_1_101' title='bbox 1145 1020 1194 1059; x_wconf 89' lang='lat' dir='ltr'>et</span> <span class='ocrx_word' id='word_1_102' title='bbox 1221 1017 1284 1059; x_wconf 88' lang='lat' dir='ltr'>sic</span> <span class='ocrx_word' id='word_1_103' title='bbox 1314 1017 1437 1070; x_wconf 85' lang='lat' dir='ltr'>quod</span> <span class='ocrx_word' id='word_1_104' title='bbox 1463 1017 1717 1070; x_wconf 80' lang='lat' dir='ltr'>sepissime</span> <span class='ocrx_word' id='word_1_105' title='bbox 1744 1016 1920 1070; x_wconf 87' lang='lat' dir='ltr'>accidit,</span> <span class='ocrx_word' id='word_1_106' title='bbox 1949 1016 2072 1070; x_wconf 92' lang='lat' dir='ltr'>quod</span> 
     </span>
     <span class='ocr_line' id='line_1_13' title="bbox 304 1087 2073 1141; baseline -0.001 -9"><span class='ocrx_word' id='word_1_107' title='bbox 304 1092 348 1132; x_wconf 90' lang='lat' dir='ltr'>in</span> <span class='ocrx_word' id='word_1_108' title='bbox 378 1090 639 1132; x_wconf 89' lang='lat' dir='ltr'>huiusmodi</span> <span class='ocrx_word' id='word_1_109' title='bbox 670 1089 879 1131; x_wconf 88' lang='lat' dir='ltr'>ecclesiis</span> <span class='ocrx_word' id='word_1_110' title='bbox 909 1101 1137 1141; x_wconf 85' lang='lat' dir='ltr'>personas</span> <span class='ocrx_word' id='word_1_111' title='bbox 1164 1087 1473 1130; x_wconf 79' lang='lat' dir='ltr'>beneficiatas</span> <span class='ocrx_word' id='word_1_112' title='bbox 1501 1088 1618 1130; x_wconf 91' lang='lat' dir='ltr'>mori</span> <span class='ocrx_word' id='word_1_113' title='bbox 1647 1087 1694 1129; x_wconf 92' lang='lat' dir='ltr'>in</span> <span class='ocrx_word' id='word_1_114' title='bbox 1722 1090 1999 1141; x_wconf 78' lang='lat' dir='ltr'>paupertate</span> <span class='ocrx_word' id='word_1_115' title='bbox 2028 1091 2073 1130; x_wconf 87' lang='lat' dir='ltr'>et</span> 
     </span>
     <span class='ocr_line' id='line_1_14' title="bbox 305 1155 2072 1213; baseline -0.001 -11"><span class='ocrx_word' id='word_1_116' title='bbox 305 1161 472 1203; x_wconf 87' lang='lat' dir='ltr'>debitis</span> <span class='ocrx_word' id='word_1_117' title='bbox 514 1160 691 1213; x_wconf 83' lang='lat' dir='ltr'>magnis</span> <span class='ocrx_word' id='word_1_118' title='bbox 732 1163 925 1213; x_wconf 87' lang='lat' dir='ltr'>propter</span> <span class='ocrx_word' id='word_1_119' title='bbox 966 1159 1197 1212; x_wconf 80' lang='lat' dir='ltr'>prefatam</span> <span class='ocrx_word' id='word_1_120' title='bbox 1238 1158 1437 1212; x_wconf 80' lang='lat' dir='ltr'>pecunie</span> <span class='ocrx_word' id='word_1_121' title='bbox 1480 1159 1782 1211; x_wconf 85' lang='lat' dir='ltr'>solucionem,</span> <span class='ocrx_word' id='word_1_122' title='bbox 1822 1161 1870 1200; x_wconf 91' lang='lat' dir='ltr'>et</span> <span class='ocrx_word' id='word_1_123' title='bbox 1909 1155 2072 1212; x_wconf 79' lang='lat' dir='ltr'>postea</span> 
     </span>
     <span class='ocr_line' id='line_1_15' title="bbox 303 1220 2073 1283; baseline -0.001 -11"><span class='ocrx_word' id='word_1_124' title='bbox 303 1231 542 1283; x_wconf 86' lang='lat' dir='ltr'>prebende</span> <span class='ocrx_word' id='word_1_125' title='bbox 576 1230 951 1283; x_wconf 88' lang='lat' dir='ltr'>denegacionem.</span> <span class='ocrx_word' id='word_1_126' title='bbox 996 1229 1094 1281; x_wconf 88' lang='lat' dir='ltr'>Que</span> <span class='ocrx_word' id='word_1_127' title='bbox 1126 1229 1262 1271; x_wconf 85' lang='lat' dir='ltr'>valde</span> <span class='ocrx_word' id='word_1_128' title='bbox 1298 1228 1468 1271; x_wconf 87' lang='lat' dir='ltr'>cedunt</span> <span class='ocrx_word' id='word_1_129' title='bbox 1497 1228 1547 1270; x_wconf 85' lang='lat' dir='ltr'>in</span> <span class='ocrx_word' id='word_1_130' title='bbox 1580 1229 1852 1282; x_wconf 86' lang='lat' dir='ltr'>oprobrium</span> <span class='ocrx_word' id='word_1_131' title='bbox 1885 1220 2073 1271; x_wconf 82' lang='lat' dir='ltr'>clerico-</span> 
     </span>
     <span class='ocr_line' id='line_1_16' title="bbox 304 1299 2072 1352; baseline -0.001 -9"><span class='ocrx_word' id='word_1_132' title='bbox 304 1314 403 1342; x_wconf 86' lang='lat' dir='ltr'>rum</span> <span class='ocrx_word' id='word_1_133' title='bbox 431 1305 475 1343; x_wconf 90' lang='lat' dir='ltr'>et</span> <span class='ocrx_word' id='word_1_134' title='bbox 498 1301 645 1342; x_wconf 89' lang='lat' dir='ltr'>divini</span> <span class='ocrx_word' id='word_1_135' title='bbox 669 1301 822 1343; x_wconf 85' lang='lat' dir='ltr'>cultus</span> <span class='ocrx_word' id='word_1_136' title='bbox 850 1299 1224 1352; x_wconf 85' lang='lat' dir='ltr'>diminucionem,</span> <span class='ocrx_word' id='word_1_137' title='bbox 1254 1299 1364 1352; x_wconf 89' lang='lat' dir='ltr'>qui-a</span> <span class='ocrx_word' id='word_1_138' title='bbox 1388 1312 1591 1352; x_wconf 86' lang='lat' dir='ltr'>persone</span> <span class='ocrx_word' id='word_1_139' title='bbox 1619 1299 1760 1341; x_wconf 84' lang='lat' dir='ltr'>nichil</span> <span class='ocrx_word' id='word_1_140' title='bbox 1790 1299 2072 1352; x_wconf 83' lang='lat' dir='ltr'>recipientes</span> 
     </span>
     <span class='ocr_line' id='line_1_17' title="bbox 304 1369 2073 1424; baseline -0.001 -11"><span class='ocrx_word' id='word_1_141' title='bbox 304 1385 394 1414; x_wconf 90' lang='lat' dir='ltr'>non</span> <span class='ocrx_word' id='word_1_142' title='bbox 423 1372 643 1414; x_wconf 88' lang='lat' dir='ltr'>resident.</span> <span class='ocrx_word' id='word_1_143' title='bbox 685 1372 752 1413; x_wconf 86' lang='lat' dir='ltr'>Ex</span> <span class='ocrx_word' id='word_1_144' title='bbox 782 1384 873 1424; x_wconf 92' lang='lat' dir='ltr'>quo</span> <span class='ocrx_word' id='word_1_145' title='bbox 899 1370 1023 1412; x_wconf 92' lang='lat' dir='ltr'>unde</span> <span class='ocrx_word' id='word_1_146' title='bbox 1050 1383 1173 1412; x_wconf 89' lang='lat' dir='ltr'>nunc</span> <span class='ocrx_word' id='word_1_147' title='bbox 1200 1383 1294 1412; x_wconf 92' lang='lat' dir='ltr'>non</span> <span class='ocrx_word' id='word_1_148' title='bbox 1322 1370 1498 1417; x_wconf 86' lang='lat' dir='ltr'>habent</span> <span class='ocrx_word' id='word_1_149' title='bbox 1525 1370 1609 1413; x_wconf 89' lang='lat' dir='ltr'>sed</span> <span class='ocrx_word' id='word_1_150' title='bbox 1636 1369 1790 1423; x_wconf 85' lang='lat' dir='ltr'>potius</span> <span class='ocrx_word' id='word_1_151' title='bbox 1817 1373 2073 1424; x_wconf 85' lang='lat' dir='ltr'>evagantur</span> 
     </span>
     <span class='ocr_line' id='line_1_18' title="bbox 304 1440 2074 1495; baseline -0.001 -12"><span class='ocrx_word' id='word_1_152' title='bbox 304 1455 388 1495; x_wconf 91' lang='lat' dir='ltr'>per</span> <span class='ocrx_word' id='word_1_153' title='bbox 417 1442 635 1484; x_wconf 90' lang='lat' dir='ltr'>mundum</span> <span class='ocrx_word' id='word_1_154' title='bbox 665 1443 786 1484; x_wconf 90' lang='lat' dir='ltr'>mala</span> <span class='ocrx_word' id='word_1_155' title='bbox 815 1441 966 1495; x_wconf 88' lang='lat' dir='ltr'>potius</span> <span class='ocrx_word' id='word_1_156' title='bbox 996 1454 1133 1494; x_wconf 91' lang='lat' dir='ltr'>quam</span> <span class='ocrx_word' id='word_1_157' title='bbox 1161 1441 1283 1483; x_wconf 90' lang='lat' dir='ltr'>bona</span> <span class='ocrx_word' id='word_1_158' title='bbox 1313 1443 1603 1482; x_wconf 86' lang='lat' dir='ltr'>exercentes.</span> <span class='ocrx_word' id='word_1_159' title='bbox 1644 1440 1905 1494; x_wconf 87' lang='lat' dir='ltr'>Dignentur</span> <span class='ocrx_word' id='word_1_160' title='bbox 1934 1441 2074 1494; x_wconf 87' lang='lat' dir='ltr'>igitur</span> 
     </span>
     <span class='ocr_line' id='line_1_19' title="bbox 304 1510 2074 1565; baseline 0 -12"><span class='ocrx_word' id='word_1_161' title='bbox 304 1513 606 1565; x_wconf 81' lang='lat' dir='ltr'>paternitates</span> <span class='ocrx_word' id='word_1_162' title='bbox 632 1517 785 1555; x_wconf 89' lang='lat' dir='ltr'>vestre</span> <span class='ocrx_word' id='word_1_163' title='bbox 815 1512 872 1554; x_wconf 89' lang='lat' dir='ltr'>ad</span> <span class='ocrx_word' id='word_1_164' title='bbox 896 1511 1161 1554; x_wconf 81' lang='lat' dir='ltr'>huiusmodi</span> <span class='ocrx_word' id='word_1_165' title='bbox 1188 1512 1310 1554; x_wconf 87' lang='lat' dir='ltr'>mala</span> <span class='ocrx_word' id='word_1_166' title='bbox 1337 1511 1584 1554; x_wconf 88' lang='lat' dir='ltr'>advertere</span> <span class='ocrx_word' id='word_1_167' title='bbox 1608 1513 1656 1553; x_wconf 91' lang='lat' dir='ltr'>et</span> <span class='ocrx_word' id='word_1_168' title='bbox 1681 1510 1943 1553; x_wconf 78' lang='lat' dir='ltr'>reformare</span> <span class='ocrx_word' id='word_1_169' title='bbox 1968 1523 2074 1565; x_wconf 85' lang='lat' dir='ltr'>pre-</span> 
     </span>
     <span class='ocr_line' id='line_1_20' title="bbox 305 1569 2073 1635; baseline 0 -12"><span class='ocrx_word' id='word_1_170' title='bbox 305 1582 423 1625; x_wconf 89' lang='lat' dir='ltr'>dicta</span> <span class='ocrx_word' id='word_1_171' title='bbox 450 1586 616 1625; x_wconf 89' lang='lat' dir='ltr'>statuta</span> <span class='ocrx_word' id='word_1_172' title='bbox 646 1582 742 1624; x_wconf 84' lang='lat' dir='ltr'>sive</span> <span class='ocrx_word' id='word_1_173' title='bbox 772 1582 1121 1624; x_wconf 79' lang='lat' dir='ltr'>constitutiones</span> <span class='ocrx_word' id='word_1_174' title='bbox 1151 1581 1375 1624; x_wconf 89' lang='lat' dir='ltr'>dictarum</span> <span class='ocrx_word' id='word_1_175' title='bbox 1403 1569 1709 1624; x_wconf 73' lang='lat' dir='ltr'>eeclesiarum</span> <span class='ocrx_word' id='word_1_176' title='bbox 1738 1582 1803 1625; x_wconf 90' lang='lat' dir='ltr'>sic</span> <span class='ocrx_word' id='word_1_177' title='bbox 1831 1585 1878 1624; x_wconf 90' lang='lat' dir='ltr'>et</span> <span class='ocrx_word' id='word_1_178' title='bbox 1903 1581 2073 1635; x_wconf 79' lang='lat' dir='ltr'>taliter,</span> 
     </span>
     <span class='ocr_line' id='line_1_21' title="bbox 305 1652 2073 1706; baseline 0.001 -11"><span class='ocrx_word' id='word_1_179' title='bbox 305 1654 425 1706; x_wconf 88' lang='lat' dir='ltr'>quod</span> <span class='ocrx_word' id='word_1_180' title='bbox 464 1653 521 1695; x_wconf 93' lang='lat' dir='ltr'>de</span> <span class='ocrx_word' id='word_1_181' title='bbox 557 1657 711 1695; x_wconf 88' lang='lat' dir='ltr'>cetero</span> <span class='ocrx_word' id='word_1_182' title='bbox 745 1653 1010 1696; x_wconf 92' lang='lat' dir='ltr'>huiusmodi</span> <span class='ocrx_word' id='word_1_183' title='bbox 1048 1654 1169 1696; x_wconf 91' lang='lat' dir='ltr'>mala</span> <span class='ocrx_word' id='word_1_184' title='bbox 1206 1666 1300 1695; x_wconf 90' lang='lat' dir='ltr'>non</span> <span class='ocrx_word' id='word_1_185' title='bbox 1336 1652 1678 1695; x_wconf 79' lang='lat' dir='ltr'>committantur</span> <span class='ocrx_word' id='word_1_186' title='bbox 1713 1653 1788 1695; x_wconf 91' lang='lat' dir='ltr'>vel</span> <span class='ocrx_word' id='word_1_187' title='bbox 1823 1652 1885 1695; x_wconf 83' lang='lat' dir='ltr'>=ad</span> <span class='ocrx_word' id='word_1_188' title='bbox 1921 1652 2073 1696; x_wconf 84' lang='lat' dir='ltr'>minu-s</span> 
     </span>
     <span class='ocr_line' id='line_1_22' title="bbox 305 1723 2072 1777; baseline 0.001 -13"><span class='ocrx_word' id='word_1_189' title='bbox 305 1724 426 1776; x_wconf 87' lang='lat' dir='ltr'>quod</span> <span class='ocrx_word' id='word_1_190' title='bbox 460 1724 723 1766; x_wconf 87' lang='lat' dir='ltr'>huiusmodi</span> <span class='ocrx_word' id='word_1_191' title='bbox 757 1724 983 1776; x_wconf 84' lang='lat' dir='ltr'>pecunias</span> <span class='ocrx_word' id='word_1_192' title='bbox 1016 1724 1265 1766; x_wconf 59' lang='lat' dir='ltr'>*moderare</span> <span class='ocrx_word' id='word_1_193' title='bbox 1302 1723 1363 1766; x_wconf 89' lang='lat' dir='ltr'>ita</span> <span class='ocrx_word' id='word_1_194' title='bbox 1399 1723 1522 1776; x_wconf 93' lang='lat' dir='ltr'>quod</span> <span class='ocrx_word' id='word_1_195' title='bbox 1558 1723 1750 1766; x_wconf 80' lang='lat' dir='ltr'>tolerari</span> <span class='ocrx_word' id='word_1_196' title='bbox 1784 1723 1979 1777; x_wconf 87' lang='lat' dir='ltr'>possint,</span> <span class='ocrx_word' id='word_1_197' title='bbox 2012 1735 2072 1766; x_wconf 88' lang='lat' dir='ltr'>ne</span> 
     </span>
     <span class='ocr_line' id='line_1_23' title="bbox 307 1793 2074 1848; baseline 0.001 -13"><span class='ocrx_word' id='word_1_198' title='bbox 307 1794 489 1836; x_wconf 66' lang='lat' dir='ltr'>divinus</span> <span class='ocrx_word' id='word_1_199' title='bbox 537 1795 685 1837; x_wconf 88' lang='lat' dir='ltr'>cultus</span> <span class='ocrx_word' id='word_1_200' title='bbox 728 1795 965 1837; x_wconf 53' lang='lat' dir='ltr'>‘minuatur</span> <span class='ocrx_word' id='word_1_201' title='bbox 1011 1798 1057 1837; x_wconf 92' lang='lat' dir='ltr'>et</span> <span class='ocrx_word' id='word_1_202' title='bbox 1102 1794 1319 1848; x_wconf 83' lang='lat' dir='ltr'>personis</span> <span class='ocrx_word' id='word_1_203' title='bbox 1366 1793 1663 1837; x_wconf 79' lang='lat' dir='ltr'>beneficiatis</span> <span class='ocrx_word' id='word_1_204' title='bbox 1711 1793 1848 1838; x_wconf 80' lang='lat' dir='ltr'>detur</span> <span class='ocrx_word' id='word_1_205' title='bbox 1893 1794 2074 1837; x_wconf 87' lang='lat' dir='ltr'>occasio</span> 
     </span>
     <span class='ocr_line' id='line_1_24' title="bbox 306 1864 1010 1917; baseline 0.003 -12"><span class='ocrx_word' id='word_1_206' title='bbox 306 1864 501 1917; x_wconf 83' lang='lat' dir='ltr'>vagandi</span> <span class='ocrx_word' id='word_1_207' title='bbox 535 1866 608 1906; x_wconf 88' lang='lat' dir='ltr'>vel</span> <span class='ocrx_word' id='word_1_208' title='bbox 641 1866 761 1907; x_wconf 91' lang='lat' dir='ltr'>male</span> <span class='ocrx_word' id='word_1_209' title='bbox 794 1865 1010 1908; x_wconf 85' lang='lat' dir='ltr'>faciendi.</span> 
     </span>
    </p>
   </div>
   <div class='ocr_carea' id='block_1_3' title="bbox 1081 1961 1260 1963">
    <p class='ocr_par' dir='ltr' id='par_1_3' title="bbox 1081 1961 1260 1963">
     <span class='ocr_line' id='line_1_25' title="bbox 1081 1961 1260 1963; baseline 0 0"><span class='ocrx_word' id='word_1_210' title='bbox 1081 1961 1260 1963; x_wconf 95' lang='lat' dir='ltr'> </span> 
     </span>
    </p>
   </div>
   <div class='ocr_carea' id='block_1_4' title="bbox 830 2017 1539 2072">
    <p class='ocr_par' dir='ltr' id='par_1_4' title="bbox 830 2017 1539 2072">
     <span class='ocr_line' id='line_1_26' title="bbox 830 2017 1539 2072; baseline 0.004 -12"><span class='ocrx_word' id='word_1_211' title='bbox 830 2017 868 2061; x_wconf 81' lang='lat'>2.</span> <span class='ocrx_word' id='word_1_212' title='bbox 926 2018 995 2061; x_wconf 87' lang='lat' dir='ltr'>De</span> <span class='ocrx_word' id='word_1_213' title='bbox 1038 2018 1212 2071; x_wconf 88' lang='lat' dir='ltr'>iniquis</span> <span class='ocrx_word' id='word_1_214' title='bbox 1255 2018 1539 2072; x_wconf 51' lang='lat' dir='ltr'>statutisflr)</span> 
     </span>
    </p>
   </div>
   <div class='ocr_carea' id='block_1_5' title="bbox 306 2097 2072 2437">
    <p class='ocr_par' dir='ltr' id='par_1_5' title="bbox 306 2097 2072 2437">
     <span class='ocr_line' id='line_1_27' title="bbox 424 2097 2072 2154; baseline 0.001 -15"><span class='ocrx_word' id='word_1_215' title='bbox 424 2099 488 2140; x_wconf 87' lang='lat' dir='ltr'>De</span> <span class='ocrx_word' id='word_1_216' title='bbox 519 2099 740 2142; x_wconf 87' lang='lat' dir='ltr'>oneribus</span> <span class='ocrx_word' id='word_1_217' title='bbox 769 2112 851 2141; x_wconf 89' lang='lat' dir='ltr'>seu</span> <span class='ocrx_word' id='word_1_218' title='bbox 882 2100 1198 2143; x_wconf 87' lang='lat' dir='ltr'>solucionibus</span> <span class='ocrx_word' id='word_1_219' title='bbox 1227 2099 1546 2153; x_wconf 84' lang='lat' dir='ltr'>pecuniarum,</span> <span class='ocrx_word' id='word_1_220' title='bbox 1577 2113 1693 2154; x_wconf 90' lang='lat' dir='ltr'>quas</span> <span class='ocrx_word' id='word_1_221' title='bbox 1722 2100 1896 2142; x_wconf 90' lang='lat' dir='ltr'>habent</span> <span class='ocrx_word' id='word_1_222' title='bbox 1924 2097 2072 2142; x_wconf 83' lang='lat' dir='ltr'>subiri</span> 
     </span>
     <span class='ocr_line' id='line_1_28' title="bbox 307 2169 2072 2224; baseline 0.001 -14"><span class='ocrx_word' id='word_1_223' title='bbox 307 2170 367 2221; x_wconf 83' lang='lat' dir='ltr'>hi,</span> <span class='ocrx_word' id='word_1_224' title='bbox 410 2171 484 2222; x_wconf 87' lang='lat' dir='ltr'>qui</span> <span class='ocrx_word' id='word_1_225' title='bbox 530 2171 816 2223; x_wconf 87' lang='lat' dir='ltr'>recipiuntur</span> <span class='ocrx_word' id='word_1_226' title='bbox 859 2171 917 2213; x_wconf 92' lang='lat' dir='ltr'>ad</span> <span class='ocrx_word' id='word_1_227' title='bbox 960 2171 1278 2213; x_wconf 86' lang='lat' dir='ltr'>canonicatum</span> <span class='ocrx_word' id='word_1_228' title='bbox 1321 2171 1396 2212; x_wconf 88' lang='lat' dir='ltr'>vel</span> <span class='ocrx_word' id='word_1_229' title='bbox 1440 2171 1730 2224; x_wconf 87' lang='lat' dir='ltr'>prebendam</span> <span class='ocrx_word' id='word_1_230' title='bbox 1771 2171 1819 2212; x_wconf 93' lang='lat' dir='ltr'>in</span> <span class='ocrx_word' id='word_1_231' title='bbox 1861 2169 2072 2213; x_wconf 81' lang='lat' dir='ltr'>ecclesiis</span> 
     </span>
     <span class='ocr_line' id='line_1_29' title="bbox 306 2240 2072 2295; baseline 0.002 -15"><span class='ocrx_word' id='word_1_232' title='bbox 306 2240 649 2283; x_wconf 83' lang='lat' dir='ltr'>cathedralibus</span> <span class='ocrx_word' id='word_1_233' title='bbox 676 2242 748 2282; x_wconf 89' lang='lat' dir='ltr'>vel</span> <span class='ocrx_word' id='word_1_234' title='bbox 778 2241 882 2284; x_wconf 91' lang='lat' dir='ltr'>aliis</span> <span class='ocrx_word' id='word_1_235' title='bbox 906 2241 1166 2295; x_wconf 83' lang='lat' dir='ltr'>collegiatis</span> <span class='ocrx_word' id='word_1_236' title='bbox 1190 2245 1239 2284; x_wconf 61' lang='lat' dir='ltr'>&gt;et</span> <span class='ocrx_word' id='word_1_237' title='bbox 1262 2241 1532 2295; x_wconf 75' lang='lat' dir='ltr'>specialiter</span> <span class='ocrx_word' id='word_1_238' title='bbox 1556 2241 1615 2283; x_wconf 92' lang='lat' dir='ltr'>de</span> <span class='ocrx_word' id='word_1_239' title='bbox 1644 2241 1826 2285; x_wconf 87' lang='lat' dir='ltr'>statutis</span> <span class='ocrx_word' id='word_1_240' title='bbox 1851 2242 1926 2284; x_wconf 91' lang='lat' dir='ltr'>vel</span> <span class='ocrx_word' id='word_1_241' title='bbox 1953 2241 2072 2283; x_wconf 90' lang='lat' dir='ltr'>iura-</span> 
     </span>
     <span class='ocr_line' id='line_1_30' title="bbox 308 2310 2071 2366; baseline 0.002 -15"><span class='ocrx_word' id='word_1_242' title='bbox 308 2310 484 2362; x_wconf 84' lang='lat' dir='ltr'>mentis,</span> <span class='ocrx_word' id='word_1_243' title='bbox 514 2315 705 2363; x_wconf 84' lang='lat' dir='ltr'>propter</span> <span class='ocrx_word' id='word_1_244' title='bbox 735 2325 823 2364; x_wconf 91' lang='lat' dir='ltr'>que</span> <span class='ocrx_word' id='word_1_245' title='bbox 855 2312 1112 2365; x_wconf 85' lang='lat' dir='ltr'>recipiendi</span> <span class='ocrx_word' id='word_1_246' title='bbox 1139 2315 1265 2355; x_wconf 89' lang='lat' dir='ltr'>stant</span> <span class='ocrx_word' id='word_1_247' title='bbox 1294 2325 1379 2366; x_wconf 92' lang='lat' dir='ltr'>per</span> <span class='ocrx_word' id='word_1_248' title='bbox 1410 2313 1579 2354; x_wconf 86' lang='lat' dir='ltr'>multos</span> <span class='ocrx_word' id='word_1_249' title='bbox 1610 2325 1772 2366; x_wconf 91' lang='lat' dir='ltr'>annos,</span> <span class='ocrx_word' id='word_1_250' title='bbox 1803 2312 1926 2366; x_wconf 93' lang='lat' dir='ltr'>quod</span> <span class='ocrx_word' id='word_1_251' title='bbox 1954 2311 2071 2354; x_wconf 89' lang='lat' dir='ltr'>nihil</span> 
     </span>
     <span class='ocr_line' id='line_1_31' title="bbox 306 2380 2010 2437; baseline 0.003 -17"><span class='ocrx_word' id='word_1_252' title='bbox 306 2380 565 2433; x_wconf 86' lang='lat' dir='ltr'>percipiunt</span> <span class='ocrx_word' id='word_1_253' title='bbox 594 2385 639 2424; x_wconf 90' lang='lat' dir='ltr'>et</span> <span class='ocrx_word' id='word_1_254' title='bbox 668 2383 723 2424; x_wconf 92' lang='lat' dir='ltr'>de</span> <span class='ocrx_word' id='word_1_255' title='bbox 754 2383 907 2425; x_wconf 89' lang='lat' dir='ltr'>littera</span> <span class='ocrx_word' id='word_1_256' title='bbox 938 2382 1194 2436; x_wconf 87' lang='lat' dir='ltr'>,Vidimus‘.</span> <span class='ocrx_word' id='word_1_257' title='bbox 1237 2382 1516 2425; x_wconf 85' lang='lat' dir='ltr'>Conclusum</span> <span class='ocrx_word' id='word_1_258' title='bbox 1543 2385 1646 2425; x_wconf 90' lang='lat' dir='ltr'>erat</span> <span class='ocrx_word' id='word_1_259' title='bbox 1676 2416 1685 2425; x_wconf 91' lang='lat'><strong>.</strong></span> <span class='ocrx_word' id='word_1_260' title='bbox 1720 2416 1729 2425; x_wconf 90' lang='lat'><strong>.</strong></span> <span class='ocrx_word' id='word_1_261' title='bbox 1764 2416 1773 2425; x_wconf 91' lang='lat'>.</span> <span class='ocrx_word' id='word_1_262' title='bbox 1802 2380 2010 2437; x_wconf 57' lang='lat' dir='ltr'>pot-iouh)</span> 
     </span>
    </p>
   </div>
   <div class='ocr_carea' id='block_1_6' title="bbox 1017 2478 1290 2481">
    <p class='ocr_par' dir='ltr' id='par_1_6' title="bbox 1017 2478 1290 2481">
     <span class='ocr_line' id='line_1_32' title="bbox 1017 2478 1290 2481; baseline 0 0"><span class='ocrx_word' id='word_1_263' title='bbox 1017 2478 1290 2481; x_wconf 95' lang='lat' dir='ltr'> </span> 
     </span>
    </p>
   </div>
   <div class='ocr_carea' id='block_1_7' title="bbox 451 2535 1922 2590">
    <p class='ocr_par' dir='ltr' id='par_1_7' title="bbox 451 2535 1922 2590">
     <span class='ocr_line' id='line_1_33' title="bbox 451 2535 1922 2590; baseline 0.002 -14"><span class='ocrx_word' id='word_1_264' title='bbox 451 2535 489 2577; x_wconf 85' lang='lat'>3.</span> <span class='ocrx_word' id='word_1_265' title='bbox 539 2535 607 2577; x_wconf 87' lang='lat' dir='ltr'>De</span> <span class='ocrx_word' id='word_1_266' title='bbox 641 2535 813 2588; x_wconf 80' lang='lat' dir='ltr'>iniquis</span> <span class='ocrx_word' id='word_1_267' title='bbox 846 2537 1028 2579; x_wconf 79' lang='lat' dir='ltr'>statutis</span> <span class='ocrx_word' id='word_1_268' title='bbox 1061 2536 1364 2580; x_wconf 81' lang='lat' dir='ltr'>ecclesiarum</span> <span class='ocrx_word' id='word_1_269' title='bbox 1397 2538 1444 2579; x_wconf 87' lang='lat' dir='ltr'>et</span> <span class='ocrx_word' id='word_1_270' title='bbox 1476 2536 1922 2590; x_wconf 81' lang='lat' dir='ltr'>monasteriorum.²)</span> 
     </span>
    </p>
   </div>
   <div class='ocr_carea' id='block_1_8' title="bbox 307 2616 2070 2737">
    <p class='ocr_par' dir='ltr' id='par_1_8' title="bbox 307 2616 2070 2737">
     <span class='ocr_line' id='line_1_34' title="bbox 423 2616 2070 2672; baseline 0.001 -15"><span class='ocrx_word' id='word_1_271' title='bbox 423 2616 644 2667; x_wconf 85' lang='lat' dir='ltr'>Quoniam</span> <span class='ocrx_word' id='word_1_272' title='bbox 673 2619 897 2661; x_wconf 91' lang='lat' dir='ltr'>nonnulla</span> <span class='ocrx_word' id='word_1_273' title='bbox 923 2619 1226 2661; x_wconf 87' lang='lat' dir='ltr'>ecclesiarum</span> <span class='ocrx_word' id='word_1_274' title='bbox 1255 2622 1301 2661; x_wconf 90' lang='lat' dir='ltr'>et</span> <span class='ocrx_word' id='word_1_275' title='bbox 1326 2619 1716 2661; x_wconf 85' lang='lat' dir='ltr'>monasteriorum</span> <span class='ocrx_word' id='word_1_276' title='bbox 1744 2618 1946 2672; x_wconf 84' lang='lat' dir='ltr'>capitula</span> <span class='ocrx_word' id='word_1_277' title='bbox 1973 2650 1982 2659; x_wconf 93' lang='lat'><strong>.</strong></span> <span class='ocrx_word' id='word_1_278' title='bbox 2017 2650 2027 2658; x_wconf 90' lang='lat'><strong>.</strong></span> <span class='ocrx_word' id='word_1_279' title='bbox 2061 2649 2070 2658; x_wconf 90' lang='lat'><strong>.</strong></span> 
     </span>
     <span class='ocr_line' id='line_1_35' title="bbox 307 2686 556 2737; baseline 0.012 -12"><span class='ocrx_word' id='word_1_280' title='bbox 307 2686 556 2737; x_wconf 81' lang='lat' dir='ltr'>provideri.</span> 
     </span>
    </p>
   </div>
   <div class='ocr_carea' id='block_1_9' title="bbox 940 2771 1430 2842">
    <p class='ocr_par' dir='ltr' id='par_1_9' title="bbox 940 2771 1430 2842">
     <span class='ocr_line' id='line_1_36' title="bbox 940 2771 1430 2795; baseline 0.002 -1"><span class='ocrx_word' id='word_1_281' title='bbox 940 2771 961 2794; x_wconf 75' lang='lat' dir='ltr'>&gt;k</span> <span class='ocrx_word' id='word_1_282' title='bbox 1409 2772 1430 2795; x_wconf 76' lang='lat'><strong>*</strong></span> 
     </span>
     <span class='ocr_line' id='line_1_37' title="bbox 1176 2818 1198 2842; baseline 0 0"><span class='ocrx_word' id='word_1_283' title='bbox 1176 2818 1198 2842; x_wconf 74' lang='lat'>³1&lt;</span> 
     </span>
    </p>
   </div>
   <div class='ocr_carea' id='block_1_10' title="bbox 308 2916 2070 2999">
    <p class='ocr_par' dir='ltr' id='par_1_10' title="bbox 308 2916 2070 2999">
     <span class='ocr_line' id='line_1_38' title="bbox 414 2916 2070 2953; baseline 0.007 -12"><span class='ocrx_word' id='word_1_284' title='bbox 414 2916 443 2948; x_wconf 73' lang='lat' dir='ltr'>zi)</span> <span class='ocrx_word' id='word_1_285' title='bbox 474 2918 512 2941; x_wconf 68' lang='grc' dir='ltr'>Νη</span> <span class='ocrx_word' id='word_1_286' title='bbox 536 2920 565 2949; x_wconf 73' lang='lat'>(⁶,</span> <span class='ocrx_word' id='word_1_287' title='bbox 594 2919 636 2950; x_wconf 79' lang='lat' dir='ltr'>E;</span> <span class='ocrx_word' id='word_1_288' title='bbox 665 2920 700 2950; x_wconf 75' lang='lat' dir='ltr'>I),</span> <span class='ocrx_word' id='word_1_289' title='bbox 722 2920 741 2944; x_wconf 60' lang='lat' dir='ltr'><em>S</em></span> <span class='ocrx_word' id='word_1_290' title='bbox 772 2928 806 2945; x_wconf 73' lang='lat' dir='ltr'>so</span> <span class='ocrx_word' id='word_1_291' title='bbox 835 2928 886 2945; x_wconf 80' lang='lat' dir='ltr'>nm</span> <span class='ocrx_word' id='word_1_292' title='bbox 909 2921 1042 2953; x_wconf 43' lang='lat' dir='ltr'>Hand&amp;</span> <span class='ocrx_word' id='word_1_293' title='bbox 1076 2921 1120 2947; x_wconf 63' lang='lat' dir='ltr'>lle</span> <span class='ocrx_word' id='word_1_294' title='bbox 1140 2941 1146 2946; x_wconf 94' lang='lat'>.</span> <span class='ocrx_word' id='word_1_295' title='bbox 1170 2941 1176 2947; x_wconf 68' lang='grc'><strong>.</strong></span> <span class='ocrx_word' id='word_1_296' title='bbox 1197 2941 1202 2946; x_wconf 96' lang='grc'><em>.</em></span> <span class='ocrx_word' id='word_1_297' title='bbox 1226 2921 1389 2951; x_wconf 69' lang='lat' dir='ltr'>,Vidimus‘</span> <span class='ocrx_word' id='word_1_298' title='bbox 1417 2921 1467 2948; x_wconf 70' lang='lat' dir='ltr'>als</span> <span class='ocrx_word' id='word_1_299' title='bbox 1494 2921 1651 2949; x_wconf 67' lang='lat' dir='ltr'>Bubrica,</span> <span class='ocrx_word' id='word_1_300' title='bbox 1727 2921 1760 2951; x_wconf 76' lang='lat' dir='ltr'>b)</span> <span class='ocrx_word' id='word_1_301' title='bbox 1782 2921 1813 2953; x_wconf 75' lang='lat' dir='ltr'>C,</span> <span class='ocrx_word' id='word_1_302' title='bbox 1837 2921 1861 2946; x_wconf 76' lang='grc' dir='ltr'><em>Ε</em></span> <span class='ocrx_word' id='word_1_303' title='bbox 1881 2928 1934 2947; x_wconf 73' lang='lat' dir='ltr'>am</span> <span class='ocrx_word' id='word_1_304' title='bbox 1958 2920 2070 2947; x_wconf 63' lang='lat' dir='ltr'>Ran‘lss</span> 
     </span>
     <span class='ocr_line' id='line_1_39' title="bbox 308 2962 1241 2999; baseline 0.011 -14"><span class='ocrx_word' id='word_1_305' title='bbox 308 2962 350 2987; x_wconf 62' lang='lat'>1³0:</span> <span class='ocrx_word' id='word_1_306' title='bbox 373 2962 430 2987; x_wconf 67' lang='lat' dir='ltr'>linc</span> <span class='ocrx_word' id='word_1_307' title='bbox 452 2964 662 2990; x_wconf 60' lang='lat' dir='ltr'>conclusione</span> <span class='ocrx_word' id='word_1_308' title='bbox 685 2966 758 2992; x_wconf 70' lang='lat' dir='ltr'>vide</span> <span class='ocrx_word' id='word_1_309' title='bbox 780 2966 884 2999; x_wconf 73' lang='lat' dir='ltr'>prima</span> <span class='ocrx_word' id='word_1_310' title='bbox 905 2967 1069 2993; x_wconf 69' lang='lat' dir='ltr'>Octobris.</span> <span class='ocrx_word' id='word_1_311' title='bbox 1239 2963 1241 2966; x_wconf 44' lang='lat'><strong>⁴</strong></span> 
     </span>
    </p>
   </div>
   <div class='ocr_carea' id='block_1_11' title="bbox 423 3024 1129 3126">
    <p class='ocr_par' dir='ltr' id='par_1_11' title="bbox 423 3024 1129 3126">
     <span class='ocr_line' id='line_1_40' title="bbox 426 3024 1129 3068; baseline 0.011 -14"><span class='ocrx_word' id='word_1_312' title='bbox 426 3024 455 3063; x_wconf 79' lang='lat'>¹)</span> <span class='ocrx_word' id='word_1_313' title='bbox 484 3025 570 3059; x_wconf 53' lang='lat' dir='ltr'>(md.</span> <span class='ocrx_word' id='word_1_314' title='bbox 598 3026 635 3065; x_wconf 68' lang='lat'>(¹,</span> <span class='ocrx_word' id='word_1_315' title='bbox 663 3026 704 3066; x_wconf 88' lang='lat' dir='ltr'>I),</span> <span class='ocrx_word' id='word_1_316' title='bbox 732 3026 769 3066; x_wconf 80' lang='lat' dir='ltr'>E,</span> <span class='ocrx_word' id='word_1_317' title='bbox 797 3027 836 3068; x_wconf 65' lang='lat' dir='ltr'>S‚·</span> <span class='ocrx_word' id='word_1_318' title='bbox 862 3027 983 3061; x_wconf 81' lang='lat' dir='ltr'>Hardl</span> <span class='ocrx_word' id='word_1_319' title='bbox 1008 3027 1025 3060; x_wconf 95' lang='grc' dir='ltr'><em>Ι</em></span> <span class='ocrx_word' id='word_1_320' title='bbox 1052 3028 1129 3062; x_wconf 74' lang='grc'><em>629.</em></span> 
     </span>
     <span class='ocr_line' id='line_1_41' title="bbox 423 3083 1003 3126; baseline 0.014 -14"><span class='ocrx_word' id='word_1_321' title='bbox 423 3083 453 3122; x_wconf 78' lang='lat'>²)</span> <span class='ocrx_word' id='word_1_322' title='bbox 481 3083 570 3125; x_wconf 53' lang='lat' dir='ltr'>(vul⁸</span> <span class='ocrx_word' id='word_1_323' title='bbox 594 3083 639 3124; x_wconf 72' lang='grc' dir='ltr'>Ι),</span> <span class='ocrx_word' id='word_1_324' title='bbox 665 3083 704 3125; x_wconf 62' lang='grc' dir='ltr'>δ,-</span> <span class='ocrx_word' id='word_1_325' title='bbox 729 3084 848 3118; x_wconf 75' lang='lat' dir='ltr'>Hardt</span> <span class='ocrx_word' id='word_1_326' title='bbox 872 3085 901 3126; x_wconf 93' lang='grc' dir='ltr'>Ι,</span> <span class='ocrx_word' id='word_1_327' title='bbox 925 3085 1003 3120; x_wconf 80' lang='lat'><em>640.</em></span> 
     </span>
    </p>
   </div>
  </div>
 </body>
</html>
