2227 3434
528 183 566 220 13.
621 184 698 219 Der
737 183 837 219 liber
876 186 1068 228 gestorum
1109 182 1178 218 des
1219 181 1461 218 Cerretanus.
1794 182 1877 225 179

113 303 325 349 focillari.
372 303 571 345 Maiores
600 303 747 345 nostri
779 301 1166 343 existimaverunt
1195 301 1243 342 in
1274 312 1452 343 summo
1482 299 1764 353 imperatore
1794 299 1878 341 has

112 376 306 417 virtutes
334 375 490 416 inesse
520 376 754 425 oportere:
798 372 943 414 fidem
973 375 1109 425 atque
1138 370 1426 424 religionem.
1467 370 1614 411 Nichil
1643 372 1713 413 est
1741 369 1878 421 enim,

114 446 236 501 quod
275 444 450 487 lumine
493 444 690 486 clariore
733 442 1012 496 prefulgeat,
1054 454 1192 495 quam
1234 444 1359 484 recta
1399 440 1521 483 fides
1566 441 1613 483 in
1651 439 1877 494 principe.

113 516 260 559 Nichil
291 518 375 568 est,
409 514 531 569 quod
564 513 625 557 ita
657 516 861 567 nequeat
892 512 1074 556 occasui
1107 512 1350 555 subiacere
1385 524 1522 566 quam
1556 523 1666 553 vera
1699 509 1878 564 religio.

112 586 334 630 Existimo
368 585 590 638 deinceps
625 585 800 627 debere
835 584 1001 626 adesse
1037 583 1237 637 principi
1273 582 1511 625 scientiam
1548 582 1616 624 rei
1651 581 1879 633 militaris,

113 659 342 710 virtutem,
382 657 699 699 auctoritatem
741 658 786 698 et
826 655 1108 697 felicitatem.
1162 653 1348 697 Utinam
1389 652 1652 707 principum
1691 651 1879 695 fortium

113 732 249 782 atque
282 728 560 781 optimorum
593 726 770 780 copiam
804 729 977 768 tantam
1009 725 1306 777 haberemus,
1339 727 1387 767 ut
1419 724 1504 766 hec
1536 723 1671 767 nobis
1706 722 1880 765 delibe-

114 800 230 843 ratio
271 798 482 841 difficilis
526 801 664 850 esset,
706 809 954 850 quemnam
996 795 1286 850 potissimum
1328 794 1469 838 tantis
1509 794 1651 837 rebus
1693 793 1880 848 prefici-

113 870 282 912 endum
315 869 604 923 putaremus!
653 869 779 910 Nunc
814 880 940 919 vero,
976 879 1077 909 cum
1112 866 1170 909 sit
1204 879 1325 909 unus
1360 864 1682 920 Sigismundus
1719 865 1880 907 Roma-

113 953 276 983 norum
309 952 393 982 rex
426 951 612 993 semper
646 941 883 992 augustus,
917 939 994 992 qui
1028 950 1121 980 non
1155 936 1290 980 modo
1322 948 1484 979 eorum
1516 935 1768 989 hominum,
1801 935 1879 989 qui

113 1023 233 1054 nunc
253 1014 373 1063 sunt,
393 1010 588 1064 gloriam
611 1010 694 1053 sed
716 1010 1011 1063 antiquorum
1032 1009 1304 1051 memoriam
1325 1008 1494 1050 virtute
1517 1005 1768 1061 superavit,
1789 1018 1879 1059 que

114 1095 189 1125 res
213 1085 297 1135 est,
321 1094 410 1135 que
435 1082 706 1135 cuiusquam
732 1080 936 1124 animum
961 1080 1007 1122 in
1032 1080 1116 1122 hac
1140 1092 1280 1122 causa
1305 1078 1495 1121 dubium
1520 1077 1677 1120 facere
1700 1076 1876 1131 possit?

113 1153 223 1206 Quis
244 1153 370 1195 enim
392 1153 473 1195 illo
494 1151 687 1206 peritior
710 1152 756 1194 in
780 1164 830 1194 re
853 1150 1056 1204 militari,
1080 1151 1159 1204 qui
1182 1163 1207 1192 e
1231 1149 1340 1193 ludo
1364 1152 1500 1203 atque
1522 1149 1725 1203 pueritie
1748 1147 1880 1190 disci-

114 1223 240 1278 plina
278 1223 418 1266 bellis
459 1222 672 1266 maximis
713 1226 757 1264 et
797 1225 955 1264 contra
996 1221 1247 1264 acerrimos
1287 1221 1444 1264 hostes
1486 1233 1535 1263 se
1576 1218 1877 1262 exercitavit?

113 1294 242 1348 Quod
271 1294 472 1348 denique
502 1306 650 1348 genus
680 1293 794 1336 belli
825 1296 909 1346 est,
940 1293 987 1335 in
1017 1305 1108 1346 quo
1139 1292 1270 1334 illum
1299 1304 1392 1333 non
1423 1290 1631 1334 exercuit
1660 1289 1878 1333 fortuna?

114 1365 309 1409 Diversa
336 1377 512 1420 genera
539 1368 583 1407 et
610 1364 843 1407 bellorum
871 1367 916 1406 et
943 1363 1144 1406 hostium
1172 1375 1266 1405 non
1293 1362 1442 1405 solum
1471 1362 1529 1405 ab
1556 1373 1612 1404 eo
1638 1363 1769 1415 gesta
1796 1359 1879 1402 sed

114 1436 320 1480 confecta
351 1439 470 1479 sunt.
513 1436 649 1478 Nulla
679 1447 756 1478 res
786 1435 834 1477 in
864 1448 952 1478 usu
981 1435 1050 1476 rei
1082 1433 1298 1477 militaris
1327 1432 1478 1487 posita
1506 1435 1591 1486 est,
1623 1443 1713 1486 que
1742 1429 1880 1474 huius

115 1507 199 1550 viri
222 1506 437 1561 peritiam
461 1506 608 1560 possit
631 1505 862 1559 effugere.
899 1506 1025 1547 Nunc
1050 1517 1161 1548 vero
1186 1504 1344 1547 virtuti
1367 1504 1484 1557 eius,
1508 1515 1597 1557 que
1620 1504 1773 1557 potest
1795 1513 1880 1555 par

113 1578 258 1621 oratio
279 1577 510 1620 inveniri‘?
550 1577 884 1631 Imperatorem
906 1576 1038 1618 decet
1058 1588 1163 1618 esse
1187 1575 1471 1618 laboriosum
1494 1575 1541 1616 in
1559 1573 1773 1627 negotiis,
1789 1572 1880 1615 for-

114 1652 204 1691 tem
239 1649 287 1691 in
320 1648 557 1703 periculis,
593 1648 928 1690 industriosum
964 1650 1101 1700 atque
1137 1647 1340 1689 celerem
1376 1645 1423 1687 in
1458 1643 1768 1699 expediendis
1802 1655 1881 1685 ne-

113 1719 266 1773 gociis.
300 1720 398 1772 Que
421 1722 547 1762 tanta
571 1721 677 1762 sunt
702 1719 748 1760 in
771 1719 856 1761 hoc
879 1718 992 1771 viro,
1017 1719 1188 1772 quanta
1212 1718 1259 1759 in
1284 1715 1479 1769 reliquis
1504 1713 1878 1769 imperatoribuS,

112 1802 226 1843 quos
256 1790 456 1833 vidimus
489 1793 533 1832 et
565 1789 840 1842 audivimus,
872 1802 967 1831 non
999 1789 1202 1830 fuerunt.
1251 1787 1411 1830 Fidem
1442 1787 1544 1830 eius
1577 1787 1699 1828 inter
1732 1785 1880 1828 socios

116 1864 334 1914 quantum
359 1854 617 1904 existimari
641 1859 826 1915 putatis,
852 1872 989 1914 quam
1014 1859 1205 1902 barbari
1230 1857 1569 1901 sanctissimam
1593 1858 1774 1911 putant3
1800 1855 1882 1897 hu-

114 1931 308 1975 manitas
341 1933 443 1975 eius
476 1932 567 1974 iam
600 1934 726 1974 tanta
760 1934 843 1985 est,
880 1934 926 1973 ut
961 1930 1084 1972 dictu
1117 1929 1316 1972 difficile
1351 1931 1501 1983 putes,
1535 1931 1688 1970 utrum
1722 1927 1880 1969 hostes

114 2003 257 2056 magis
288 2002 503 2045 virtutem
535 2002 636 2045 eius
667 2005 928 2056 pugnantes
960 2001 1212 2054 timuerint,
1246 2012 1305 2043 an
1336 1997 1742 2042 mansuetudinem
1774 1997 1879 2038 victi

116 2071 377 2116 dilexerint.
423 2074 477 2116 Et
508 2072 756 2116 auctoritas
788 2073 835 2115 in
868 2072 1010 2115 rebus
1042 2070 1242 2125 publicis
1275 2068 1655 2114 administrandis
1688 2067 1880 2111 multum

117 2144 251 2198 valet,
288 2157 388 2188 cum
426 2145 625 2187 sciamus
662 2143 873 2186 homines
911 2144 957 2185 in
994 2143 1134 2186 tantis
1171 2142 1313 2184 rebus
1349 2144 1397 2184 ut
1433 2143 1510 2184 aut
1548 2142 1766 2191 metuant,
1804 2140 1880 2181 aut

117 2218 282 2268 ament,
317 2218 393 2258 aut
427 2215 624 2267 oderint,
659 2214 878 2268 opinione
914 2214 1040 2256 fame
1072 2226 1166 2256 non
1202 2213 1355 2254 minus
1391 2223 1528 2265 quam
1565 2210 1720 2264 aliqua
1757 2212 1880 2251 certa

117 2285 292 2328 ratione
311 2287 605 2330 commoveri.
643 2285 785 2328 Cuius
805 2297 975 2327 nomen
996 2284 1169 2326 clarius
1188 2283 1289 2336 fuit,
1310 2282 1440 2326 cuius
1460 2294 1537 2324 res
1558 2284 1687 2335 geste
1708 2280 1878 2334 pares‘?

116 2354 180 2397 De
208 2368 298 2409 quo
322 2356 509 2399 homine
537 2359 663 2399 tanta
689 2359 734 2398 et
761 2356 975 2409 preclara
1005 2354 1175 2397 iudicia
1202 2354 1323 2396 facta
1353 2355 1472 2406 sunt,
1501 2365 1601 2395 cum
1631 2351 1757 2394 illius
1785 2350 1877 2393 diei

118 2425 240 2469 fama
273 2427 422 2469 omnis
458 2426 586 2470 orbis
621 2439 727 2469 oras
762 2425 1037 2480 pervaserit,
1072 2437 1162 2479 qua
1197 2425 1270 2467 hic
1305 2423 1364 2467 ad
1399 2435 1638 2466 commune
1676 2422 1879 2465 omnium

114 2496 315 2549 gentium
350 2498 520 2540 bonum
556 2498 615 2540 ad
649 2497 938 2550 augustalem
974 2496 1244 2550 dignitatem
1279 2495 1456 2537 electus
1489 2494 1590 2536 est‘?
1639 2493 1707 2535 De
1740 2492 1878 2534 huius

116 2565 334 2611 felicitate
364 2568 448 2611 hac
478 2571 580 2611 utor
611 2567 928 2610 moderatione
960 2565 1163 2618 dicendi;
1196 2566 1350 2619 itaque
1381 2577 1474 2607 non
1505 2576 1605 2607 sum
1636 2573 1878 2606 enumera-

117 2638 259 2691 turus,
313 2641 509 2691 quantas
564 2639 643 2680 ille
699 2651 783 2680 rex
839 2638 961 2680 domi
1018 2636 1279 2689 milicieque
1336 2639 1600 2689 quantaque
1656 2633 1879 2675 felicitate

117 2707 324 2760 gesserit.
359 2709 453 2752 Hoc
475 2708 752 2752 brevissime
777 2709 940 2761 dicam,
963 2707 1197 2749 neminem
1220 2719 1423 2760 unquam
1446 2708 1537 2748 tam
1563 2703 1878 2758 impudentem

119 2776 277 2832 fuisse,
305 2781 382 2832 qui
413 2793 437 2822 a
470 2780 565 2822 Deo
594 2783 656 2822 tot
685 2783 731 2822 et
759 2782 910 2821 tantas
940 2791 1015 2821 res
1045 2778 1239 2820 auderet
1268 2781 1443 2830 optare,
1473 2779 1580 2829 quot
1609 2780 1653 2817 et
1682 2776 1878 2827 quantas

118 2846 222 2891 huic
245 2848 464 2893 maiestas
490 2850 648 2893 divina
673 2850 912 2893 concessit.
951 2850 1048 2901 Que
1077 2852 1125 2891 ut
1151 2848 1220 2890 illi
1247 2850 1474 2902 perpetue
1504 2846 1608 2899 sint,
1633 2857 1734 2887 cum
1762 2855 1879 2886 com-

120 2918 268 2962 munis
294 2920 472 2974 salutis,
499 2933 601 2963 cum
629 2921 778 2975 ipsius
805 2919 1006 2963 hominis
1034 2932 1173 2962 causa
1201 2930 1362 2962 omnes
1392 2920 1552 2971 optare
1581 2915 1806 2958 debemus
1835 2916 1878 2956 et

120 2986 395 3034 benedicere
425 2991 573 3034 Deum
605 2994 650 3034 et
679 2994 860 3045 patrem
890 2990 930 3035 d.
963 2990 1111 3033 Jhesu
1142 2989 1327 3041 Christi,
1359 2989 1538 3042 patrem
1572 2983 1878 3028 misericordi-

120 3069 249 3103 arum
267 3062 314 3104 et
333 3061 478 3105 tocius
500 3061 844 3115 consolationis,
867 3060 946 3115 qui
966 3059 1231 3104 consolatur
1252 3071 1338 3101 nos
1362 3059 1408 3100 in
1431 3058 1553 3100 omni
1577 3055 1876 3099 tribulatione

1591 3136 1666 3178 12*
