2227 3434
543 159 581 193 Β.
624 158 872 193 Avisamente
901 159 970 192 der
1001 159 1316 193 Reformatorien.
1727 159 1812 201 613

7 267 383 319 “statuimus
439 280 496 318 et
550 275 950 318 decernimus
1007 276 1313 318 efficacie
1370 277 1467 318 vel
1525 276 1812 317 momenti

4 357 155 389 v·nec
199 359 384 399 posse
430 359 539 399 per
585 349 953 398 sequentem
999 359 1370 389 consensum
1417 347 1609 388 eciam
1656 349 1813 388 metu

44 415 335 470 predicto
386 420 679 458 cessante
734 417 1063 459 'ratificari
1117 419 1213 459 vel
1269 416 1643 470 approbari;
1698 429 1813 458 non

44 489 246 529 tamen
303 487 498 530 liceat
553 485 999 529 cardinaLibus
1057 488 1126 529 ad
1184 488 1368 529 aliam
1424 487 1814 529 eleccionem

7 557 475 613 f-procederefl)
518 558 645 599 nisi
688 557 803 600 ille
847 557 934 599 sic
976 558 1223 600 electus
1267 558 1434 600 forte
1479 558 1815 599 renunciet

0 628 144 670 ‘vel
204 627 494 680 decedat,
555 627 750 670 donec
811 641 919 680 per
979 629 1283 681 generale
1345 628 1683 670 concilium
1746 627 1814 669 de

0 690 14 750 vJ
46 698 374 741 eleccione
419 698 535 741 illa
578 698 779 740 fuerit
824 699 1180 743 iudicatum.
1239 699 1304 758 Et
1349 700 1398 741 si
1442 697 1815 752 precedant,

0 765 223 811 inulla
273 768 355 811 sit
401 770 645 811 eleccio
695 769 831 821 ipso
881 769 1030 811 iure.
1093 769 1354 821 Sintque
1406 770 1491 811 sic
1542 769 1816 810 secundo

7 839 368 893 religentes
426 843 483 882 et
541 840 813 892 electus,
885 840 934 881 si
994 852 1056 881 se
1114 840 1374 892 papatui
1433 839 1814 892 ingesserit,

18 910 204 951 ,omni
257 909 598 963 dignitate,
650 910 884 952 honore
937 914 994 952 et
1047 912 1213 952 statu
1264 909 1709 953 cardinalatus
1759 913 1815 951 et

4 994 15 1002 ·
45 979 422 1033 pontificali
454 981 591 1033 ipso
618 981 755 1022 iure
787 980 1026 1034 privati
1057 984 1114 1023 et
1145 980 1472 1023 inhabiles
1503 981 1571 1022 de
1603 983 1816 1022 cetero

0 1048 4 1052 ’
46 1050 118 1093 ad
147 1050 399 1094 easdem
429 1055 488 1093 et
520 1052 713 1094 eciam
746 1051 816 1094 ad
847 1052 1148 1105 papalem.
1195 1051 1309 1093 Nec
1343 1051 1581 1104 aliquis
1616 1051 1815 1092 eidem

46 1121 324 1164 secundo
359 1121 567 1164 electo
603 1126 663 1164 ut
699 1134 857 1175 pape
895 1123 1006 1163 sub
1044 1134 1200 1174 pena
1239 1121 1521 1163 fautorie
1562 1121 1817 1163 scisma-

46 1191 126 1235 tis
174 1191 391 1234 obedit
438 1204 681 1246 quoque
729 1192 900 1235 modo
946 1196 1003 1234 et
1051 1205 1119 1235 eo
1167 1204 1312 1234 casu
1360 1192 1697 1234 concilium
1745 1191 1815 1232 de

7 1261 373 1305 *eleccione
432 1275 588 1316 pape
646 1263 984 1316 provideat
1039 1263 1156 1305 illa
1215 1264 1363 1306 vice.
1422 1263 1538 1305 Sed
1595 1263 1816 1314 liceat,

0 1345 173 1386 :ymo
246 1336 589 1376 teneantur
665 1334 987 1377 electores
1063 1335 1336 1387 omnes,¹³)
1416 1338 1517 1376 aut
1592 1334 1815 1375 saltem

3 1452 5 1454 ¹
46 1403 241 1446 maior
279 1416 425 1457 pars
467 1404 743 1458 eorum‚‘¹)
789 1417 960 1458 quam
1003 1404 1126 1447 cito
1168 1404 1303 1446 sine
1346 1404 1637 1457 periculo
1679 1416 1817 1457 per-

47 1486 336 1517 son-arum
404 1478 731 1528 poterunt,
800 1475 1057 1517 eciamsi
1128 1475 1481 1528 periculum
1553 1475 1816 1516 omnium

7 1544 343 1588 -bonorum
388 1545 707 1588 immineat
753 1559 813 1588 se
859 1546 1226 1588 transferre
1268 1546 1340 1588 rad
1384 1546 1579 1588 locum
1624 1548 1817 1587 tutum

47 1619 103 1658 et
177 1619 396 1658 metum
470 1616 824 1670 predictum
901 1618 1190 1670 allegare
1267 1629 1466 1659 coram
1541 1615 1817 1658 notariis

46 1686 328 1740 publicis
377 1691 435 1730 et
484 1688 888 1731 notabilibus
940 1687 1238 1740 personis
1291 1700 1353 1729 ac
1405 1686 1816 1729 multitudine

12 1757 264 1811 ‘po-puli
304 1757 364 1799 ¹in
408 1759 542 1800 loco
585 1758 875 1812 insigni0)
923 1756 1054 1813 itas)
1087 1763 1289 1800 tamen
1331 1758 1488 1811 quod
1531 1758 1817 1810 allegan-

45 1830 140 1872 tes
199 1831 417 1871 metum
478 1828 836 1871 huiusmodi
898 1829 1172 1871 habeant
1232 1829 1290 1870 in
1353 1829 1559 1882 ipsius
1620 1831 1816 1870 metus

47 1899 449 1952 allegacione
523 1900 886 1953 exprimere
962 1901 1235 1953 speciem
1308 1903 1366 1941 et
1440 1900 1815 1952 qualitatem

47 1969 199 2013 dicti
236 1973 433 2013 metus
466 1975 524 2014 et
556 1970 772 2012 iurare
808 1971 1211 2023 solemniter,
1245 1970 1405 2023 quod
1439 1973 1635 2012 metus
1670 1970 1817 2011 tali-

47 2042 142 2083 ter
196 2040 519 2095 allegatus
576 2045 671 2083 est
725 2053 912 2084 verus
968 2044 1026 2083 et
1081 2041 1239 2094 quod
1297 2040 1562 2082 credunt
1619 2041 1817 2094 ipsum

47 2123 232 2164 posse
277 2111 551 2164 probare
600 2115 657 2154 et
704 2113 861 2164 quod
907 2124 1017 2164 per
1065 2111 1376 2153 maliciam
1425 2113 1521 2153 vel
1569 2124 1678 2164 per
1723 2123 1817 2152 ca-

8 2180 339 2225 'lumniam
399 2182 757 2224 huiusmodi
819 2186 1035 2224 metum
1095 2195 1211 2224 non
1273 2185 1641 2234 proponant.
1703 2182 1817 2223 Nec

48 2252 216 2295 ultra
280 2253 627 2306 proximum
695 2253 971 2295 futurum
1040 2253 1378 2294 concilium
1447 2253 1579 2294 ullo
1646 2252 1816 2293 modo

48 2324 297 2376 possint
344 2323 613 2366 differri
662 2324 981 2377 allegacio
1029 2323 1182 2365 dicti
1234 2323 1484 2376 metusss)
1539 2323 1817 2364 Tenean-

48 2395 144 2436 tur
182 2393 472 2448 insuper,
513 2399 837 2447 postquam
881 2407 942 2437 se
983 2394 1464 2436 transtulerunt
1503 2397 1560 2436 et
1599 2396 1816 2435 metum

49 2464 683 2518 allegaverintmodo
710 2464 1403 2517 predicto‚provocare
1433 2463 1520 2507 sic
1550 2465 1816 2506 electum

49 2533 118 2576 ad
153 2534 503 2578 concilium.
539 2535 691 2586 Quod
727 2535 1091 2587 concilium,
1129 2535 1178 2576 si
1214 2535 1384 2577 ultra
1418 2547 1637 2576 annum
1671 2547 1817 2587 pen-

40 2603 190 2649 'deat
231 2618 256 2648 a
299 2606 398 2648 die
442 2606 930 2659 provocacionis
973 2605 1358 2657 huiusmodi,
1400 2605 1816 2657 intelligatur

49 2675 119 2718 ad
161 2687 378 2718 annum
423 2680 482 2718 ut
525 2689 714 2729 supra
758 2676 894 2729 ipso
940 2677 1074 2717 iure
1118 2676 1426 2717 terminus
1470 2675 1814 2717 breviatus

49 2744 115 2788 Et
158 2746 958 2789 nichilominusteneatur
1005 2747 1250 2788 electus
1297 2746 1432 2798 ipse
1479 2746 1588 2787 sub
1634 2745 1815 2798 penis

153 2839 184 2870 a)
204 2838 226 2864 S
243 2837 325 2871 ΓοΙῃΙ
347 2840 648 2871 quantumcumque
670 2838 845 2872 impressio
868 2838 997 2865 notoria
1018 2838 1148 2864 existat.
1225 2838 1255 2866 l»,
1276 2838 1297 2863 S
1315 2837 1397 2871 s'nlyr
1419 2844 1483 2870 (μω
1505 2844 1616 2862 onnws
1632 2835 1817 2862 cardinales

49 2883 96 2911 sic
115 2884 285 2918 clegerint.
341 2886 369 2917 c)
395 2882 489 2912 Κίων,
511 2892 572 2912 aas
593 2887 697 2912 totum
719 2885 912 2916 colles-rium:
935 2895 970 2911 δυ
992 2886 1069 2911 noch
1097 2886 1133 2917 lt,
1158 2886 1184 2910 N.
1242 2884 1274 2916 11)
1302 2884 1337 2910 W
1355 2884 1510 2918 ipsorum.
1567 2884 1595 2915 e)
1618 2884 1639 2909 S
1659 2884 1743 2909 dnm
1764 2891 1814 2908 am

49 2930 162 2958 Raude
180 2931 313 2958 attende
334 2931 396 2964 hie,
418 2931 445 2958 si
467 2931 706 2958 avisamentuni
731 2931 877 2958 nar-ionis
899 2932 1090 2958 (Germanice
1116 2931 1233 2957 melius
1254 2933 1285 2957 ct
1306 2930 1332 2957 si
1357 2930 1508 2956 omnibus
1530 2929 1723 2956 nacionibus
1749 2928 1815 2962 pla-

49 2976 138 3005 cubit
157 2978 279 3007 textus,
302 2978 395 3005 naci«)
417 2979 608 3005 Germanica
636 2979 815 3005 consentit:
847 2978 892 3005 ita
916 2980 1022 3005 tanwn
1043 2998 1049 3003 .
1074 3001 1078 3005 .
1101 2999 1105 3003 .
1127 2977 1311 3011 exprimere
1339 2978 1370 3003 vt
1392 2984 1580 3010 expone-rc.
1605 2998 1609 3002 .
1632 2998 1636 3002 .
1659 2982 1720 3001 non
1742 2982 1815 3009 pro-

48 3026 173 3058 ponant
186 3027 286 3053 laona!
301 3026 356 3051 wie
373 3025 449 3052 oben
471 3026 510 3052 im
532 3026 629 3058 Tan).
646 3025 714 3052 Hoc
730 3026 832 3052 eciam
848 3025 956 3059 placet
968 3025 1113 3057 Anglicis
1131 3027 1160 3051 et
1181 3023 1384 3058 llyspanivis.
1430 3024 1452 3055 t)
1468 3023 1567 3049 ita...
1583 3024 1770 3056 proponant
1785 3022 1814 3047 in

55 3070 152 3098 Wam
170 3072 291 3099 Raude.
328 3075 358 3106 g)
374 3071 509 3099 differri.
524 3091 530 3097 .
542 3093 549 3098 .
563 3074 670 3099 metus
690 3073 724 3098 W
741 3081 792 3098 ram
811 3073 942 3103 nunde,-
962 3073 1002 3097 im
1026 3073 1096 3098 Text
1112 3070 1285 3098 transferri
1301 3069 1598 3101 rturcltslriae.·lze11;s'
1610 3077 1672 3095 nur
1684 3068 1816 3095 (Inferri.
