2227 3434
790 191 891 233 1414,
919 191 1005 226 Dez.
1033 190 1129 225 nach
1155 191 1210 226 25.
1797 191 1879 234 391

122 309 228 352 Dez.
255 309 380 356 ‚nach
413 308 520 362 25.¹)
561 336 607 340 —-
646 310 965 351 Johannes
1023 309 1090 350 cle
1155 309 1554 351 Wallenrocle
1599 308 1733 361 (ΕΝ)

121 390 153 432 Ι.
193 391 275 433 An
316 390 429 433 den
467 391 666 445 Papst.

239 461 363 494 Text
383 470 394 495 :
435 460 498 495 ste
523 461 568 496 33
582 460 606 504 f.
637 462 712 495 175.

237 519 566 572 Accelera,
617 523 675 562 ut
724 531 910 561 eruas
962 532 1059 562 me.
1112 520 1386 562 Beatissime
1425 523 1558 573 pater
1596 533 1647 562 ac
1686 520 1885 562 clemen-

118 589 296 633 tissime
331 590 532 643 domine,
565 591 848 634 universalis
881 591 1080 632 ecclesie
1115 590 1387 644 dignissime
1423 591 1601 644 presul!
1654 590 1785 633 Plato
1820 590 1886 632 di-

118 660 267 714 vinus,
297 665 345 703 ut
372 661 514 714 aiunt,
542 661 863 715 philosophus,
893 661 1000 703 dum
1029 661 1150 703 circa
1176 661 1364 714 politica
1393 661 1619 714 regimina
1646 661 1767 703 bene
1797 660 1887 703 dis-

118 731 315 784 positam
363 731 710 774 ordinacionem
760 731 1070 774 describendo
1117 731 1362 784 componit,
1410 735 1553 774 totum
1601 744 1770 785 corpus
1816 732 1885 773 rei

118 801 304 854 publice
341 802 686 856 reintegraliter
722 803 1065 856 procurandum
1101 802 1234 844 docet
1269 806 1327 855 et,
1363 815 1421 844 ne
1458 802 1618 845 forsan
1654 801 1886 856 aliquibus

118 873 329 925 partibus
354 874 478 916 laute
506 886 557 916 ac
582 886 809 927 prospere
835 887 886 915 se
910 873 1194 916 habentibus
1218 873 1338 915 circa
1363 877 1546 926 tempus
1570 873 1886 926 periculorum

120 944 206 986 sub
249 944 441 987 canibus
484 944 778 998 negligantur
821 944 1004 997 singula
1048 943 1256 986 membra
1300 943 1511 985 eiusdem
1555 943 1887 995 universitatis,

121 1015 418 1068 undiquaque
458 1015 722 1068 gubernare
767 1016 961 1057 inseruit
1002 1015 1222 1068 providos
1266 1027 1513 1068 regnorum
1555 1015 1886 1068 principantes.

124 1085 417 1140 Magnificum
438 1086 567 1129 utilis
588 1086 796 1128 doctrine
816 1089 1089 1140 preceptum
1109 1086 1362 1139 plurimum
1383 1086 1508 1128 enim
1532 1089 1779 1139 augmento
1800 1086 1888 1127 rei-

120 1157 305 1210 publice
331 1156 527 1210 confert,
553 1157 731 1199 nullam
757 1160 952 1210 partem,
978 1158 1126 1199 eciam
1153 1169 1243 1210 que
1272 1156 1461 1199 minima
1487 1156 1684 1210 videtur,
1712 1169 1797 1209 per
1824 1156 1889 1197 in-

120 1227 285 1271 iuriam
316 1228 521 1281 prodere
556 1241 641 1270 nec
676 1229 885 1281 aliquam,
914 1228 1257 1281 portiunculam
1293 1227 1557 1270 deserendo
1591 1227 1767 1270 habere
1803 1240 1889 1280 pro

120 1298 298 1341 abiecta
327 1333 335 1341 .
371 1333 379 1340 .
415 1334 423 1341 .
466 1298 580 1341 Cum
607 1299 759 1353 igitur,
788 1299 1055 1342 beatissime
1083 1301 1230 1352 pater,
1259 1298 1373 1340 ordo
1400 1298 1535 1340 beate
1569 1298 1711 1340 Marie
1741 1297 1890 1339 Theu-

121 1370 378 1417 tonicorum
422 1370 480 1412 de
525 1370 715 1413 Pruszia
762 1370 1000 1412 immensis
1046 1370 1285 1412 doloribus
1329 1368 1661 1411 miserabiliter
1707 1369 1888 1411 attritus

119 1441 362 1484 hodiernis
383 1440 549 1483 diebus
572 1441 766 1494 flagella
788 1441 1093 1484 infestissime
1114 1440 1461 1494 persecucionis
1482 1440 1724 1492 sustineat,
1747 1440 1890 1481 multa

120 1524 207 1565 ope
237 1512 453 1565 indigens
483 1512 626 1554 celeri
657 1512 843 1565 quidem
875 1525 924 1554 ac
957 1515 1182 1554 maturata
1212 1511 1343 1564 adeo,
1374 1511 1498 1564 quod
1524 1511 1614 1553 nisi
1647 1510 1891 1553 subvenia-

120 1586 195 1625 tur
221 1582 374 1625 eidem
405 1584 452 1625 in
481 1587 705 1637 tempore,
733 1584 969 1636 collapsus
999 1583 1057 1625 ad
1085 1583 1308 1624 nichilum
1337 1581 1606 1634 deducetur,
1637 1581 1890 1641 sanctitatis

121 1657 290 1708 vestre,
333 1654 411 1708 qui
452 1654 702 1697 cuiuslibet
742 1654 915 1708 gradus
958 1654 1209 1696 christiane
1252 1652 1485 1695 civilitatis
1527 1653 1640 1695 estis
1685 1664 1890 1695 summus

120 1724 338 1779 princeps
364 1729 411 1767 et
437 1726 515 1778 qui
541 1728 686 1768 totum
712 1738 880 1778 corpus
908 1725 1104 1767 ecclesie
1134 1724 1345 1777 dirigitis,
1372 1727 1606 1777 tamquam
1630 1735 1744 1776 pars
1770 1723 1892 1764 eius-

120 1796 224 1839 dem
256 1796 454 1838 ecclesie
487 1808 580 1838 non
613 1796 720 1839 Vilis
754 1830 761 1838 .
798 1830 805 1837 .
842 1831 849 1838 .
885 1795 1219 1838 beatitudinem
1252 1797 1454 1837 vestram
1487 1807 1572 1848 pro
1604 1794 1890 1836 liberacione

121 1880 204 1910 sua
230 1866 403 1910 festina
430 1867 610 1909 invocat
635 1870 680 1909 et
707 1867 985 1920 deprecatur
1013 1865 1189 1908 dicens:
1233 1866 1469 1918 Accelera,
1496 1868 1546 1907 ut
1570 1877 1710 1907 eruas
1738 1877 1823 1908 me.

241 1938 576 1981 Nichilom‘inus
617 1941 773 1980 tamen
817 1941 916 1980 etas
961 1937 1193 1979 recentior
1235 1938 1356 1979 ultra
1399 1936 1661 1978 naturalem
1705 1935 1889 1978 modum

120 2009 395 2051 crudelitate
429 2009 611 2062 repleta
643 2008 732 2051 hiis
765 2021 858 2050 non
892 2011 1120 2061 contenta,
1153 2008 1260 2060 heu,
1293 2008 1436 2061 proch
1471 2007 1617 2059 dolor,
1650 2019 1798 2060 usque
1833 2005 1891 2048 ad

122 2083 461 2123 monstruosam
493 2093 544 2122 ac
574 2080 856 2122 infernalem
890 2079 1108 2122 seviciam
1140 2082 1185 2120 et
1215 2079 1488 2132 sacrilegam
1520 2077 1816 2131 tyrannidem
1845 2079 1892 2117 et

121 2151 514 2194 abhominabilem
543 2151 884 2204 blasphemiam
913 2150 1171 2204 procedere
1199 2162 1292 2191 non
1321 2152 1523 2191 veretur.
1565 2148 1893 2191 Obmutesoant

123 2222 373 2276 scriptores
396 2225 594 2275 veteres,
617 2223 694 2275 qui
720 2222 908 2274 antiqua
929 2224 1141 2274 tempora
1165 2221 1262 2263 suis
1280 2220 1503 2274 *insignita
1525 2219 1738 2262 cladibus
1759 2218 1891 2261 libris

122 2306 174 2335 ac
196 2293 292 2336 stili
319 2296 499 2347 compta
526 2293 724 2335 solercia
746 2293 807 2335 *ad
834 2292 1049 2334 noticiam
1076 2291 1405 2333 modernorum
1433 2289 1746 2332 deduxerunt!
1789 2289 1893 2331 Plu-

123 2365 288 2406 rimum
314 2363 667 2407 detestabiliora
693 2363 839 2407 oculis
863 2363 1035 2405 nostris
1063 2363 1392 2416 conspeximus
1418 2361 1508 2404 hiis
1535 2360 1715 2414 diebus,
1740 2363 1891 2415 prout,

123 2436 158 2477 si
195 2435 322 2478 locus
355 2434 554 2488 dabitur,
587 2434 767 2477 dicetur
799 2434 846 2476 in
879 2436 1054 2487 aperto.
1101 2434 1172 2475 Ab
1203 2433 1295 2476 hiis
1327 2432 1466 2486 igitur
1499 2431 1667 2473 redimi
1697 2431 1891 2485 cupiens

122 2506 268 2549 dictus
297 2506 413 2549 ordo
442 2506 609 2548 merito
637 2505 697 2549 ad
726 2505 1014 2547 sanctitatem
1044 2507 1246 2546 vestram
1279 2502 1671 2557 supplicacionem
1702 2513 1891 2544 conver-

121 2580 224 2621 tens
249 2577 375 2619 dicit:
419 2576 568 2620 Eruas
594 2577 728 2630 me!³)
761 2610 768 2617 .
805 2610 812 2617 .
849 2610 856 2618 .
886 2575 1157 2628 Prohibere,
1183 2587 1243 2617 ne
1271 2573 1490 2616 fortilicia
1517 2586 1568 2616 ac
1596 2585 1763 2626 magna
1786 2584 1891 2626 pro-

120 2648 395 2701 pugnacula,
423 2660 512 2701 que
540 2660 627 2701 pro
653 2647 901 2689 securitate
929 2659 1013 2689 sua
1040 2645 1241 2699 populus
1267 2644 1528 2687 katholicus
1556 2645 1693 2697 longo
1717 2646 1765 2685 et
1789 2642 1891 2684 fati-

177 2720 182 2722 *
240 2720 270 2783 ¹-)
312 2741 450 2784 Weyen
484 2741 553 2775 cler
587 2740 761 2783 Ankunfl
798 2739 1048 2783 ›5i9ismctrzds.
1098 2739 1169 2773 Die
1204 2737 1730 2781 Deutschordensqesandten
1765 2736 1888 2779 {roten

124 2799 231 2834 Mitte
257 2799 471 2834 Dezember
498 2800 570 2833 ein.
611 2799 728 2833 Beide
753 2798 884 2833 Reden
910 2799 1069 2832 <ze-arden
1097 2797 1198 2832 wohl
1225 2807 1285 2831 [tm
1312 2797 1445 2831 selben
1476 2795 1573 2838 Tagyc
1599 2794 1789 2838 ρεΙιαΙίενι,
1815 2791 1889 2826 wie

121 2867 190 2891 (1113
222 2857 326 2891 ihrer
356 2857 543 2892 leilu·eise
573 2866 749 2899 yenauen
782 2856 1185 2898 Ueberee’nscimmuny
1215 2855 1457 2898 qesclelossen
1492 2854 1645 2888 werden
1677 2852 1777 2896 muli.

239 2915 271 2957 ²)
302 2915 375 2949 Die
404 2915 763 2958 Ordensqesandten
791 2924 921 2949 waren
951 2915 1020 2948 der
1049 2912 1270 2956 Erzbisclzof
1298 2923 1370 2947 von
1400 2911 1492 2955 Riqct
1525 2911 1599 2945 und
1629 2910 1698 2945 der
1726 2907 1888 2941 Komtur

126 2982 196 3007 ron
220 2972 454 3016 Chrislbztrss.
493 2972 572 3007 Der
595 2974 740 3007 erstere
765 2973 861 3007 'zcird
887 2972 988 3006 wohl
1013 2972 1076 3006 die
1100 2971 1232 3006 Reden
1257 2970 1436 3013 yelzalten
1463 2969 1598 3003 haben.

241 3030 272 3072 ³)
299 3029 474 3065 Schnelle
496 3029 602 3073 Hilfe
624 3031 678 3064 lut
703 3031 775 3064 not.
813 3029 953 3072 Sayunt
977 3029 1113 3063 sliz'nde
1135 3027 1329 3063 vielleicht
1356 3026 1459 3067 noch,
1484 3035 1595 3060 νιὲεηη
1619 3026 1687 3061 das
1713 3023 1889 3068 befreun-

124 3088 210 3122 dele
239 3087 329 3122 Rom
358 3087 434 3123 siclo
468 3087 582 3123 beeilt
611 3087 724 3122 mitte.
