2227 3434
549 179 592 214 A.
632 178 831 214 Fillastres
861 179 976 214 Gesta
1003 180 1153 214 concilii
1180 179 1494 215 Constantiensis.
1851 183 1905 225 73

140 310 350 351 numero,
374 301 420 340 et
443 297 563 340 forte
588 298 777 340 venient
801 311 885 340 sex
909 300 983 340 vel
1009 302 1108 341 octo
1133 299 1189 340 de
1217 299 1420 341 Castella
1445 303 1489 341 et
1512 303 1607 341 tres
1633 301 1706 342 vel
1733 300 1822 342 duo
1847 300 1904 342 de

138 369 344 412 Navarra
372 372 417 411 et
444 371 640 422 quatuor
668 369 724 410 de
755 369 1034 422 Portugalia,
1062 383 1147 423 pro
1175 370 1339 412 maiori
1366 374 1497 423 parte
1527 371 1645 413 laici.
1690 371 1802 412 Item
1831 372 1905 413 Hi-

140 439 302 492 spanie
334 452 427 481 non
458 442 564 481 sunt
596 440 793 496 septima
825 453 934 493 pars
966 440 1163 482 ecclesie
1194 453 1280 482 nec
1311 444 1469 483 octava
1500 445 1546 483 et
1576 441 1786 483 facerent
1816 445 1905 483 ter-

139 510 268 552 ciam.
312 510 532 552 Preterea
564 510 622 552 ad
651 511 736 552 hoc
767 511 1024 552 tollendum
1055 524 1192 564 reges
1223 511 1301 553 alii
1332 512 1507 553 vellent
1537 513 1699 565 plures
1729 513 1904 554 habere

139 582 359 624 naciones
383 585 540 635 utpote
563 581 694 624 nacio
719 581 984 634 Germanic,
1008 582 1054 623 in
1078 595 1168 634 qua
1191 586 1296 624 sunt
1321 595 1463 636 regna
1490 583 1672 636 imperii
1697 583 1905 636 Romani,

139 652 390 705 Hungarie‚
418 652 655 694 Dalmacie
682 656 726 694 et
754 652 960 705 Croacie,
988 653 1143 705 Dacie,
1171 654 1412 707 Norvegie,
1440 653 1643 707 Suessie,
1671 654 1905 705 Bohemie,

139 723 345 765 Polonie.
395 724 506 765 Item
537 723 718 776 Anglici
750 736 836 776 pro
869 717 1095 766 Yberniass
1138 724 1250 766 Item
1285 724 1526 766 Gallicana
1558 726 1705 778 nacio,
1737 725 1784 767 in
1816 738 1906 778 qua

140 797 246 837 sunt
288 807 483 848 regnum
528 795 736 847 Francie,
781 793 1028 848 Sabaudia,
1074 795 1330 847 Provincia,
1374 795 1697 848 Dalphinatus,
1743 796 1905 838 Lotha-

138 866 312 919 rengia.
357 865 469 908 Item
496 865 662 918 Ytalia,
688 866 736 907 in
761 879 851 919 qua
877 869 947 908 est
974 878 1168 919 regnum
1194 866 1350 909 Sicilie
1378 870 1423 908 et
1448 867 1591 909 multa
1617 867 1834 919 dominia,
1861 871 1905 909 et

138 937 315 979 vellent
337 937 483 980 eciam
507 936 670 990 plures
693 937 915 979 naciones
939 937 1130 979 habere.

255 1008 324 1050 Ex
357 1008 449 1050 alia
480 1020 592 1050 vero
624 1011 771 1061 parte,
805 1008 1021 1050 videlicet
1053 1009 1176 1061 quod
1209 1009 1315 1050 dicti
1350 1009 1502 1062 legati,
1536 1009 1613 1062 qui
1646 1013 1752 1051 sunt
1784 1022 1905 1063 pene

139 1079 242 1123 laici
269 1083 313 1121 et
338 1092 424 1133 pro
449 1092 560 1133 rege
588 1079 704 1121 laico
729 1079 1060 1132 interveniunt,
1087 1080 1290 1122 habeant
1315 1083 1488 1122 tantam
1516 1080 1833 1123 auctoritatem
1859 1081 1905 1122 in

138 1151 332 1192 concilio
362 1150 588 1204 generali,
620 1153 839 1203 quantam
871 1150 1102 1193 haberent
1131 1163 1293 1193 omnes
1325 1152 1493 1204 prelati
1526 1154 1570 1193 et
1602 1164 1803 1204 persone
1837 1164 1907 1193 ec-

137 1222 395 1264 clesiastice
425 1234 675 1275 regnorum
704 1225 749 1263 et
779 1222 1087 1264 dominiorum
1119 1222 1225 1264 dicti
1257 1222 1394 1275 regis,
1425 1222 1547 1275 quod
1578 1222 1831 1264 absurdum
1862 1225 1906 1264 et

137 1293 257 1334 male
287 1305 456 1334 sonare
484 1292 667 1334 videtur
696 1296 742 1334 et
771 1296 928 1335 contra
957 1296 1184 1335 naturam.
1230 1293 1343 1334 Item
1373 1293 1538 1335 eodem
1566 1293 1702 1335 modo
1730 1293 1906 1335 vellent

136 1363 279 1406 ceteri
309 1376 446 1417 reges
476 1364 836 1417 HyspanIarum.
883 1365 996 1406 Item
1028 1364 1193 1406 eodem
1225 1364 1359 1406 modo
1390 1365 1566 1406 vellent
1596 1365 1738 1406 ceteri
1770 1376 1906 1417 reges

137 1438 182 1477 et
217 1436 467 1488 presertim
506 1448 591 1477 rex
628 1435 955 1488 Romanorum,
993 1436 1070 1488 qui
1111 1435 1254 1477 multo
1290 1436 1427 1488 plura
1464 1435 1573 1477 fecit
1610 1448 1695 1488 pro
1733 1436 1905 1477 unione

137 1506 348 1559 ecclesie,
375 1519 513 1559 quam
543 1519 627 1548 rex
654 1507 935 1560 Aragonum,
964 1507 1023 1548 ad
1050 1519 1187 1559 quem
1217 1506 1339 1548 idem
1369 1519 1452 1548 rex
1481 1506 1793 1548 Romanorum
1821 1519 1906 1559 pro

137 1590 221 1620 sua
257 1578 517 1620 humilitate
557 1581 603 1620 et
639 1578 827 1620 fervore
866 1578 1053 1620 unionis
1091 1578 1405 1631 personaliter
1445 1577 1599 1619 adivit.
1657 1577 1782 1619 Idem
1822 1589 1906 1618 rex

138 1649 331 1692 Francie
362 1662 447 1703 pro
477 1650 672 1703 prelatis
703 1649 989 1692 absentibus.
1036 1649 1163 1691 Idem
1195 1662 1279 1690 rex
1308 1648 1476 1702 Anglie
1508 1652 1552 1690 et
1584 1649 1739 1690 ceteri.
1784 1649 1837 1690 Et
1868 1647 1905 1689 si

135 1732 228 1762 non
257 1733 394 1773 nunc,
426 1720 543 1762 illud
574 1720 774 1762 maxime
805 1721 1120 1774 periculosum
1152 1723 1236 1772 est,
1267 1719 1391 1772 quod
1420 1720 1630 1761 trahatur
1661 1719 1718 1761 ad
1749 1731 1906 1761 conse-

137 1792 388 1845 quentiam,
431 1792 646 1845 quotiens
690 1804 826 1844 reges
868 1795 1086 1844 poterunt
1128 1791 1304 1844 aliquid
1347 1791 1517 1833 fecisse
1561 1803 1646 1843 pro
1689 1790 1903 1841 ecclesia;

136 1863 259 1916 quod
286 1862 488 1905 faciliter
514 1866 732 1916 poterunt
762 1862 930 1904 dicere.
972 1863 1091 1914 Quid
1120 1866 1272 1904 autem
1302 1862 1385 1904 fiet
1414 1862 1471 1903 de
1500 1862 1758 1915 premissis,
1787 1861 1905 1902 dice-

137 1937 224 1987 tur,
249 1947 350 1976 cum
376 1934 519 1976 fuerit
543 1934 826 1987 expeditum.

252 2006 476 2048 Preterea
497 2006 635 2058 legati
658 2005 782 2058 regis
802 2005 1066 2058 Portugalie
1090 2018 1138 2047 se
1160 2008 1493 2058 opposuerunt,
1513 2017 1572 2046 ne
1593 2004 1816 2046 darentur
1837 2003 1905 2045 eis

138 2077 217 2119 ille
253 2089 388 2119 voces
425 2077 498 2118 vel
534 2077 604 2118 vis
638 2080 683 2118 et
719 2076 980 2118 auctoritas.
1030 2077 1083 2118 Et
1119 2079 1222 2129 post
1257 2076 1342 2118 hoc
1377 2076 1623 2117 adiverunt
1659 2075 1905 2128 collegium

136 2148 442 2190 cardinalium
473 2151 518 2191 et
548 2148 756 2201 singulas
787 2147 1007 2190 naciones
1038 2147 1260 2199 dicentes,
1291 2147 1413 2200 quod
1443 2147 1527 2188 hoc
1558 2149 1658 2188 erat
1689 2146 1733 2187 in
1764 2158 1903 2198 grave

137 2219 442 2272 preiudicium
468 2220 593 2272 regis
617 2222 662 2261 et
686 2219 817 2272 regni
843 2219 1125 2272 Portugalie,
1151 2219 1259 2271 quia
1283 2230 1368 2271 per
1393 2218 1532 2260 talem
1558 2217 1904 2259 concessionem

136 2301 196 2332 ex
223 2293 316 2332 toto
346 2290 686 2332 absorbebatur
716 2290 921 2332 omnium
951 2302 1039 2331 vox
1069 2292 1114 2330 et
1144 2292 1350 2342 potestas
1381 2288 1488 2330 dicti
1519 2288 1642 2341 regis
1673 2291 1716 2329 et
1748 2288 1905 2329 Portu-

136 2361 258 2414 galie
286 2364 331 2404 et
357 2361 644 2415 prelatorum
672 2360 804 2414 regni
832 2361 903 2403 sui
933 2360 979 2402 in
1007 2360 1173 2402 eodem
1199 2361 1408 2402 concilio.

253 2432 404 2486 Super
439 2432 519 2474 illa
555 2433 749 2474 materia
784 2431 991 2485 deputati
1024 2431 1216 2473 fuerunt
1249 2432 1362 2473 certi
1399 2430 1662 2473 cardinales
1698 2442 1782 2483 per
1817 2429 1905 2471 col-

139 2503 309 2556 legium
344 2503 650 2545 cardinalium
683 2506 729 2544 et
764 2503 844 2545 alii
878 2515 963 2556 per
999 2503 1206 2556 singulas
1241 2503 1476 2553 naciones,
1510 2505 1555 2543 et
1590 2501 1696 2543 data
1731 2504 1801 2543 est
1836 2501 1904 2541 eis

138 2577 340 2626 potestas
374 2574 717 2616 determinandi
752 2577 796 2616 et
829 2573 1136 2615 concludendi
1170 2574 1298 2615 illam
1332 2573 1571 2615 materiam
1605 2585 1706 2613 cum
1741 2572 1904 2624 legatis

138 2644 383 2698 Aragonie,
416 2646 493 2698 qui
526 2645 733 2698 deputati
764 2645 1005 2687 materiam
1037 2647 1349 2686 tractaverunt
1381 2656 1465 2697 per
1498 2655 1706 2684 mensem
1738 2646 1782 2684 et
1814 2654 1905 2683 am-

138 2715 274 2768 plius,
304 2716 388 2758 sed
416 2716 558 2758 nichil
589 2716 904 2769 profecerunt.
947 2716 1037 2757 Nec
1067 2715 1203 2758 aliter
1234 2715 1372 2768 legati
1403 2715 1669 2768 Aragonum
1701 2726 1749 2755 se
1780 2713 1904 2754 volu-

139 2790 274 2829 erunt
296 2788 431 2829 unire
456 2787 663 2839 concilio,
687 2787 776 2830 nisi
802 2787 941 2829 fieret
964 2787 1048 2839 eis,
1073 2787 1196 2840 quod
1220 2786 1453 2840 petebant.
1492 2785 1545 2827 Et
1570 2784 1778 2826 finaliter
1802 2795 1904 2825 con-

139 2868 319 2899 cessum
348 2861 419 2900 est
447 2858 517 2900 eis
546 2857 684 2900 etiam
714 2870 800 2911 per
830 2860 1026 2911 pactum,
1056 2857 1180 2910 quod
1210 2857 1278 2898 illi
1311 2856 1448 2910 legati
1477 2855 1699 2897 nominati
1731 2855 1828 2895 vice
1860 2856 1903 2894 et

139 2927 324 2970 nomine
346 2929 470 2982 regis
493 2929 773 2982 Aragonum,
797 2929 1025 2970 haberent
1049 2929 1095 2970 in
1117 2928 1311 2970 nacione
1334 2926 1598 2980 Hyspanica
1621 2938 1757 2967 voces
1778 2927 1902 2966 tante

140 2998 320 3042 virtutis
349 3002 395 3042 et
424 2999 721 3052 auctoritatis,
751 3002 921 3052 quante
952 3002 1111 3041 essent
1140 3011 1276 3040 voces
1307 2998 1512 3040 omnium
1542 2998 1828 3050 prelatorum
1859 2998 1902 3035 et

140 3080 446 3121 personarum
484 3071 597 3112 cleri
638 3082 887 3124 regnorum
928 3070 1036 3112 dicti
1075 3069 1198 3123 regis
1237 3069 1350 3111 citra
1388 3072 1432 3110 et
1472 3069 1593 3109 ultra
1631 3079 1773 3118 mare,
1813 3076 1902 3118 que
