2227 3434
547 193 586 228 B.
631 193 879 228 Avisamente
912 194 982 228 der
1012 192 1330 227 Reformatorien.
1738 194 1824 237 653

102 311 249 355 XVII.
283 311 355 354 Ad
394 323 531 364 quem
567 312 796 364 spectabit
831 311 1126 355 confirmacio
1165 310 1418 355 electorum
1456 313 1514 355 ad
1553 311 1777 355 ecclesias

512 382 806 425 cathedrales
835 385 881 425 et
910 382 1028 425 alias
1059 383 1365 437 ‹lignitates¹).

170 464 454 507 Vacantibus
479 464 692 505 ecclesiis
718 464 1066 507 cathedralibus
1091 477 1213 518 papa
1238 465 1515 507 electionem
1541 468 1755 518 expectet
1781 469 1826 508 et

5 586 12 591 ,
55 536 93 578 si
123 535 388 588 reperiatur
415 547 520 577 eam
550 525 823 577 canonicam*
846 528 1094 577 confirmet
1123 536 1197 577 vel
1228 536 1486 589 provideat.
1530 536 1585 578 Et
1614 536 1736 578 idem
1768 536 1824 577 de

55 606 302 649 abbatibus
326 609 372 648 et
396 606 620 658 ecclesiis,
645 618 841 658 quorum
867 607 1054 648 valores
1077 606 1435 659 quingentorum
1459 606 1742 649 florenorum
1767 607 1825 648 de

55 677 280 731 oameraa)
306 676 551 719 excedunt.
594 676 644 717 In
669 676 776 719 aliis
801 680 955 718 autem
980 680 1025 718 et
1049 677 1096 718 in
1121 677 1337 720 omnibus
1362 678 1657 720 monasteriis
1684 679 1826 719 moni-

56 748 197 790 alium
225 751 270 790 et
295 748 465 790 ceteris
493 746 738 790 beneficiis
766 747 974 790 electivis
1002 747 1272 800 superiores
1300 748 1634 803 confirment.²)

693 841 716 866 *
1163 842 1186 866 *

928 887 953 914 *

55 991 228 1035 XVIII.
267 993 303 1036 1.
325 991 456 1044 Quod
476 1003 598 1046 papa
619 1005 709 1035 non
730 992 905 1035 alienet
925 993 1048 1036 bona
1068 992 1266 1042 ecclesie
1287 993 1493 1036 Romane
1515 998 1558 1037 et
1580 999 1827 1047 recuperet

508 1063 754 1117 deperdita
790 1064 919 1106 iuxta
958 1076 1091 1106 suum
1130 1062 1370 1120 posse.'')³²)

172 1145 232 1188 Ut
260 1145 496 1188 Romanus
525 1145 739 1199 pontifex
768 1146 941 1188 nedum
973 1146 1093 1189 circa
1120 1148 1387 1200 spiritualia
1418 1150 1591 1189 attenta
1621 1147 1829 1189 conside-

56 1216 242 1258 racione
273 1220 501 1270 versetur,
533 1217 616 1259 sed
645 1217 791 1259 eciam
821 1218 1097 1270 temporalia
1128 1218 1229 1260 sine
1260 1218 1430 1271 quibus
1460 1218 1723 1271 spiritualia
1751 1218 1828 1259 diu

57 1286 317 1329 subsistere
352 1291 593 1340 nequeunt
631 1287 826 1341 provida
865 1288 1177 1341 disposicione
1219 1288 1403 1332 studeat
1439 1289 1705 1342 gubernare
1745 1290 1829 1331 hoc

55 1360 286 1410 perpetuo
315 1358 516 1401 valituro
548 1358 736 1401 decreto
767 1359 943 1401 racioni
977 1359 1078 1401 fore
1111 1372 1365 1401 consonum
1398 1365 1444 1403 et
1476 1360 1684 1402 moribus
1718 1360 1830 1402 anti-

57 1427 160 1481 quis
189 1428 472 1471 conveniens
502 1428 810 1483 declaramus,
838 1430 962 1483 quod
990 1430 1186 1483 quilibet
1215 1430 1450 1474 Romanus
1478 1431 1693 1484 pontifex
1723 1434 1829 1473 ante

17 1516 21 1519 -
57 1511 188 1540 suam
239 1499 649 1542 intronisacionem
696 1501 1056 1554 promissionem
1106 1501 1247 1544 faciat
1286 1501 1516 1554 solempni
1554 1502 1830 1555 interposito

58 1570 332 1624 iuramento,
355 1570 481 1623 quod
505 1583 649 1624 regna
675 1570 893 1625 dominia,
918 1572 1184 1625 provincias
1208 1572 1430 1625 civitates,
1456 1572 1641 1626 oppida,
1664 1576 1829 1625 castra,

57 1639 194 1684 villas
222 1640 474 1695 territoria,
505 1642 846 1695 possessiones,
880 1643 1233 1696 superioriatus,
1266 1643 1633 1697 iurisdicciones,
1664 1643 1830 1685 nobili-

58 1713 190 1764 tates,
219 1711 491 1765 pensiones,
525 1724 707 1767 census,
742 1713 960 1767 decimas,
995 1713 1206 1756 redditus
1240 1717 1285 1756 et
1319 1714 1436 1757 alias
1471 1726 1548 1756 res
1582 1717 1829 1767 ceteraque

60 1781 161 1824 iura
188 1785 234 1824 et
258 1794 534 1836 quecunque
561 1783 683 1826 bona
712 1784 967 1826 immobilia
995 1784 1201 1826 Romane
1230 1788 1275 1827 et
1303 1785 1502 1827 aliarum
1528 1784 1831 1827 ecclesiarum

59 1853 486 1908 monasteriorumss)
518 1858 563 1897 et
592 1854 801 1907 priorum
831 1855 1037 1896 locorum
1066 1868 1159 1897 non
1190 1856 1414 1898 alienabit
1444 1868 1529 1897 nec
1561 1856 1609 1897 in
1638 1855 1830 1897 feudum

59 1921 270 1978 novumd)
300 1936 385 1966 seu
408 1924 721 1978 emphiteosin
750 1925 890 1978 dabit,
917 1926 1000 1968 sed
1027 1938 1084 1968 ea
1110 1926 1263 1968 omnia
1291 1926 1581 1981 indiminuta,
1609 1930 1830 1979 quantum

60 1993 107 2035 in
130 2005 190 2036 eo
216 1993 371 2048 fuerit,
398 1995 705 2049 conservabit,
733 1996 1122 2050 recuperabitque
1147 1996 1396 2050 deperdita
1424 1997 1551 2040 iuxta
1576 1999 1769 2052 possef)

176 2134 216 2177 2.
238 2135 363 2189 Die⁴)
387 2136 496 2177 lune
517 2135 639 2178 XVI.
660 2136 856 2190 Augusti
878 2137 938 2179 de
957 2148 1106 2179 mane.
1140 2137 1444 2190 Congregatis
1465 2138 1666 2180 dominis
1687 2136 1833 2178 refor-

62 2205 315 2247 matoribus
337 2205 426 2248 fuit
446 2207 686 2260 proposita
708 2207 902 2250 materia
925 2208 982 2249 de
1007 2208 1283 2251 revocandis
1306 2208 1676 2250 alienacionibus
1698 2208 1833 2250 fact1s

57 2275 113 2317 de
134 2275 270 2318 bonis
282 2278 375 2318 tam
392 2275 600 2318 Romane
613 2277 825 2331 ecclesie,
842 2289 978 2330 quam
996 2278 1193 2320 aliarum
1209 2290 1604 2332 quarumcumque
1620 2281 1666 2320 et
1680 2290 1834 2321 mona-

63 2346 309 2389 steriorum
345 2350 391 2389 et
426 2347 607 2401 piorum
645 2349 864 2391 locorum.
914 2349 968 2391 Et
1005 2350 1272 2392 conclusum
1308 2349 1397 2392 fuit
1430 2351 1619 2391 nemine
1657 2353 1833 2392 contra-

63 2416 260 2470 dicente,
282 2417 406 2470 quod
428 2419 632 2462 alienata
655 2431 680 2461 a
703 2419 910 2462 Romana
933 2419 1131 2462 ecclesia
1155 2421 1344 2462 omnino
1367 2423 1656 2463 revocentur.
1694 2420 1834 2462 Usur-

62 2490 170 2539 pata
194 2500 309 2530 vero
336 2488 489 2531 omnia
518 2492 608 2531 tam
638 2502 663 2532 a
692 2489 898 2532 Romana
928 2503 1065 2543 quam
1095 2490 1206 2532 alibi
1235 2490 1513 2544 ubicumque
1543 2494 1831 2533 revocentur.

65 2557 131 2599 De
168 2558 384 2602 alienatis
417 2572 530 2602 vero
564 2560 760 2602 aliarum
797 2561 1100 2603 ecclesiarum
1137 2574 1161 2603 a
1198 2562 1361 2604 malori
1398 2565 1531 2615 parte
1566 2563 1832 2604 conclusum

64 2626 164 2681 fuit,
199 2629 322 2681 quod
355 2629 561 2672 indebite
595 2630 800 2674 alienata
832 2635 1122 2674 revocentur.

169 2782 199 2811 a)
221 2778 309 2812 Folyt
331 2780 575 2806 durchstrieheu
599 2788 670 2808 nnn.
711 2781 742 2814 b)
764 2782 792 2807 Ι)
813 2782 906 2814 Quod
930 2789 1015 2816 papa
1036 2782 1121 2809 bona
1143 2782 1284 2809 ecclesie
1306 2790 1367 2809 non
1390 2783 1515 2817 perdat,
1531 2783 1586 2809 sed
1603 2785 1776 2817 recuperet
1798 2791 1834 2809 ca

64 2823 157 2851 iuxta
176 2832 270 2852 suum
292 2832 404 2860 posse:
430 2826 470 2853 W
486 2826 713 2854 Juramentum
735 2835 818 2862 pape
839 2836 939 2863 super
960 2837 1022 2855 non
1044 2829 1228 2856 alienando.
1299 2836 1327 2862 c)
1349 2831 1487 2857 monast.
1512 2853 1517 2857 .
1538 2850 1544 2857 .
1568 2852 1571 2855 .
1596 2831 1743 2858 locorum
1773 2839 1828 2856 ιιιιι

69 2870 110 2898 W
127 2879 177 2898 am
201 2873 314 2899 Ranae
337 2874 392 2899 mit
422 2873 678 2902 l'et·w.-Zeichssn.
747 2875 778 2902 11·
801 2875 886 2902 Fehlt
907 2876 939 2903 S.
1008 2883 1037 2904 e)
1059 2878 1083 2902 S
1103 2876 1211 2910 placet
1234 2877 1373 2903 nacioni.

190 2922 221 2964 1)
248 2922 329 2956 Nur
355 2922 394 2955 W
416 2922 442 2966 Τ.
465 2924 515 2957 2²2.

182 2980 214 3022 ²)
252 2979 326 3023 Vyl.
354 2980 449 3015 dazu
475 2980 722 3024 Reformakle
750 2982 847 3018 oben
874 2982 908 3017 S.
935 2984 1013 3018 643.

184 3038 216 3080 ³)
243 3037 332 3072 Cod.
355 3038 402 3081 D,
427 3039 462 3081 S,
490 3039 540 3074 W.

183 3096 216 3138 ⁴)
245 3095 324 3130 Nur
347 3096 393 3131 W
417 3096 442 3131 f.
468 3098 519 3131 2v.
