2102 3444
195 163 280 208 484
551 164 594 197 ll.
628 162 837 197 Abschnitt.
880 161 1085 196 Semnones
1115 161 1264 196 concilii
1296 160 1615 197 constanciensis.

197 282 274 335 qui
304 294 353 325 se
386 294 567 323 murum
598 284 642 323 et
673 284 778 322 ante
811 281 991 322 murale
1021 283 1199 333 ponunt
1229 293 1314 333 pro
1346 280 1480 322 domo
1513 281 1612 323 Dei.
1656 281 1710 323 Et
1740 281 1848 324 inde
1880 282 1967 324 ori-

199 356 337 394 untur
359 357 406 396 et
427 353 517 394 iam
540 353 660 405 plus,
684 364 821 404 quam
845 352 1141 403 oportuisset,
1165 350 1355 393 fuerunt
1379 355 1477 393 orte
1502 352 1761 405 inimicicie,
1784 355 1968 394 conten-

197 425 368 482 ciones,
403 423 732 473 emulaciones,
767 422 848 474 ire,
883 422 999 474 rixe,
1034 422 1368 475 dissensioneS,
1404 426 1541 475 secte,
1576 422 1749 465 invidie
1780 423 1968 477 ⁴aliaque

199 494 475 536 divisionum
503 506 677 546 genera
705 527 713 535 .
750 527 757 534 .
794 530 800 537 .
840 493 940 546 Qui,
967 496 1188 545 quantum
1216 497 1423 546 possunt,
1449 493 1707 535 auctoritati
1734 494 1969 546 presentis

199 566 316 607 sacri
348 565 584 618 generalis
617 564 798 606 concilii
832 564 1070 619 derogant,
1103 564 1278 606 Grecos
1311 577 1494 617 quoque
1528 568 1572 606 et
1606 565 1723 606 alios
1756 565 1969 618 populos,

199 649 257 677 ne
281 636 470 677 veniant
493 635 551 677 ad
573 648 657 677 nos
681 638 727 677 et
750 635 807 677 ab
830 635 1072 677 erroribus
1094 638 1436 688 convertantur,
1460 636 1704 677 retrahunt
1727 669 1735 677 .
1771 669 1779 677 .
1815 669 1823 677 .
1859 635 1970 677 Tur—

200 708 297 759 pini
336 719 501 759 nempe
539 707 648 748 olim
683 706 929 748 Remensis
966 706 1304 759 arcniepiscopi
1340 706 1527 748 tradunt
1564 706 1798 761 historie¹)
1835 707 1970 759 Aigo-

201 778 429 831 landum²¹)
469 790 571 818 cum
606 790 689 819 suo
724 777 933 819 exercitu
962 777 1299 819 innumerabili
1335 790 1360 819 a
1395 777 1700 819 conversione
1734 777 1792 819 ad
1827 777 1971 819 fidem

199 848 477 890 katholicam
506 851 757 900 propterea
787 848 934 889 fuisse
965 851 1228 900 retractum,
1259 847 1366 900 quia
1396 849 1442 889 in
1471 848 1597 890 curia
1626 848 1788 890 Karoli
1818 847 1971 901 magni

201 919 314 961 vidit
350 919 497 961 Deum
536 920 900 971 omnipotentem
940 919 985 959 in
1023 919 1311 972 pauperibus
1349 919 1500 972 ipsum
1537 918 1972 972 representantibus

201 1002 342 1043 super
387 990 541 1032 omnia
586 1002 881 1042 nequaquam
926 990 1160 1041 honorari,
1207 990 1406 1042 qualiter
1450 993 1606 1031 tamen
1651 990 1972 1043 magnanimus

201 1065 338 1114 atque
369 1061 782 1103 christianissimus
811 1061 911 1114 ipse
941 1061 1142 1103 Karolus
1174 1061 1321 1102 Deum
1350 1061 1407 1102 ab
1437 1061 1653 1103 omnibus
1681 1064 1842 1114 aperte
1872 1060 1972 1113 coli,

201 1133 418 1174 venerari
460 1133 637 1184 pariter
682 1137 728 1175 et
769 1132 899 1185 diligi
941 1131 1201 1184 Aigolando
1246 1131 1358 1184 ipsis
1402 1132 1560 1185 sepius
1601 1131 1873 1184 predixerit.
1927 1131 1974 1174 Si

203 1207 355 1246 autem
379 1203 516 1246 Greci
541 1237 549 1245 .
585 1237 593 1244 .
630 1238 638 1245 .
664 1204 809 1245 instar
837 1203 981 1255 Moisi,
1006 1203 1083 1256 qui
1106 1203 1252 1256 prius,
1277 1216 1415 1255 quam
1438 1203 1612 1245 intrare
1637 1203 1779 1244 vellet
1800 1206 1972 1245 terram

202 1274 540 1327 promissionis,
574 1274 915 1327 explorandum
948 1287 1051 1316 eam
1082 1275 1277 1316 nuncios
1310 1275 1447 1327 misit,
1480 1278 1528 1316 ut
1558 1274 1757 1316 habetur
1788 1273 1974 1316 Numeri

203 1346 333 1399 Xffl,
359 1358 467 1389 suos
494 1346 640 1387 eciam
666 1346 753 1387 huc
778 1345 972 1387 nuncios
998 1345 1357 1387 transmiserunt
1385 1345 1442 1387 ad
1467 1345 1775 1398 probandum,
1802 1345 1840 1388 si
1865 1356 1976 1387 vera

206 1416 310 1470 sint,
335 1429 424 1469 que
451 1416 507 1458 de
531 1416 726 1458 concilio
750 1417 962 1469 generali
988 1415 1076 1457 dici
1101 1416 1331 1458 deberent
1353 1419 1398 1458 et
1423 1416 1588 1469 solent,
1614 1416 1738 1468 quod
1762 1415 1978 1458 videlicet

208 1487 271 1529 ibi
301 1490 370 1530 est
393 1487 708 1529 multitudinis
738 1487 1033 1528 credencium
1063 1500 1140 1528 cor
1168 1499 1311 1528 unum
1339 1491 1385 1530 et
1413 1487 1566 1529 anim-a
1594 1499 1700 1540 una,
1729 1486 1979 1539 videntque

208 1558 330 1600 inter
355 1558 475 1611 illos,
503 1558 580 1610 qui
608 1570 657 1601 se
684 1558 926 1611 predicant
954 1559 1108 1599 colere
1137 1558 1285 1599 Deum
1311 1558 1441 1611 pacis
1467 1561 1603 1610 atque
1629 1570 1716 1611 pro
1741 1558 1842 1600 sola
1866 1569 1978 1611 pace

209 1629 501 1682 procuranda
523 1629 671 1671 fuisse
694 1633 1011 1682 congregatos,
1033 1632 1193 1682 preter
1214 1629 1561 1671 destrucciones
1582 1631 1627 1671 et
1646 1628 1818 1671 iniuria
1838 1627 1979 1670 nichil

211 1734 218 1742 .
255 1733 262 1741 .
299 1713 325 1741 .:
350 1701 454 1753 quis
474 1713 569 1742 non
592 1700 750 1743 credat
773 1701 900 1753 ipsos
922 1704 967 1742 et
988 1701 1121 1753 quasi
1144 1700 1264 1742 iuste
1286 1701 1435 1742 celum
1458 1702 1503 1742 et
1524 1703 1697 1742 terram
1720 1703 1880 1742 contra
1898 1711 1979 1741 eos

213 1772 259 1812 in
300 1771 615 1813 testimonium
659 1771 952 1814 invocaturos
997 1772 1155 1824 sicque
1198 1783 1396 1813 excusso
1440 1771 1639 1824 pulvere
1681 1770 1737 1812 de
1781 1769 1980 1823 pedibus

211 1854 371 1883 eorum
396 1854 501 1884 mox
527 1854 627 1883 cum
656 1841 876 1884 scandalo
901 1854 1171 1884 recessuros
1198 1854 1223 1884 a
1247 1841 1382 1884 nobis
1409 1876 1417 1883 .
1454 1875 1461 1883 .
1498 1875 1506 1883 .
1548 1841 1598 1883 In
1623 1841 1708 1883 hoc
1734 1840 1858 1882 enim
1883 1853 1981 1894 cog-

210 1916 400 1954 noscent
425 1913 651 1966 homines,
678 1913 787 1965 quia
812 1913 1026 1966 discipuli
1056 1912 1227 1954 Christi
1253 1912 1398 1966 eritis,
1425 1912 1461 1955 si
1488 1912 1785 1955 dilectionem
1809 1912 1980 1954 habue-

212 1984 314 2026 ritis
337 1984 395 2026 ad
418 1983 630 2037 invicem,
656 1985 702 2025 in
723 1985 808 2025 hoc
832 1987 1108 2037 cognoscent
1132 1996 1293 2026 omnes
1316 1984 1538 2026 naciones
1562 1983 1709 2025 Deum
1733 1994 1838 2025 esse
1861 1982 1982 2024 inter

212 2067 306 2107 vos,
330 2054 374 2095 in
399 2055 586 2096 nomine
612 2055 695 2096 Dei
720 2055 866 2097 fuisse
890 2058 1192 2107 congregatos
1216 2067 1266 2096 ac
1289 2067 1373 2107 per
1397 2055 1481 2096 hoc
1504 2055 1822 2097 auctoritatem
1844 2065 1980 2107 gene-

211 2126 324 2167 ralis
358 2125 537 2166 concilii
573 2126 618 2166 in
653 2138 733 2168 vos
767 2126 992 2179 residere,
1027 2125 1064 2166 si
1098 2125 1350 2167 concordes
1383 2138 1465 2167 vos
1494 2124 1731 2166 invenerit
1763 2124 1858 2177 illa,
1891 2135 1979 2177 que

213 2195 384 2237 dudum
408 2200 600 2249 propter
624 2197 916 2238 concordiam
941 2199 1123 2239 sanctos
1147 2197 1382 2249 apostolos
1408 2196 1667 2249 replevisse
1694 2195 1862 2249 legitur
1884 2229 1893 2237 .
1928 2228 1936 2236 .
1971 2227 1979 2236 .

334 2267 384 2307 In
410 2279 500 2319 quo
525 2279 638 2308 vero
661 2267 767 2309 illos
792 2267 1047 2309 bellatores
1074 2267 1255 2309 inclitos
1280 2267 1389 2308 olim
1415 2267 1461 2308 in
1487 2267 1677 2319 antiqua
1702 2267 1804 2320 lege
1830 2277 1981 2309 occur-

212 2340 391 2379 rentem
414 2337 483 2380 eis
506 2337 895 2379 innumerabilem
920 2338 1049 2379 sicud
1072 2350 1215 2380 arena
1239 2337 1380 2380 maris
1403 2337 1615 2391 gencium
1638 2335 1979 2379 multitudinem

213 2420 313 2449 cum
339 2407 620 2460 paucissimo
647 2410 820 2461 populo
846 2412 937 2450 tam
964 2408 1240 2461 frequenter
1266 2408 1463 2461 legimus
1489 2408 1656 2451 vicisse
1684 2410 1981 2461 preterquam

215 2480 260 2519 in
285 2479 501 2520 oracione
528 2482 695 2522 sancta.
736 2478 999 2520 Clamemus
1026 2479 1070 2520 in
1096 2480 1260 2532 celum,
1281 2479 1500 2521 dicebant
1524 2479 1613 2532 ipsi
1639 2478 1725 2520 viri
1748 2476 1980 2529 katholici,

213 2553 258 2591 et
286 2549 423 2591 sicud.
442 2549 586 2591 fuerit
613 2550 827 2591 voluntas
856 2550 901 2590 in
929 2551 1043 2602 celo,
1073 2551 1137 2592 sic
1166 2550 1262 2592 fiat.
1304 2549 1396 2591 Sed
1425 2549 1481 2591 de
1510 2550 1616 2603 hiis,
1644 2562 1733 2602 que
1760 2548 1979 2591 viciniora

214 2623 332 2672 sunt,
368 2620 585 2673 exempla
622 2632 871 2662 sumamus.
921 2621 1057 2672 Quos,
1094 2633 1253 2673 queso,
1289 2620 1519 2663 hereticos
1557 2620 1655 2662 sive
1694 2621 1741 2662 in
1777 2617 1980 2662 conciliis

212 2690 513 2743 generalibus
546 2694 621 2733 aut
655 2691 780 2743 alibi,
813 2704 928 2743 quos
961 2691 1258 2743 scismaticos,
1293 2704 1406 2743 quos
1441 2691 1743 2743 symoniacos,
1777 2703 1892 2744 quos
1923 2687 1980 2731 ad

214 2762 430 2814 papatum
457 2762 660 2803 intrusos
685 2762 971 2814 generaliter
996 2765 1040 2803 et
1064 2762 1240 2814 absque
1267 2761 1629 2804 contradictione
1652 2761 1850 2803 alicuius
1874 2771 1980 2814 gen-

214 2833 270 2874 tis
298 2832 494 2885 legimus
520 2832 668 2874 fuisse
695 2832 912 2884 devictos,
940 2833 1028 2873 nisi
1056 2845 1141 2885 per
1166 2833 1392 2884 homines,
1420 2833 1588 2885 quibus
1614 2845 1698 2886 pro
1724 2832 1872 2885 galea,
1896 2841 1980 2884 pro

214 2904 413 2955 thorace,
447 2915 532 2955 pro
565 2903 714 2956 clipeo
747 2904 1008 2955 ceterisque
1042 2903 1224 2945 bellicis
1257 2903 1494 2956 repagulis
1529 2904 1627 2945 sola
1660 2902 1748 2945 fuit
1781 2903 1825 2945 in
1859 2900 1980 2943 refu-

319 3024 347 3044 ω
370 3019 422 3045 le'i
445 3018 723 3052 Aprcgolandunu
756 3020 805 3046 Sre
826 3018 1062 3051 Aggolanduni.

333 3068 364 3110 ¹)
403 3068 474 3109 I'ssl.
502 3067 559 3101 De
587 3068 659 3101 cim
685 3066 812 3101 Caroli
837 3068 964 3109 maqm'
990 3068 1024 3100 el
1049 3067 1212 3101 Rolandi
1238 3077 1314 3110 cap.
1342 3066 1426 3100 XII.
