2102 3444
234 135 318 178 362
771 134 794 168 1.
821 132 1031 168 Abschnitt.
1072 131 1471 177 Konzilstagebticher.

236 253 591 305 clandestinum,
612 252 845 305 tangendo
867 251 1034 293 acriter
1056 251 1097 292 d.
1119 250 1398 303 cardinaleS,
1421 252 1498 304 qui
1522 251 1672 304 ipsum
1695 251 1934 304 elegerant
1958 251 2002 292 in

236 336 418 377 papam,
449 336 550 365 cum
583 323 754 365 scirent
785 322 936 375 ipsum
971 321 1224 374 indignum.
1271 321 1320 365 D.
1353 321 1605 364 cardinalis
1637 321 1867 364 Ostiensis
1896 320 2004 363 fecit

236 394 444 436 officium
474 393 698 436 sessionis
723 397 767 435 et
794 392 1172 445 archiepiscopus
1199 392 1452 435 Januensis
1479 393 1596 434 lecta
1624 391 1865 434 decretali:
1895 391 2006 445 ,Fir-

236 466 372 507 miter
400 464 644 506 credimus‘
676 464 787 517 legit
817 463 937 505 XLV
967 462 1199 516 articulos,
1230 464 1305 516 qui
1339 463 1510 505 ibidem
1542 463 1731 504 fuerunt
1761 462 2006 518 condemp-

238 537 345 578 nati.
382 536 582 588 Postque
608 534 779 587 incepit
801 534 960 587 legere
985 534 1138 577 CCLX
1163 534 1380 577 articulos
1405 534 1733 588 dogmatizatos
1755 546 1842 587 per
1865 545 2007 587 quen-

238 607 341 648 dam
367 606 623 648 hereticum
650 608 860 647 vocatum
886 604 1068 647 Wiclef.
1110 606 1165 647 Et
1190 606 1297 658 quia
1325 605 1559 658 aliquibus
1585 605 1718 647 lectis
1744 604 1894 646 visum
1921 603 2008 646 fuit

237 678 278 719 d.
312 677 537 719 cardinali
571 676 715 719 sancti
753 676 892 719 Marci
924 680 970 719 et
1000 676 1138 718 certis
1172 676 1278 719 aliis
1311 676 1368 719 de
1399 676 1704 718 universitate
1736 675 2007 727 Parisiensi‚

238 748 359 801 quod
383 747 489 790 dicti
514 746 702 790 arciculi
725 746 930 789 nondum
953 751 1087 790 erant
1109 748 1250 801 plene
1272 747 1458 800 visitati,
1483 746 1635 790 saltim
1657 758 1743 800 per
1764 747 2006 789 nacionem

239 819 541 871 Gallicanam,
582 821 903 872 opposuerunt
940 831 993 862 se
1032 818 1202 871 taliter,
1243 818 1367 871 quod
1408 817 1607 871 amplius
1646 830 1740 860 non
1778 817 1867 860 fuit
1904 830 2008 871 pro-

237 902 417 931 cessum
449 889 507 931 ad
538 889 762 931 lecturam
794 889 1019 932 dictorum
1054 889 1196 931 110LX
1227 889 1539 931 articulorum.
1583 888 1674 931 Sed
1705 887 1795 931 fuit
1824 887 2008 940 dictum,

237 961 360 1013 quod
386 961 496 1002 lune
522 961 597 1003 vel
625 961 716 1003 alia
743 960 818 1002 die
847 962 1059 1014 sequenti
1087 960 1424 1014 expedirentur
1450 963 1495 1002 et
1522 960 1644 1013 quod
1672 959 1857 1002 interim
1883 959 2009 1001 vide-

238 1035 399 1074 rentur
428 1030 610 1074 melius.

359 1102 470 1145 Item
505 1101 671 1145 eadem
707 1102 781 1144 die
816 1107 952 1145 mane
988 1102 1075 1145 fuit
1109 1103 1227 1145 lecta
1261 1103 1307 1144 in
1344 1102 1587 1145 audiencia
1622 1101 2007 1144 contradictarum

237 1172 501 1226 supradicta
531 1173 691 1216 citacio
722 1173 924 1227 sigillata
954 1173 1123 1227 sigillis
1152 1176 1367 1227 quattuor
1396 1173 1655 1216 nacionum.

356 1257 471 1298 Item
502 1255 668 1299 eadem
698 1255 774 1299 die
804 1256 922 1298 hora
952 1256 1113 1309 quinta
1142 1259 1247 1309 post
1277 1255 1520 1298 meridiem
1553 1255 1640 1298 fuit
1669 1255 1791 1298 facta
1821 1267 2010 1309 congre-

236 1327 364 1380 gacio
390 1327 600 1370 nacionis
629 1326 885 1370 Gallicane.
932 1327 982 1369 In
1011 1339 1102 1380 qua
1130 1327 1218 1369 fuit
1244 1327 1533 1380 propositum
1562 1339 1648 1380 per
1675 1326 2009 1380 presidentem,

236 1399 359 1451 quod
391 1398 432 1441 d.
466 1397 720 1452 imperator
752 1401 1004 1451 aperuerat
1031 1398 1124 1441 sibi
1155 1401 1203 1440 et
1236 1398 1277 1440 d.
1309 1397 1614 1440 Gebennensi
1647 1401 1693 1440 et
1723 1397 2007 1440 Tholonensi

234 1469 468 1523 episcopis
489 1482 633 1511 unum
657 1469 843 1511 modum
864 1470 1027 1512 utilem
1050 1473 1098 1511 et
1117 1470 1433 1522 propinquum
1455 1468 1615 1511 unioni
1638 1469 1839 1510 ecclesie
1862 1468 2009 1522 magis

237 1553 374 1593 quam
411 1553 748 1594 quemcumque
785 1541 929 1583 alium
966 1543 1011 1583 et
1044 1540 1129 1582 hoc
1165 1539 1212 1581 in
1249 1543 1430 1583 secreto
1465 1543 1510 1582 et
1546 1540 1631 1582 sub
1667 1540 1929 1582 iuramento
1964 1543 2009 1582 et

236 1612 359 1664 quod
388 1612 478 1665 ipsi
507 1612 807 1665 requirerent
835 1611 1002 1654 dictam
1031 1611 1289 1664 nacionem,
1321 1611 1444 1664 quod
1473 1611 1605 1654 daret
1635 1610 1704 1653 eis
1733 1613 2008 1664 potestatem

236 1687 280 1725 et
312 1684 631 1725 auctoritatem
660 1683 891 1725 tractandi
922 1686 968 1725 et
999 1681 1306 1725 concludendi
1334 1682 1507 1724 dictum
1540 1682 1726 1724 modum
1759 1682 1830 1725 eis
1860 1682 1908 1724 in
1940 1694 2010 1724 se-

237 1757 362 1796 creto
388 1757 600 1807 apertum
626 1766 727 1796 cum
754 1754 874 1796 dicto
900 1754 941 1796 d.
969 1754 1251 1807 imperatore
1278 1757 1323 1796 et
1348 1753 1496 1796 tribus
1523 1753 1756 1807 deputatis
1782 1753 1839 1795 de
1866 1752 2010 1807 quali-

238 1825 314 1867 bet
345 1825 542 1867 aliarum
571 1826 832 1867 nacionum.
878 1825 933 1867 Et
961 1829 1066 1878 post
1097 1825 1266 1868 multas
1298 1825 1633 1868 altercaciones
1663 1827 1710 1866 et
1739 1823 2009 1878 opinionum

236 1896 526 1939 variaciones
547 1896 636 1939 fuit
656 1897 725 1939 eis
747 1909 1019 1938 concessum
1038 1908 1127 1950 per
1149 1896 1316 1938 dictam
1337 1897 1596 1949 nacionem,
1619 1895 1744 1949 quod
1764 1895 1888 1938 infra
1910 1898 2009 1938 octo

238 1968 338 2010 dies
362 1968 450 2021 ipsi
472 1967 703 2019 haberent
722 1970 999 2021 potestatem
1021 1967 1248 2009 tractandi
1272 1970 1317 2009 et
1339 1966 1645 2009 concludendi
1670 1966 1838 2009 dictum
1860 1969 2007 2009 actum

238 2051 338 2080 cum
371 2037 663 2091 supradictis,
696 2038 804 2080 dum
835 2042 990 2081 tamen
1021 2038 1107 2081 hoc
1138 2041 1264 2081 esset
1295 2039 1342 2080 in
1374 2037 1619 2080 utilitatem
1650 2037 1836 2080 unionis
1866 2038 2010 2080 eccle-

238 2110 306 2151 sie
332 2109 432 2151 Dei.

355 2180 410 2222 Et
435 2181 517 2223 illa
544 2181 619 2223 die
646 2180 936 2223 intraverunt
962 2183 1178 2233 quattuor
1203 2180 1482 2232 cardinaleS,
1509 2180 1586 2233 qui
1612 2183 1937 2222 remanserant
1962 2179 2008 2220 in

238 2251 432 2294 Scasusa
460 2265 484 2294 a
514 2263 705 2295 recessu
731 2264 853 2305 pape
882 2250 1008 2294 citra.

356 2322 441 2363 Die
479 2322 709 2365 dominica
747 2322 961 2376 sequenti
999 2322 1086 2365 fuit
1124 2323 1270 2365 eciam
1307 2323 1430 2365 facta
1465 2321 1767 2376 congregacio
1806 2323 1851 2364 in
1891 2321 2008 2364 dicta

239 2393 447 2447 nacione,
484 2394 530 2435 in
566 2406 656 2446 qua
691 2393 800 2436 fecit
834 2393 1116 2436 relacionem
1153 2394 1209 2435 de
1246 2393 1527 2436 ambassiata
1561 2406 1646 2436 sua
1680 2393 1722 2435 d.
1758 2392 2010 2435 cardinalis

240 2465 385 2507 sancti
418 2464 557 2506 Maroi
586 2464 642 2506 de
671 2464 774 2517 hiis,
803 2477 893 2517 que
921 2464 1024 2518 ipse
1051 2467 1098 2507 et
1126 2465 1205 2506 alii
1236 2465 1305 2507 sui
1335 2464 1513 2518 college
1543 2464 1757 2506 fecerunt
1785 2465 1832 2506 in
1860 2463 2011 2516 viagio

238 2535 294 2576 de
322 2534 552 2589 Fribourg
580 2538 625 2577 et
653 2535 709 2577 de
738 2535 910 2577 Brisac.
951 2535 1046 2587 Que
1076 2535 1229 2578 omnia
1257 2535 1552 2577 continentur
1581 2536 1627 2577 in
1655 2535 1821 2578 cedula
1849 2546 2009 2588 supra-

240 2605 424 2659 scripta.

362 2677 474 2719 Item
508 2676 673 2719 eadem
708 2677 783 2719 die
817 2676 936 2720 circa
969 2677 1176 2730 quintam
1209 2678 1371 2719 horam
1404 2680 1509 2731 post
1543 2676 1787 2719 meridiem
1821 2676 2010 2719 fuerunt

239 2749 505 2802 congregati
543 2748 591 2789 in
629 2747 767 2790 domo
811 2747 1100 2802 [fratrum]²³)
1146 2748 1374 2790 Minorum
1414 2748 1455 2790 d.
1497 2749 1762 2802 imperator,
1804 2747 2007 2801 deputati

240 2819 500 2873 nacionum,
539 2819 669 2862 multi
704 2819 937 2862 notabiles
973 2820 1190 2871 barones,
1229 2818 1400 2862 milites
1436 2822 1483 2861 et
1516 2819 1686 2872 prelati
1723 2822 1770 2861 et
1807 2819 1885 2862 alii
1922 2817 2008 2861 viri

240 2890 473 2932 notabiles
498 2902 640 2944 super
662 2892 858 2933 tractatu
881 2890 1010 2944 pacis
1034 2902 1134 2931 cum
1159 2890 1275 2931 duce
1299 2889 1487 2932 Austrie
1513 2924 1520 2931 .
1557 2928 1564 2934 .
1602 2924 1609 2931 .

344 3062 373 3081 ιιι
395 3054 474 3088 fehlt
499 3055 550 3081 Hs.
