2102 3444
257 146 314 189 84
782 145 808 180 I.
843 145 1054 181 Abschnitt.
1102 144 1502 191 Konzilstagebiicher.

236 263 493 324 &prolixum
517 264 653 306 valde
677 267 722 306 et
744 264 1025 306 rethoricum
1050 267 1187 318 atque
1211 265 1441 318 poeticum
1464 278 1565 308 cum
1589 265 1873 308 admixtione
1898 277 2029 308 sacre

260 335 488 388 scripture
512 339 557 378 et
580 335 879 377 historiarum
903 335 1246 388 compendiose.
1285 336 1434 379 Finito
1459 349 1674 379 sermone
1700 335 1816 378 dixit
1839 336 2030 378 creden-

260 406 391 459 ciam,
416 406 539 458 quod
564 418 622 447 ex
648 409 780 459 parte
807 406 932 459 regis
957 407 1224 459 Aragonum
1250 406 1336 449 fuit
1362 408 1531 449 missus
1557 407 1615 449 ad
1641 419 1799 460 regem
1826 406 2029 449 Castelle

261 479 307 519 et
327 477 458 518 illum
480 476 744 519 sollicitavit
766 477 823 518 de
845 477 1165 519 substracione
1186 477 1387 532 fiendau)
1413 491 1498 531 per
1517 490 1623 520 eum
1646 478 1784 519 Petro
1806 477 1863 519 de
1886 477 2030 531 Luna,

261 546 319 588 de
346 547 569 589 mittendo
596 547 653 590 ad
681 548 765 590 hoc
792 548 1052 600 concilium,
1080 548 1137 589 de
1164 548 1369 591 uniendo
1397 561 1446 591 se
1475 552 1519 590 et
1546 560 1741 601 regnum
1768 559 1902 590 suum
1928 560 2032 590 con-

260 616 380 671 cilio,
411 618 469 660 de
499 617 781 671 publicando
812 618 991 661 litteras
1022 619 1383 661 convocacionis.
1428 619 1481 661 Et
1512 619 1724 672 obtinuit,
1755 618 1880 672 quod
1908 618 2031 660 idem

262 699 346 730 rex
380 687 584 731 Castelle
619 688 798 731 litteras
831 690 1177 732 convocatorias
1211 690 1269 732 ad
1300 690 1543 732 concilium
1578 689 1688 731 t‘ecit
1720 701 1806 743 per
1838 701 2032 742 regnum

263 771 396 801 suum
434 759 675 812 publicare
714 763 758 801 et
796 760 919 812 quod
957 760 1189 802 ordinavit
1226 761 1513 814 legacionem
1552 761 1794 803 solennem
1834 760 1892 802 ad
1929 772 2033 802 con-

262 829 433 882 cilium,
454 842 544 883 que
568 830 659 872 iam
681 833 873 883 egressa
895 843 1089 884 regnum
1114 831 1318 873 Castelle
1340 834 1440 873 erat
1462 831 1508 872 in
1531 831 1766 884 Aragonia
1787 843 1889 872 cum
1911 830 2033 873 bona

264 903 308 943 et
333 901 488 954 ampla
512 903 760 953 potestate3
787 901 994 944 laudavit
1019 902 1271 955 plurimum
1298 914 1455 955 regem
1481 915 1614 943 suum
1641 902 1699 944 de
1723 901 1964 944 laboribus
1989 904 2035 943 et

263 972 626 1024 perseverancia
651 972 698 1013 in
722 971 962 1025 proposito
986 972 1186 1015 unionis.

381 1042 588 1084 Venerat
613 1041 759 1084 eciam
783 1043 982 1085 nuncius
1007 1043 1195 1096 quidam
1221 1043 1390 1086 missus
1416 1056 1441 1085 a
1466 1043 1660 1085 concilio
1685 1043 1744 1085 ad
1769 1055 1928 1096 regem
1954 1042 2036 1085 Ca-

265 1113 401 1154 stelle
426 1125 527 1155 cum
552 1113 721 1156 litteris
745 1113 803 1155 ad
827 1125 999 1166 regem,
1025 1113 1234 1167 reginam
1257 1117 1302 1156 et
1324 1114 1615 1156 consiliarios
1640 1117 1685 1156 et
1708 1113 1888 1156 litteras
1912 1112 2036 1167 regis

266 1183 470 1226 Castelle
509 1186 555 1226 et
592 1184 754 1237 regine
794 1184 954 1226 matris
993 1187 1129 1237 atque
1169 1185 1351 1226 consilii
1390 1185 1514 1238 regis
1554 1188 1599 1226 et
1638 1184 1841 1238 plurium
1882 1184 2036 1238 singu-

263 1253 432 1296 larium
463 1253 835 1296 consiliariorum
866 1254 913 1296 in
945 1254 1121 1297 effectu
1152 1255 1442 1297 continentes
1473 1255 1695 1297 affectum
1727 1254 1786 1298 ad
1816 1254 2035 1297 unionem

263 1324 460 1367 ecclesie
491 1327 536 1367 et
565 1325 852 1378 legacionem
882 1328 1140 1380 venturam,
1170 1324 1483 1380 instructam¹’)
1515 1326 1573 1368 de
1604 1326 1867 1368 intencione
1897 1326 2036 1379 regis.

381 1395 557 1447 Quibus
593 1396 725 1439 lectis
762 1396 804 1438 d.
842 1395 1095 1438 cardinalis
1133 1397 1432 1439 Florentinus
1469 1396 1711 1450 respondit
1746 1396 2036 1450 propositum

267 1467 405 1519 legati
429 1466 553 1520 regis
574 1466 839 1520 Aragonum
865 1470 1046 1520 sumpto
1068 1468 1271 1510 themate
1294 1480 1379 1521 pro
1401 1480 1529 1521 rege:
1555 1468 1639 1509 Vir
1662 1467 1736 1509 dei
1760 1467 1868 1521 es,²)
1893 1469 1938 1509 et
1961 1467 2038 1509 de-

267 1535 390 1579 ducit
420 1537 478 1579 ad
508 1537 672 1580 laudes
704 1538 842 1591 regis,
873 1541 920 1580 et
948 1537 1010 1580 ita
1041 1551 1278 1580 recessum
1309 1541 1392 1580 est.

386 1608 512 1664 Die2)
541 1609 650 1650 lune
678 1608 862 1651 auditus
889 1612 958 1651 est
983 1600 1030 1650 in
1057 1609 1156 1651 loco
1183 1609 1409 1652 sessionis
1434 1608 1631 1651 nuncius
1656 1609 1826 1651 missus
1853 1608 1912 1651 ad
1935 1608 2039 1651 Sco-

267 1679 378 1721 tiam
412 1678 470 1721 ad
504 1678 792 1721 invitandum
825 1683 871 1721 et
903 1680 1212 1721 exortandum
1247 1692 1406 1733 regem
1440 1679 1604 1733 Scotie,
1638 1679 1716 1733 qui
1749 1682 1905 1722 tamen
1937 1691 2040 1732 cap-

267 1748 388 1791 tivus
412 1749 659 1792 tenebatur
684 1763 710 1792 a
734 1762 844 1803 rege
868 1750 1051 1803 Anglie,
1076 1750 1166 1793 iam
1191 1750 1282 1792 XII
1306 1751 1380 1792 vel
1407 1751 1528 1792 circa
1553 1750 1689 1793 annis
1713 1750 1930 1793 detentus
1953 1748 2041 1792 fuit

269 1823 314 1862 et
337 1820 501 1862 ducem
526 1820 741 1874 Albanie,
765 1820 1125 1873 gubernatorem
1150 1821 1343 1874 regium,
1368 1821 1426 1864 ad
1451 1821 1724 1863 mittendum
1747 1820 1806 1863 ad
1828 1821 1914 1863 hoc
1937 1833 2041 1863 con-

270 1890 426 1932 cilium
449 1894 494 1933 et
516 1891 861 1944 procurandum
882 1892 1103 1933 unionem
1127 1892 1340 1934 ecclesie.
1377 1893 1432 1934 Et
1455 1895 1554 1934 erat
1575 1891 1773 1935 nuncius
1796 1891 1854 1934 de
1876 1890 2040 1934 ordine

269 1961 633 2015 Predicatorum,
662 1962 983 2005 baccalaurius
1012 1962 1059 2004 in
1086 1962 1333 2016 theologia,
1361 1963 1556 2005 nacione
1586 1962 1760 2005 Scotus.
1802 1962 1858 2005 Et
1885 1961 2043 2004 retulit

270 2032 450 2075 litteras
480 2032 586 2074 dicti
615 2032 745 2075 ducis
774 2032 988 2086 Albanie,
1018 2032 1346 2086 gubernatoris
1375 2033 1540 2087 Scotie,
1570 2033 1739 2087 quibus
1768 2035 2042 2075 reverenter

271 2106 317 2145 et
348 2108 434 2156 per
469 2104 614 2146 verba
648 2103 900 2156 singularis
936 2104 1118 2145 numeri
1153 2106 1349 2146 testatur
1386 2107 1476 2159 se¹·)
1514 2104 1736 2146 affectum
1771 2104 1948 2146 habere
1983 2102 2042 2146 ad

270 2173 489 2216 unionem
521 2174 733 2226 ecclesie,
765 2176 810 2215 et
842 2186 892 2216 se
924 2174 1269 2216 recommendat
1300 2174 1507 2228 concilio,
1540 2174 1663 2227 quod
1693 2177 1823 2216 vocat
1854 2185 2042 2227 congre-

270 2245 510 2297 gacionem
551 2245 597 2285 in
639 2244 929 2297 Constancia,
970 2247 1015 2286 et
1054 2244 1300 2297 pollicetur
1341 2257 1390 2287 se
1431 2244 1681 2286 missurum
1722 2245 1899 2298 legatos
1939 2256 2040 2286 cum

272 2315 414 2368 plena
450 2317 678 2368 potestate
716 2314 774 2356 ad
811 2315 980 2367 omnia,
1017 2327 1106 2367 que
1144 2315 1202 2356 ad
1238 2314 1457 2356 unionem
1494 2315 1692 2357 ecclesie
1727 2315 2042 2368 pertinebunt.

273 2385 439 2427 Forma
472 2397 584 2427 vero
616 2384 875 2427 litterarum
907 2384 1013 2427 talis
1046 2388 1132 2426 est:

391 2454 530 2497 Rev¹¹¹i
570 2455 915 2508 reverendique
954 2458 1126 2508 patres,
1166 2455 1378 2498 doctores
1416 2457 1608 2509 egregii,
1648 2455 1929 2509 spectabiles
1967 2455 2044 2498 do-

275 2527 402 2579 mini,
425 2526 661 2579 ceterique
686 2526 839 2568 devoti
864 2526 951 2568 viri
975 2539 1060 2579 pro
1084 2527 1257 2568 unione
1282 2529 1438 2568 sancte
1462 2527 1622 2569 matris
1647 2526 1844 2569 ecclesie
1869 2527 1916 2568 in
1938 2525 2045 2568 civi—

273 2600 365 2639 tate
394 2597 745 2640 Constanciensi
774 2596 1052 2650 congregati,
1082 2609 1278 2649 quorum
1306 2598 1511 2638 omnium
1539 2610 1617 2639 cor
1645 2609 1787 2639 unum
1815 2600 1862 2639 et
1889 2597 2043 2639 anima

275 2680 367 2710 una
397 2669 443 2709 in
475 2667 674 2712 domino.
718 2667 803 2719 Qui
833 2667 970 2721 igitur
1002 2668 1173 2720 incepit
1205 2666 1251 2708 in
1282 2667 1413 2710 vobis
1444 2680 1560 2721 opus
1591 2668 1777 2721 bonum,
1808 2667 1909 2721 ipse
1940 2680 2045 2721 per-

276 2738 414 2781 ficiet.
454 2738 725 2780 Vestrarum
753 2737 1083 2791 paternitatum
1111 2738 1613 2780 reverendissimarum
1642 2737 1821 2781 litteras
1847 2741 1940 2781 tam
1967 2750 2045 2780 ex-

379 2879 409 2910 a)
429 2878 510 2912 fehlt
532 2879 568 2905 B.
607 2878 638 2910 b)
660 2880 688 2905 B
707 2878 877 2905 munitam.
915 2879 945 2911 c)
965 2877 1046 2911 fehlt
1067 2878 1103 2904 B.

396 2927 427 2969 1)
453 2928 476 2963 3
499 2927 586 2970 Rea.
616 2928 668 2969 17,
691 2927 747 2962 24.

396 2986 428 3027 ²)
465 2987 567 3027 (κάν.
606 2986 680 3020 bis:
716 2986 788 3027 Qui
822 2986 936 3029 igitur
973 2985 1033 3019 bei
1067 2984 1296 3019 Schelstrate
1332 2985 1370 3019 in
1402 2984 1523 3018 Hard!
1557 2984 1623 3027 11',
1659 2985 1750 3020 1086
1783 2994 1853 3019 aus
1885 2993 2047 3019 unserer

279 3043 423 3083 anlle.
