2102 3444
279 147 363 190 222
815 147 838 182 Ι.
865 147 1075 183 Abschnitt.
1115 146 1515 192 Konzilstagebiicher.

282 269 385 310 stati
409 271 527 310 sunt.
563 268 674 310 Nam
697 268 799 310 licet
822 268 991 321 prefati
1017 268 1221 321 quinque
1244 269 1285 310 d.
1309 268 1571 311 cardinales
1594 269 1927 322 practicassent
1948 281 2048 311 cum

281 339 496 391 pluribus
528 339 583 381 de
616 339 735 381 dicta
765 340 975 391 nacione,
1008 343 1055 381 ut
1086 340 1142 381 de
1175 339 1367 392 agendis
1400 340 1445 381 in
1478 340 1641 382 eadem
1674 351 1766 381 non
1798 351 1883 393 per
1913 351 2050 382 voces

281 409 363 450 sed
396 422 480 462 per
512 409 775 462 provincias
806 410 1154 463 procederetur,
1187 410 1244 452 ad
1277 411 1360 452 hoc
1392 411 1514 463 quod
1545 411 1753 464 predicta
1786 410 1918 452 nacio
1948 422 2050 452 cum

281 480 501 533 predictis
539 480 719 534 duabus
757 481 1031 523 nacionibus
1072 482 1117 522 in
1156 481 1432 534 supradictis
1470 481 1780 535 peticionibus
1818 493 1911 523 non
1948 494 2050 523 con-

281 555 504 605 curreret,
526 551 856 594 nichilominus
879 555 1033 594 tamen
1057 552 1130 594 die
1156 553 1264 593 lune
1289 552 1459 594 XVIII.
1484 552 1657 594 mensis
1685 551 1841 594 Marcii
1864 564 2052 605 congre-

279 625 383 674 gata
414 622 534 664 dicta
563 621 758 665 nacione
790 622 1031 665 Gallicana
1063 623 1109 664 in
1139 626 1366 665 conventu
1399 624 1594 665 fratrum
1628 623 1976 665 Predicatorum
2007 625 2052 664 et

282 692 327 734 in
359 694 458 735 loco
489 696 709 736 consueto
741 697 786 735 et
818 693 1208 736 interessentibus
1241 695 1286 735 in
1318 694 1483 736 eadem
1517 693 1738 747 predictis
1771 693 1975 747 quinque
2008 693 2050 736 d.

282 763 598 807 cardinalibus
623 764 837 818 factaque
864 765 1183 818 propositione
1210 778 1295 818 per
1321 777 1414 807 rev.
1443 766 1489 806 in
1517 765 1621 809 Chr.
1650 777 1693 818 p.
1722 765 1763 807 d.
1790 764 2051 807 Johannem

284 835 503 877 Maurosii
546 835 858 888 patriarcham
903 836 1254 885 Anthiocenum,
1299 849 1356 878 an
1399 849 1484 889 per
1528 835 1806 889 provincias,
1849 836 1923 878 vel
1966 848 2052 889 per

282 918 417 948 voces
453 906 499 947 in
535 906 729 959 agendis
765 907 811 948 in
849 907 967 949 dicta
1001 908 1190 949 natione
1226 907 1572 960 procedendum
1609 910 1734 949 esset
1770 909 1816 948 et
1851 907 2052 960 qualiter

281 989 423 1029 super
455 977 676 1029 predictis
708 978 1019 1030 peticionibus
1054 978 1410 1020 deliberandum
1444 978 1578 1030 foret,
1612 977 1876 1031 habitisque
1910 989 2052 1031 super

281 1048 502 1100 predictis
545 1048 879 1101 multiplicibus
923 1049 1167 1101 colloquiis
1210 1052 1254 1091 et
1296 1048 1566 1091 tractatibus
1607 1048 1748 1090 nichil
1793 1049 1875 1091 illo
1916 1060 2051 1090 mane

282 1131 423 1172 super
450 1119 540 1162 hiis
568 1119 878 1161 deliberatum
906 1120 1010 1171 fuit3
1042 1120 1125 1162 sed
1150 1120 1238 1162 fuit
1267 1120 1551 1162 deliberacio
1578 1120 1625 1161 in
1653 1120 1776 1162 diem
1804 1119 2052 1162 crastinam

282 1193 534 1232 reservata.

400 1261 484 1303 Die
511 1262 672 1304 martis
696 1261 894 1304 XVIIII.
922 1262 1097 1304 mensis
1127 1262 1285 1304 Marcii
1310 1275 1409 1304 cum
1438 1262 1569 1304 nacio
1597 1261 1839 1304 Gallicana
1865 1273 2053 1315 congre-

280 1332 378 1385 gari
411 1332 618 1386 deberet,
651 1332 692 1374 d.
724 1345 809 1374 rex
838 1333 1152 1375 Romanorum
1182 1345 1318 1375 mane
1349 1336 1455 1374 ante
1488 1333 1611 1375 diem
1643 1345 1840 1386 surgens
1872 1332 2053 1375 duobus

281 1407 456 1446 tantum
506 1403 740 1456 equitibus
790 1403 988 1446 sociatus
1037 1403 1315 1457 sollicitavit,
1363 1416 1479 1457 quos
1527 1405 1743 1457 oportuit,
1790 1406 1836 1446 et
1884 1403 2053 1446 auditis

282 1474 436 1517 missis
478 1474 862 1528 congregatisque
905 1474 1180 1518 nacionibus
1223 1475 1500 1518 Germanica
1543 1478 1588 1517 et
1628 1475 1823 1528 Anglica
1864 1473 2052 1517 tandem

282 1546 396 1588 hora
419 1546 575 1588 debita
596 1559 697 1588 cum
719 1546 899 1588 eisdem
921 1546 1101 1588 duabus
1123 1546 1397 1588 nacionibus
1420 1546 1479 1588 ad
1498 1545 1740 1588 nacionem
1763 1546 2052 1588 Gallicanam

282 1617 328 1658 in
360 1616 495 1659 domo
526 1617 876 1659 Predicatorum
908 1616 954 1658 in
985 1618 1085 1660 loco
1116 1620 1336 1660 consueto
1367 1620 1705 1670 congregatam,
1736 1616 1816 1659 ubi
1847 1616 2052 1670 quinque

282 1687 545 1730 cardinales
572 1688 826 1741 supradicti
853 1688 1125 1742 intererant,
1152 1688 1352 1730 divertit.
1395 1687 1556 1741 Ibique
1582 1701 1684 1730 cum
1710 1690 1836 1731 esset
1861 1688 1910 1730 in
1935 1686 2054 1729 dicta

281 1759 491 1812 nacione,
519 1758 666 1802 dictus
692 1759 733 1801 d.
762 1772 846 1801 rex
871 1760 1127 1813 proposuit,
1155 1759 1279 1813 quod
1303 1759 1511 1813 placeret
1537 1759 1656 1802 dicte
1680 1758 1865 1801 nacioni
1891 1757 2053 1801 audire

282 1829 506 1882 quasdam
540 1829 913 1872 deliberaciones
945 1843 1031 1884 per
1062 1830 1283 1874 naciones
1314 1831 1620 1884 Anglicanam
1653 1833 1698 1872 et
1730 1828 2054 1872 Germanicam

282 1900 446 1953 factas;
475 1900 559 1943 sed
581 1913 668 1955 pro
691 1904 824 1954 parte
851 1902 969 1943 dicte
995 1901 1204 1944 nacionis
1229 1901 1318 1944 fuit
1340 1902 1386 1944 ei
1412 1914 1704 1955 responsum,
1731 1900 1856 1954 quod
1880 1900 2054 1943 delibe-

283 1971 494 2014 raciones
531 1971 738 2025 ipsarum
774 1972 1020 2014 nacionum
1055 1973 1326 2015 nullomodo
1363 1973 1592 2026 audirent,
1630 1972 1721 2015 nisi
1756 1972 1888 2026 prius
1924 1983 2054 2014 suam

274 2039 504 2084 aefacerent.
550 2042 700 2096 Super
732 2056 822 2096 quo
853 2056 954 2085 cum
986 2043 1113 2086 varie
1147 2044 1482 2086 altercaciones
1513 2046 1685 2097 essent,
1715 2042 1903 2086 tandem
1935 2042 2054 2085 dicta

282 2114 416 2156 nacio
457 2113 699 2156 Gallicana
739 2114 1017 2156 deliberavit
1058 2115 1431 2157 deliberaciones
1470 2114 1704 2168 predictas
1743 2126 1829 2168 per
1868 2113 2054 2156 modum

284 2183 709 2227 advisamentorum
738 2185 915 2237 audire,
943 2185 1332 2238 quemadmodum
1361 2185 1407 2227 in
1437 2186 1511 2228 die
1539 2185 1812 2239 precedenti
1838 2185 1880 2227 d.
1909 2184 2055 2227 archi-

284 2254 554 2308 episcopum
574 2255 861 2297 Januensem
884 2268 969 2309 pro
990 2259 1121 2309 parte
1144 2256 1351 2298 nacionis
1376 2256 1553 2298 Ytalice
1577 2257 1844 2309 loquentem
1865 2255 1913 2297 in
1935 2255 2055 2298 eius-

284 2325 388 2367 dem
413 2326 622 2369 nacionis
650 2326 996 2379 advisamentis,
1024 2329 1072 2368 ut
1098 2327 1139 2369 d.
1167 2327 1431 2380 patriarcha
1457 2327 1775 2369 Antiochenus
1801 2330 1908 2369 tunc
1934 2329 2055 2368 retu-

284 2397 349 2450 lit,
381 2396 500 2439 dicta
529 2397 662 2439 nacio
693 2396 935 2439 Gallicana
966 2397 1226 2449 audiverat3
1260 2398 1418 2451 sicque
1450 2410 1570 2440 unus
1601 2397 1810 2440 notarius
1841 2397 1898 2440 de
1930 2409 2055 2455 man-

284 2467 390 2510 dato
420 2467 526 2509 dicti
558 2468 599 2510 d.
631 2467 754 2521 regis
786 2468 1096 2510 Romanorum
1128 2468 1174 2509 in
1204 2468 1357 2510 medio
1387 2481 1584 2522 surgens
1613 2468 1848 2522 predictas
1879 2468 2054 2510 delibe-

284 2537 495 2581 raciones
529 2551 613 2591 per
645 2538 831 2581 modum
866 2538 1291 2581 advisamentorum
1326 2540 1449 2592 legit.
1495 2540 1593 2591 Que
1627 2539 1674 2580 in
1706 2538 1883 2581 effectu
1915 2537 2054 2581 conti-

284 2609 457 2651 nebant
492 2609 629 2662 idem,
666 2609 789 2663 quod
824 2610 1033 2662 primeve
1069 2610 1326 2662 peticiones
1362 2622 1447 2663 per
1483 2610 1627 2652 dictas
1662 2609 1882 2653 naciones
1918 2609 2052 2652 facte.

283 2680 459 2731 Quibus
485 2681 616 2722 lectis
642 2680 684 2722 d.
711 2692 795 2722 rex
819 2680 1130 2722 Romanorum
1157 2680 1280 2733 apud
1305 2680 1471 2722 dictam
1496 2681 1738 2723 nacionem
1765 2680 2052 2723 Gallicanam

286 2752 463 2804 institit,
502 2754 549 2793 ut
588 2751 710 2793 idem
749 2751 1047 2795 deliberaret.
1100 2750 1192 2793 Sed
1229 2763 1508 2804 responsum
1547 2755 1617 2794 est
1655 2751 1713 2804 ei,
1752 2751 1876 2805 quod
1911 2750 2053 2793 nichil

285 2821 405 2864 dicta
432 2822 565 2864 nacio
595 2821 894 2874 deliberaret,
924 2821 1013 2864 nisi
1043 2821 1133 2863 alie
1164 2821 1253 2863 due
1284 2822 1505 2864 naciones
1534 2823 1731 2865 exirent.
1772 2822 1872 2864 Rex
1901 2824 2053 2865 autem

283 2892 367 2934 hoc
399 2892 596 2935 audiens
626 2892 860 2946 predictas
891 2893 1006 2935 duas
1035 2892 1256 2935 naciones
1285 2892 1417 2934 exire
1448 2892 1685 2936 mandavit
1713 2896 1758 2935 et
1789 2905 1922 2936 suum
1950 2904 2054 2934 con-

286 2962 440 3004 silium
463 2975 725 3006 remanere.
759 2963 922 3005 Adhuc
943 2976 1029 3017 pro
1049 2966 1182 3017 parte
1206 2963 1325 3006 dicte
1348 2964 1558 3007 nacionis
1580 2963 1821 3007 Gallicane
1843 2963 1934 3017 ipsi
1955 2961 2054 3016 regi

286 3033 453 3075 dictum
481 3037 564 3087 est,
591 3034 714 3087 quod
741 3034 788 3077 in
814 3034 1061 3088 presencia
1086 3034 1158 3076 sui
1185 3033 1366 3076 consilii
1392 3034 1534 3077 nichil
1562 3034 1829 3077 deliberare
1854 3033 2053 3087 volebat,
