2227 3434
619 191 658 228 C.
699 193 790 228 Acta
817 193 968 228 concilii
994 194 1063 228 des
1090 193 1132 228 G.
1160 194 1207 228 de
1235 195 1365 229 Turre.
1791 196 1876 239 363

228 310 313 353 Die
347 311 455 353 lune
488 313 620 353 sexta
654 311 762 353 Maii
795 310 987 354 fuerunt
1020 311 1161 355 missa
1195 315 1239 354 et
1272 324 1426 354 sermo
1459 313 1681 356 solemnis
1715 325 1800 366 per
1834 313 1875 354 d.

110 380 378 435 episcopum
413 381 833 424 Carcassonensem
867 382 913 423 in
944 383 1145 424 ecclesia
1178 382 1354 425 maiori.
1406 383 1457 424 In
1489 395 1579 436 qua
1612 382 1801 425 fuerunt
1834 384 1876 425 d.

110 450 376 505 imperator,
401 451 664 494 cardinales
689 452 849 494 decem
874 456 920 494 et
944 455 1138 505 septem,
1162 453 1331 506 prelati
1358 457 1405 495 et
1429 453 1509 496 alii
1534 453 1621 495 viri
1645 454 1877 496 notabiles

111 521 155 563 in
191 522 446 574 quantitate
480 522 612 576 quasi
647 522 992 565 innumerabili.
1040 523 1095 565 Et
1127 523 1217 566 fuit
1250 536 1403 566 sermo
1437 524 1495 566 ad
1529 524 1716 566 laudem
1750 525 1878 578 pacis

111 591 390 645 supradicte,
432 593 491 635 ad
530 593 908 635 exhortacionem
947 594 1135 636 unionis
1174 595 1371 636 ecclesie
1415 598 1459 637 et
1500 595 1547 636 in
1587 595 1718 637 brevi
1761 608 1878 637 com-

108 662 281 715 pendio
314 663 508 705 multum
541 663 798 716 solempnis
830 667 875 706 et
908 663 1172 707 fructuosus
1207 677 1373 707 sermo.
1419 664 1593 708 Thema
1626 678 1739 708 vero
1770 665 1874 707 fuit:

110 733 271 785 ‚Petite
295 737 342 776 et
364 733 612 787 accipietis,
636 737 685 776 ut
705 734 924 788 gaudium
948 738 1153 778 vestrum
1176 735 1368 789 plenum
1393 736 1512 790 sit!¹)
1550 736 1607 779 Et
1628 736 1877 779 celebratis

109 803 243 846 dictis
269 805 411 847 missa
436 808 480 847 et
505 817 720 847 sermone
745 805 833 848 fuit
857 805 978 848 facta
1002 805 1242 859 processio
1265 807 1314 848 in
1338 807 1539 849 claustro
1564 807 1710 860 ipsius
1735 807 1878 850 eccle-

110 874 178 916 sie
205 877 253 917 et
280 874 528 918 terminata
557 888 641 918 seu
669 874 807 919 finita
835 875 883 917 in
912 876 1033 919 dicta
1061 876 1272 919 ecclesia.

227 945 311 988 Die
343 947 503 989 martis
534 946 637 988 VII.
672 946 780 989 Maii
810 946 973 1000 plures
1004 946 1211 1000 magistri
1241 951 1286 989 et
1318 947 1529 991 doctores
1561 951 1879 990 convenerunt

110 1016 155 1057 in
186 1016 321 1059 domo
350 1016 697 1059 Predicatorum
727 1029 870 1071 super
898 1017 1169 1060 visitacione
1199 1019 1498 1061 articulorum
1529 1019 1586 1061 de
1614 1019 1807 1062 Wicleff
1834 1022 1879 1061 et

109 1086 241 1130 dictis
260 1087 468 1130 articulis
486 1088 830 1130 conclusionem
852 1088 1096 1142 dederunt,
1115 1092 1255 1142 prout
1275 1088 1476 1131 inferius
1491 1090 1615 1132 clare
1631 1090 1877 1132 videbitur.

232 1157 344 1200 Item
383 1157 457 1200 die
498 1159 716 1200 mercurii
754 1161 912 1202 octava
952 1159 1059 1201 dicti
1100 1159 1274 1202 mensis
1313 1159 1402 1202 fuit
1440 1159 1716 1213 ordinatum,
1756 1160 1878 1214 quod

110 1227 458 1283 burggraviusss)
496 1232 541 1271 et
576 1229 618 1271 d.
656 1229 992 1283 archiepiscopi
1030 1230 1301 1273 Bisuntinus
1336 1234 1381 1273 et
1417 1231 1630 1284 Rigensis
1666 1231 1788 1273 irent
1821 1231 1880 1273 ad

109 1311 278 1353 papam
307 1302 353 1342 et
382 1299 535 1353 ipsum
566 1299 865 1343 adducerent.

227 1370 313 1412 Die
350 1371 467 1413 iovis
502 1383 627 1413 nona
662 1371 770 1413 dicti
807 1372 983 1415 mensis
1019 1373 1066 1413 in
1103 1372 1225 1415 festo
1260 1372 1547 1416 ascensionis
1584 1373 1757 1415 domini
1792 1373 1880 1415 fuit

109 1440 250 1484 missa
278 1441 515 1495 solemnis,
543 1454 680 1495 quam
707 1442 962 1485 celebravit
988 1443 1030 1485 d.
1057 1443 1311 1486 cardinalis
1338 1443 1692 1486 Cameracensis
1714 1447 1762 1486 et
1788 1443 1879 1486 fra-

109 1514 180 1553 ter
207 1511 374 1556 Petrus
403 1512 460 1555 de
489 1512 721 1556 Versellis
749 1513 1016 1566 monachus,
1045 1514 1267 1568 magister
1293 1514 1340 1556 in
1369 1514 1615 1568 theologia,
1645 1514 1756 1557 fecit
1784 1527 1880 1557 ser-

109 1594 305 1625 monem.
349 1583 404 1625 Et
432 1582 625 1625 fuerunt
651 1587 899 1637 presentes
929 1584 1194 1637 imperator,
1224 1584 1512 1638 imperatrix,
1543 1585 1584 1626 d.
1616 1584 1879 1628 cardinales

110 1656 155 1696 et
188 1666 350 1696 omnes
384 1655 465 1697 alii
499 1654 556 1696 de
592 1654 785 1697 concilio
817 1656 1042 1708 generali.
1091 1655 1147 1698 Et
1180 1655 1261 1698 illa
1295 1655 1370 1698 die
1407 1659 1703 1698 recesserunt
1737 1669 1878 1710 supra

108 1725 347 1779 nominati,
379 1725 457 1779 qui
488 1724 680 1767 fuerunt
711 1725 911 1768 ordinati
943 1738 1030 1779 pro
1062 1726 1274 1768 ducendo
1305 1738 1487 1780 papam.
1533 1727 1588 1768 Et
1617 1730 1723 1780 post
1752 1727 1879 1780 ipsos

109 1794 487 1849 archiepiscopus
513 1796 772 1849 Remensis,
801 1797 877 1850 qui
905 1796 987 1839 illa
1014 1796 1088 1838 die
1115 1800 1322 1838 venerat.
1362 1797 1448 1839 Die
1475 1797 1662 1839 veneris
1689 1797 1743 1839 X.
1772 1797 1878 1839 dicti

109 1865 283 1909 mensis
311 1866 400 1908 fuit
426 1866 737 1909 deliberatum
765 1867 811 1908 in
840 1867 1114 1909 nacionibus
1141 1867 1198 1909 de
1227 1867 1563 1911 constituendis
1591 1872 1637 1911 et
1663 1868 1878 1911 creandis

110 1937 152 1978 in
184 1937 338 1990 prima
369 1937 578 1980 sessione
612 1936 871 1990 officiariis,
904 1938 1096 1980 notariis
1128 1938 1186 1980 ad
1217 1951 1488 1991 processum
1519 1941 1678 1981 contra
1709 1951 1878 1993 papam

110 2007 386 2062 inchoatum,
415 2007 681 2050 faciendum
710 2012 757 2050 et
785 2008 1142 2062 perficiendum,
1171 2012 1310 2062 prout
1339 2009 1510 2051 factum
1540 2009 1629 2051 fuit
1654 2013 1703 2051 et
1730 2009 1879 2063 publi—

109 2081 272 2132 catum,
298 2082 348 2121 ut
372 2077 497 2121 infra
522 2079 796 2121 continetur.

226 2149 312 2191 Die
352 2150 533 2193 sabbati
570 2150 647 2194 XI.
687 2150 897 2193 eiusdem
936 2150 1110 2193 mensis
1147 2150 1338 2193 fuerunt
1376 2151 1571 2194 advisati
1611 2154 1655 2193 et
1691 2151 1877 2194 formati

109 2221 221 2262 certi
246 2220 427 2263 articuli
451 2220 498 2262 in
520 2221 671 2274 prima
695 2221 905 2264 sessione
930 2221 1223 2275 proponendi
1246 2233 1333 2275 per
1354 2225 1682 2275 procuratores
1707 2225 1753 2264 et
1774 2234 1878 2275 pro-

110 2293 310 2334 motores
338 2290 446 2334 dicti
474 2292 655 2334 concilii
681 2294 840 2335 contra
864 2304 1035 2346 papam
1063 2326 1071 2334 .
1108 2326 1116 2333 .
1152 2326 1160 2334 .

227 2361 530 2417 Cardinalis²)
573 2362 871 2406 Florentinus
909 2375 1105 2416 surgens
1141 2364 1399 2416 proposuit,
1440 2397 1447 2405 .
1484 2398 1491 2405 .
1528 2398 1535 2405 .
1575 2363 1698 2417 quod
1733 2364 1879 2406 nollet

109 2445 349 2475 assumere
374 2433 639 2477 huiusmodi
664 2433 972 2486 procuratorii
1000 2446 1117 2476 onus
1142 2434 1234 2476 nisi
1261 2434 1389 2476 iuxta
1415 2434 1522 2476 dicti
1549 2434 1730 2476 concilii
1757 2434 1877 2477 ordi-

108 2503 364 2557 nacionem,
394 2507 445 2546 ut
475 2502 718 2558 dicebat¹'),
749 2504 1014 2558 dictumque
1046 2505 1416 2558 procuratorium
1451 2506 1497 2546 in
1531 2517 1670 2547 manu
1701 2518 1784 2547 sua
1815 2508 1878 2547 te-

107 2586 226 2617 nens
256 2573 429 2617 ibidem
460 2575 675 2618 ostendit.
718 2575 815 2617 Non
846 2578 1001 2618 tamen
1033 2575 1168 2618 aliter
1200 2575 1284 2630 ide)
1319 2575 1538 2629 produxit
1568 2588 1652 2618 nec
1684 2576 1876 2618 notariis

108 2644 310 2688 tradidit.

213 2798 244 2832 a)
269 2798 312 2825 He
333 2797 542 2832 puberavins.
601 2799 630 2830 1))
654 2800 688 2824 ut
709 2798 738 2824 ‹1-
762 2799 792 2825 in
819 2799 862 2824 Ila
883 2800 947 2824 esunt
968 2799 1048 2825 nach
1073 2801 1196 2825 tvnens.
1253 2805 1281 2824 c·
1305 2799 1349 2825 lIs
1370 2805 1452 2824 cum.

228 2860 240 2880 ¹
287 2858 344 2893 Jo.
418 2885 426 2900 ‚
474 2859 506 2893 4.
1809 2892 1812 2894 .

228 2858 260 2959 ²}
286 2859 478 2952 AusIZengi
504 2917 652 2951 Berich!
678 2918 772 2952 iiber
794 2918 858 2952 die
882 2917 1009 2951 Sessio
1032 2917 1225 2960 yeneralis
1249 2926 1322 2951 von
1347 2917 1436 2952 1415
1459 2916 1553 2950 Maii
1583 2918 1623 2952 13
1646 2916 1693 2950 ist
1720 2926 1790 2949 nur
1817 2915 1875 2948 be-

110 2974 386 3010 merkenswert
412 2975 476 3009 die
503 2975 779 3010 Anwesenheit
807 2975 905 3010 aller
934 2976 976 3010 17
1002 2973 1215 3009 Kardiniile
1242 2975 1320 3009 und
1348 2973 1626 3016 nachrolyende
1653 2972 1875 3015 Erqiinzunq

108 3041 174 3066 zur
207 3031 521 3076 Stellunynahme
554 3033 777 3067 Zabarellas
811 3033 1060 3077 yeleqentlich
1097 3033 1227 3068 seiner
1261 3032 1493 3076 Ernennunq
1526 3041 1611 3066 zum
1643 3030 1875 3066 Prokuralor

107 3089 189 3127 Joh.
218 3089 358 3130 ΧΧΙΙΙ,
