2227 3434
281 101 564 137 Undatierbare
595 102 670 135 und
702 99 904 134 unsichere
936 99 1173 134 Konstanzer
1201 98 1407 142 Predigten
1437 99 1514 133 und
1545 98 1686 133 Reden.
1784 97 1866 141 531

98 220 333 275 giendum,
364 219 555 261 brachia
586 222 781 261 extensa
812 218 870 261 ad
902 217 1278 270 amplexandum,
1309 216 1456 270 pedes
1488 216 1779 258 conclavatos
1812 215 1869 257 ad

100 290 439 343 sustinendum,
461 293 604 332 totum
626 301 794 342 corpus
816 288 1090 341 dispositum
1114 287 1172 330 ad
1193 287 1532 329 redimendum.
1567 287 1675 339 Hec,
1699 289 1869 339 quanta

101 362 205 416 sint,
235 361 449 415 cogitate3
483 361 582 413 hec,
615 363 786 413 quanta
820 359 922 411 sint,
956 360 1003 400 in
1037 362 1210 400 statera
1242 357 1395 400 cordis
1426 358 1568 399 vestri
1603 356 1869 410 appendite,

100 436 147 475 ut
176 435 297 475 totus
328 432 454 473 orbis
486 431 717 484 figuratur
747 430 793 471 in
822 429 976 482 corde,
1008 429 1086 482 qui
1117 432 1237 470 totus
1267 441 1353 481 pro
1382 428 1517 470 nobis
1548 428 1635 470 i'uit
1665 427 1790 469 fixus
1822 428 1870 469 in

100 515 249 545 cruce.

167 618 170 621 ,
216 573 441 616 Omnibus
468 572 774 614 consideratis
801 571 969 612 melius
995 574 1066 612 est
1093 570 1150 612 ad
1176 570 1405 622 virginem
1430 570 1691 623 plorantem
1718 581 1870 611 recur-

100 656 221 698 rere,
261 656 350 697 que
392 644 490 686 suis
528 642 722 686 fletibus
761 641 896 683 nobis
937 640 1109 682 indicet
1149 640 1219 682 sui
1259 640 1349 681 filii
1388 641 1671 693 passionem.
1730 639 1870 692 Igitur

102 728 233 758 sacra
272 715 402 768 virgo
441 715 576 757 nobis
615 713 781 766 indica,
821 712 932 766 quid
972 724 1083 765 erga
1123 715 1251 753 tuum
1291 710 1443 752 filium
1483 714 1632 753 actum
1673 711 1731 753 sit
1772 744 1780 752 .

99 787 354 829 Veritatem
380 786 519 828 huius
546 783 780 838 passionis
807 783 942 825 nobis
970 795 1111 824 narra
1139 816 1146 824 .
1183 816 1190 823 .
1227 816 1235 824 .
1276 781 1415 823 Venit
1448 781 1702 835 [Christus]
1738 781 1870 823 Jeru-

101 858 248 900 salem
290 856 460 900 sedens
503 868 644 908 super
687 854 864 897 asinam
908 888 916 895 .
952 887 960 895 .
996 887 1004 895 .
1046 856 1092 895 et
1130 852 1390 895 honorifice
1433 855 1677 905 susceptus
1715 855 1786 895 est
1827 854 1871 892 et

101 929 281 970 intrans
314 927 538 980 templum
571 926 707 968 eiecit
739 937 902 967 omnes
935 928 979 966 et
1013 927 1119 965 tunc
1154 935 1377 976 vesperas
1412 923 1550 964 rediit
1584 921 1869 964 Bethaniam.

100 999 264 1040 Tercia
295 997 498 1040 secunda
530 996 667 1039 rediit
688 996 995 1054 >tIherusalem
1026 994 1156 1036 filius
1188 1006 1333 1046 meus,
1366 994 1428 1035 ibi
1462 1006 1520 1035 ex
1552 992 1871 1034 misericordia

101 1082 184 1112 sua
211 1069 409 1112 absolvit
438 1068 697 1110 adulteram
725 1070 769 1108 et
799 1078 905 1109 sero
932 1065 1070 1107 rediit
1095 1064 1383 1106 Bethaniam.
1425 1064 1457 1105 F
1461 1065 1562 1106 eria
1591 1076 1702 1105 vero
1729 1062 1870 1105 tercia

101 1140 305 1182 introivit
336 1140 504 1181 iterum
537 1139 583 1180 in
615 1138 840 1190 templum
870 1136 1167 1178 Jherusalem
1200 1139 1245 1177 et
1278 1133 1405 1176 dixit.
1449 1135 1547 1176 Non
1579 1134 1871 1186 relinquetur

101 1211 223 1264 lapis
245 1222 388 1263 super
412 1209 630 1262 lapidem,
653 1212 698 1250 et
723 1209 843 1250 inter
867 1207 976 1250 alia:
1015 1207 1113 1248 Non
1137 1219 1208 1247 me
1233 1205 1450 1247 videbitis
1474 1204 1700 1257 ammodo,
1723 1204 1870 1246 donec

101 1281 279 1324 dicatis:
314 1280 593 1322 Benedictus
614 1280 693 1333 qui
713 1278 839 1321 venit
859 1282 943 1320 etc.
977 1278 1187 1330 Vespere
1210 1280 1363 1319 autem
1385 1276 1528 1318 exivit
1548 1288 1651 1317 cum
1673 1275 1870 1329 discipu-

100 1353 159 1396 lis
184 1353 232 1394 in
258 1355 460 1394 montem
486 1350 680 1404 Olyveti‚
708 1350 787 1392 ubi
814 1349 883 1392 eis
909 1348 1114 1403 predixit
1141 1351 1387 1390 venturum
1414 1346 1647 1388 iudicium.
1687 1346 1742 1388 Et
1769 1358 1870 1387 cum

100 1423 231 1466 filius
268 1434 400 1465 meus
436 1424 804 1464 consummasset
842 1431 1084 1462 sermones
1122 1419 1228 1461 illos
1267 1418 1384 1460 dixit
1422 1418 1508 1460 eis:
1562 1416 1729 1459 Scitote
1767 1415 1869 1469 filii,

100 1494 209 1548 quia
225 1497 334 1548 post
355 1493 458 1536 dies
479 1496 694 1546 quattuor
715 1491 889 1545 pascha
910 1490 994 1533 fiet
1016 1493 1061 1532 et
1083 1502 1170 1543 ego
1189 1489 1348 1531 tradar
1369 1492 1415 1530 et
1436 1487 1698 1541 crucifigar.
1734 1486 1870 1528 Feria

100 1568 252 1609 autem
285 1567 450 1618 quarta
481 1563 613 1606 filius
648 1575 781 1605 meus
811 1574 905 1604 non
937 1562 1133 1604 recessit
1166 1574 1191 1602 a
1225 1573 1313 1612 me,
1345 1563 1417 1602 set
1449 1558 1675 1601 remansit
1706 1557 1870 1600 Betha-

97 1636 176 1679 nie
202 1639 249 1678 et
275 1635 417 1677 credo
442 1648 503 1677 ex
529 1634 765 1687 passione,
794 1645 931 1686 quam
960 1633 1100 1674 habet
1128 1631 1188 1673 ad
1214 1643 1301 1672 me.
1341 1631 1441 1672 Non
1467 1633 1623 1672 tamen
1652 1628 1870 1671 indicavit

100 1707 147 1748 in
170 1706 326 1759 aliquo
346 1705 485 1748 michi
507 1718 584 1747 cor
606 1717 754 1757 suum,
777 1704 897 1746 forte
921 1715 980 1744 ne
1004 1715 1077 1744 me
1100 1702 1300 1755 amplius
1323 1701 1689 1743 contristaretur.
1726 1699 1870 1742 Cena-

99 1777 161 1820 vit
184 1789 296 1831 ergo
319 1788 498 1818 mecum
522 1775 684 1817 ultimo
708 1774 891 1817 dilictus
915 1786 1047 1816 meus
1071 1776 1117 1815 et
1141 1785 1226 1825 ego
1251 1773 1423 1814 misera
1448 1771 1715 1814 nesciebam
1741 1771 1869 1812 illam

96 1847 307 1890 ultimam
335 1846 646 1888 refeccionem
676 1857 795 1898 esse,
824 1857 962 1898 quam
991 1856 1223 1887 summere
1253 1843 1476 1884 deberem
1505 1854 1606 1883 cum
1637 1842 1751 1894 ipso.
1792 1840 1870 1882 Set

98 1921 253 1961 tamen
288 1931 369 1961 cor
402 1930 557 1960 meum
593 1916 836 1959 contritum
877 1916 923 1957 in
960 1927 1033 1957 me
1071 1914 1273 1968 agitabat
1308 1926 1393 1955 nec
1432 1912 1623 1955 sarciari
1659 1915 1869 1965 poteram

98 2002 204 2032 eum
227 1989 413 2032 intueri.
450 1989 518 2030 De
542 2000 633 2041 quo
655 1986 779 2029 infra
803 1999 876 2029 me
902 1987 1050 2040 ipsam
1075 1998 1168 2027 non
1192 1984 1372 2026 modico
1395 1983 1614 2026 mirabar.
1650 1983 1766 2034 Quia
1787 1981 1868 2035 igi-

97 2063 171 2104 tur
191 2059 429 2114 principes
452 2058 744 2101 sacerdotum
769 2057 1015 2100 audierant
1037 2056 1190 2098 filium
1215 2068 1368 2097 meum
1392 2054 1640 2097 dicentem:
1678 2065 1771 2095 non
1793 2064 1866 2094 me

97 2130 314 2174 videbitis
355 2129 570 2183 amplius,
612 2131 844 2182 putantes,
885 2127 1009 2181 quod
1049 2126 1193 2169 vellet
1234 2126 1414 2179 fugere,
1457 2123 1720 2178 congregati
1762 2125 1868 2166 sunt

97 2201 217 2244 feria
255 2201 430 2244 scilicet
468 2203 631 2253 quarta
668 2199 877 2253 predicta
916 2198 963 2240 in
1002 2197 1138 2240 domo
1176 2196 1364 2250 Cayphe
1405 2194 1724 2237 deliberantes
1761 2205 1866 2235 eum

97 2283 280 2326 capere,
309 2274 357 2314 ut
386 2270 668 2322 occiderent;
700 2269 915 2311 dicebant
944 2271 1114 2310 autem:
1157 2279 1251 2309 non
1279 2266 1326 2308 in
1356 2266 1430 2308 die
1460 2265 1595 2308 festo.
1636 2264 1866 2315 Sciebant,

98 2342 220 2396 quod
245 2342 376 2384 filius
401 2353 533 2384 meus
560 2340 840 2393 diligebatur
866 2352 891 2382 a
915 2339 1091 2392 populo
1117 2341 1161 2380 et
1186 2337 1293 2379 ideo
1316 2336 1542 2379 timebant
1568 2335 1675 2377 fieri
1702 2334 1867 2377 tumul-

96 2415 191 2455 tum
219 2412 266 2455 in
294 2412 469 2466 populo
497 2445 506 2454 .
541 2445 550 2453 .

220 2482 380 2537 [Feria
409 2481 588 2537 quinta]
639 2481 752 2524 Cum
780 2493 891 2534 ergo
922 2481 1141 2522 intrasset
1170 2482 1319 2520 ortum
1348 2482 1394 2520 et
1421 2477 1536 2519 hora
1567 2479 1691 2519 esset
1719 2474 1866 2527 tarda,

98 2565 184 2608 ego
208 2553 376 2596 infelix
400 2565 486 2607 pre
510 2552 662 2595 cordis
688 2551 900 2605 angustia
924 2550 1025 2603 cepi
1050 2550 1245 2592 cruciari
1273 2583 1281 2590 .
1317 2582 1326 2590 .
1361 2582 1370 2590 .
1409 2548 1597 2590 anxiata
1621 2546 1723 2589 eius
1747 2544 1866 2587 redi-

97 2626 192 2666 tum
227 2624 571 2677 exspectabam.
621 2623 675 2664 Et
710 2634 811 2664 cum
850 2621 913 2663 sic
951 2620 1121 2662 misera
1159 2619 1426 2661 stimularer
1460 2617 1640 2670 timore,
1678 2615 1865 2669 quidam

97 2706 157 2736 ex
184 2694 288 2738 eius
318 2693 562 2747 discipulis
592 2693 651 2735 ad
681 2705 753 2734 me
785 2691 924 2744 venit,
956 2691 1033 2744 qui
1065 2690 1264 2732 dicebat:
1309 2688 1441 2741 Quid,
1474 2687 1634 2740 inquit,
1666 2686 1865 2736 domina,

56 2777 58 2779 ·
98 2764 402 2818 prestolaris‘?
452 2763 536 2807 Vis
570 2775 690 2805 nova
725 2763 782 2804 de
819 2762 924 2804 filio
958 2766 1036 2805 tuo
1072 2764 1116 2802 et
1152 2760 1338 2802 domino
1372 2761 1530 2801 nostro
1565 2761 1611 2799 et
1646 2756 1865 2809 magistro

99 2833 290 2877 audire‘.>
340 2834 444 2888 Ipse
476 2837 545 2877 est
573 2833 711 2876 hodie
741 2831 998 2875 tradendus
1028 2844 1054 2874 a
1084 2844 1168 2874 suo
1196 2829 1427 2882 discipulo
1457 2829 1503 2870 in
1533 2839 1698 2869 manus
1727 2825 1865 2868 Jude-

100 2917 245 2958 orum,
275 2908 325 2947 ut
356 2904 492 2947 nobis
526 2905 571 2945 in
603 2916 718 2946 cena
751 2902 968 2956 predixit,
1002 2914 1087 2943 nec
1119 2913 1204 2954 pro
1236 2903 1362 2942 certo
1395 2901 1465 2941 est
1497 2898 1697 2950 amplius
1730 2895 1787 2938 ad
1819 2898 1863 2937 te

99 2987 390 3018 reversurus.
435 2974 566 3025 Quod
600 2973 796 3016 audiens
828 2972 949 3025 cepit
980 2985 1059 3014 cor
1093 2983 1245 3013 meum
1278 2982 1365 3023 per
1398 2969 1490 3011 duo
1523 2967 1673 3010 iacula
1705 2966 1863 3007 vulne-

1572 3047 1653 3088 34*
