2102 3444
249 127 334 170 276
786 127 810 161 1.
839 126 1048 162 Abschnitt.
1087 127 1487 171 Konzilstagebiicher.

252 248 322 287 est
343 245 597 298 ingressus.
634 244 716 287 Cui
737 245 899 298 plures
921 245 1097 287 familie
1121 245 1441 300 cardinalium,
1462 247 1631 300 prelati
1653 250 1697 288 et
1720 247 1798 289 alii
1821 246 1869 289 in
1889 259 2021 290 sacro

252 316 444 358 concilio
483 316 832 358 Constanciensi
874 316 1130 359 existentes
1167 317 1486 359 obviaverunt.

370 387 455 428 Die
504 387 611 428 lune
661 387 864 429 secunda
912 387 1086 430 mensis
1138 387 1285 429 Martii
1332 388 1377 430 in
1423 389 1609 441 publica
1657 389 2022 442 congregacione

252 467 482 498 rev¹1¹0ru111
516 471 559 511 p.
593 458 634 499 d.
668 461 824 500 sancte
856 458 906 499 R.
940 471 979 500 e.
1014 458 1334 513 cardinalium,
1368 461 1694 512 episcoporum
1727 463 1772 502 et
1804 459 2021 502 abbatum

252 529 296 569 in
328 541 458 572 sacro
487 522 679 570 concilio
709 528 1060 571 Constanciensi
1091 530 1389 572 existentium
1421 531 1540 573 facta
1570 531 1615 571 in
1645 531 1843 573 ecclesia
1872 530 2023 573 cathe-

252 599 370 642 drali
406 599 757 642 Constanciensi
792 600 838 641 in
874 601 972 642 loco
1005 604 1225 643 consueto
1258 602 1470 654 prefatus
1505 604 1659 643 orator
1694 614 1824 643 suam
1859 601 2022 655 legaci-

252 683 387 712 onem
411 671 630 723 exposuit
651 683 736 724 per
761 671 946 712 modum
972 684 1068 713 ora(
1083 671 1215 724 ionis,
1239 676 1287 714 ut
1312 674 1539 725 sequitur:

369 741 565 795 Optabat
588 741 847 794 imperialis
871 743 952 784 illa
977 743 1210 795 maiestas,
1235 756 1324 796 que
1350 757 1375 785 a
1400 743 1671 786 clarissimis
1696 743 1929 797 Aragonie
1953 755 2023 785 re-

251 813 398 865 gibus,
424 816 657 865 tamquam
682 813 738 854 de
764 813 975 856 mineriis
1000 814 1156 856 aureis
1181 814 1227 855 in
1252 815 1364 856 orbe
1390 814 1703 866 rutilantibus,
1728 814 1845 856 felix
1871 827 2023 867 sump-

252 885 311 926 sit
330 883 588 936 exordium,
609 896 693 925 rex
715 884 982 937 Aragonum
1003 885 1320 938 magnificus¹)
1347 919 1354 927 .
1390 919 1398 926 .
1435 919 1443 927 .

368 953 492 1008 Quis,
528 954 736 1008 obsecro,
772 968 932 1008 regum
967 956 1231 997 mortalium
1265 969 1375 1009 erga
1412 959 1615 998 sanctam
1652 959 1845 998 matrem
1878 957 2023 998 eccle-

252 1026 367 1068 siam
403 1025 598 1068 dulciori
633 1027 735 1068 zelo
769 1026 939 1068 amoris
975 1026 1227 1069 inardescit
1264 1027 1448 1080 ignibus
1483 1027 1687 1070 caritatis
1723 1027 2021 1069 flammatus?

250 1097 386 1151 Apud
417 1109 554 1150 quem
585 1100 703 1139 teste
734 1098 832 1139 Deo
862 1098 927 1139 nil
959 1097 1224 1150 optabilius,
1256 1099 1321 1139 nil
1354 1099 1660 1151 prestancius,
1691 1098 1757 1140 nil
1790 1098 2022 1150 devocius,

251 1168 316 1209 nil
357 1180 557 1221 quoque,
599 1168 722 1221 quod
762 1169 963 1221 amplius
1004 1182 1085 1211 sue
1126 1170 1370 1211 conveniat
1411 1169 1602 1222 caritati,
1644 1182 1781 1223 quam
1823 1169 2023 1223 lugentis

253 1252 423 1293 sponse
477 1243 662 1292 tergere
717 1240 932 1282 lacrimas
973 1243 1110 1293 atque
1152 1240 1362 1282 eiusdem
1406 1240 1711 1282 multifarium
1755 1240 2022 1283 distractum

251 1311 444 1364 pallium
481 1311 894 1364 providentissima
928 1315 974 1353 et
1010 1324 1210 1364 operosa
1246 1315 1344 1353 arte
1382 1324 1609 1354 consuere
1647 1311 1896 1364 oblitisque
1931 1314 2023 1354 tam

250 1382 520 1424 venerande
562 1383 820 1424 maiestatis
862 1382 1180 1436 languoribus,
1223 1382 1588 1435 infirmitatibus,
1629 1382 1932 1425 incommodis
1972 1394 2023 1424 ac

250 1452 604 1506 calamitatibus,
652 1452 929 1506 perniciosis
975 1452 1253 1506 incursibus,
1304 1466 1392 1506 que
1441 1454 1580 1495 etiam
1628 1454 2023 1496 fortunatissimos

253 1536 398 1566 annos
435 1524 651 1577 obruunt,
689 1524 866 1566 viribus
904 1537 997 1566 non
1034 1524 1280 1567 submissis
1318 1525 1590 1577 meritisque
1629 1524 2024 1566 eminencioribus

252 1596 518 1648 precellens
552 1594 750 1637 viriliter
785 1595 1036 1648 dimicavit,
1073 1608 1236 1638 rursus
1271 1595 1498 1638 adversus
1532 1595 1799 1648 opinionem
1833 1595 2026 1638 durissi-

252 1679 373 1708 mam
405 1666 548 1719 =illius,
586 1679 723 1720 quem
758 1670 851 1709 tota
884 1666 1140 1709 devocione
1177 1667 1224 1708 in
1261 1679 1490 1708 summum
1525 1667 1706 1708 colebat
1739 1665 2024 1720 pontificem,

253 1750 433 1779 murum
466 1750 515 1780 se
547 1750 804 1791 opponens,
836 1737 987 1780 audeo
1019 1737 1193 1790 dicere3
1229 1741 1385 1780 cetera
1415 1737 1542 1780 illius
1575 1737 1848 1780 obediencie
1881 1748 2025 1790 regna

254 1808 312 1850 ad
332 1808 474 1851 vestri
496 1808 787 1851 concordiam
809 1808 1062 1851 salubriter
1083 1808 1224 1850 traxit
1245 1842 1253 1850 .
1289 1842 1297 1850 .
1333 1846 1340 1852 .

370 1879 533 1922 Sermo
557 1880 705 1922 factus
729 1892 816 1933 per
840 1892 913 1921 me
940 1879 1162 1922 Jacobum
1189 1880 1246 1921 de
1274 1879 1480 1932 Camplo,
1505 1880 1702 1921 electum
1729 1879 2024 1921 Pennensem

253 1953 297 1993 et
321 1952 440 1993 sacri
463 1950 631 2004 palacii
657 1951 897 2004 apostolici
923 1963 1166 1993 causarum
1193 1951 1452 1992 auditorem
1478 1950 1525 1992 in
1551 1950 1627 1992 die
1651 1949 1859 1992 cinerum
1883 1949 1930 1992 in
1954 1961 2025 1991 ec-

252 2022 395 2064 clesia
442 2021 808 2074 Constanciensi,
858 2021 1122 2074 Maguntine
1169 2021 1422 2074 provincie,
1470 2021 1728 2064 astantibus
1773 2020 1934 2062 decem
1981 2022 2025 2062 et

253 2097 431 2145 septem
463 2092 664 2135 dominis
696 2105 730 2135 s.
762 2092 811 2134 R.
845 2105 884 2134 e.
917 2092 1234 2134 cardinalibus
1268 2092 1452 2145 aliaque
1484 2092 1771 2145 prelatorum
1803 2095 1849 2134 et
1879 2091 2025 2133 curia-

253 2163 363 2205 lium
398 2163 693 2206 multitudine
729 2164 915 2216 copiosa
949 2167 1055 2205 tunc
1090 2167 1472 2216 congregatorum
1506 2163 1553 2204 in
1587 2162 1781 2205 concilio
1812 2162 2022 2216 generali

252 2234 505 2287 apostolica
534 2234 645 2276 sede
674 2237 866 2276 vacante
897 2234 1017 2276 intra
1047 2235 1295 2276 missarum
1325 2235 1553 2276 solemnia
1583 2234 1669 2277 sub
1698 2246 1820 2276 anno
1850 2232 2023 2275 domini

254 2305 501 2347 millesimo
535 2304 795 2347 CCCCXVI
829 2305 902 2346 die
937 2308 1100 2358 quarta
1134 2305 1307 2347 mensis
1342 2305 1493 2347 Martii
1527 2304 1778 2346 indictione
1809 2303 1964 2346 VIIII.

370 2376 438 2418 Tu
469 2379 620 2418 autem
653 2388 753 2418 cum
787 2376 982 2427 ieiunas,
1013 2388 1134 2428 unge
1166 2379 1301 2429 caput
1333 2378 1459 2417 tuum
1491 2379 1536 2417 et
1566 2375 1733 2417 faciem
1763 2378 1888 2417 tuam
1920 2375 2023 2417 lava

258 2447 425 2489 Mathei
449 2447 590 2500 Vlc2)
621 2450 665 2488 et
692 2447 739 2488 in
766 2447 1024 2499 ewangelio
1050 2446 1290 2488 hodierno.

370 2518 483 2561 Cum
515 2517 644 2560 rudis
675 2517 890 2571 agricola,
921 2517 1149 2570 insipiens
1181 2513 1455 2559 architector
1485 2520 1529 2559 et
1560 2517 1691 2558 verbi
1724 2516 1810 2558 Dei
1839 2515 2023 2558 insuffi-

252 2591 379 2632 ciens
402 2588 667 2642 predicator
686 2588 897 2642 existam,
919 2600 1031 2630 vera
1053 2588 1142 2629 fari
1166 2600 1258 2629 non
1280 2588 1443 2630 valens
1465 2600 1618 2640 neque
1641 2587 1812 2629 bonum
1835 2585 2022 2640 aliquod

252 2660 454 2713 operari,
485 2659 576 2701 nisi
610 2657 794 2701 adiutus
828 2658 912 2701 sim
946 2658 1004 2700 ab
1037 2671 1106 2711 eo,
1140 2658 1216 2711 qui
1249 2661 1319 2700 est
1352 2671 1531 2700 summa
1564 2658 1816 2711 sapiencia,
1851 2657 2022 2699 metho-

252 2731 415 2773 dorum
441 2730 698 2783 methodus,
725 2730 1042 2771 dimensorum
1069 2729 1282 2781 ambitus,
1307 2741 1607 2771 numerorum
1634 2729 1853 2781 calculus,
1878 2727 2022 2770 disso-

252 2814 416 2843 norum
441 2801 682 2853 terminus,
710 2813 851 2843 sonus
878 2804 923 2842 et
948 2800 1076 2853 origo
1102 2800 1328 2842 bonorum
1356 2800 1575 2853 omnium,
1601 2802 1816 2853 potenter
1842 2810 2020 2849 creans,

370 2920 400 2959 ¹)
438 2918 834 2959 iiberschvnvnslliches
868 2918 945 2951 Lol>
978 2917 1043 2960 anf
1073 2917 1136 2950 die
1179 2917 1399 2951 l'erdipnste
1429 2918 1498 2950 (les
1531 2915 1675 2959 Koniys
1706 2916 1926 2950 Perdinand
1956 2922 2021 2948 um

253 2978 314 3009 die
343 2977 485 3018 Union,
513 2977 676 3010 sachlich
706 2977 870 3010 «avernos.

370 3037 401 3073 2)
431 3033 560 3068 Matth.
587 3036 618 3075 6,
645 3036 697 3069 17.
