2102 3444
154 160 238 202 46⁶2
512 161 554 195 ll.
587 161 796 196 Abschnilt.
841 164 1045 196 Sermones
1075 162 1224 197 concilii
1257 163 1575 201 Constanciensis.

156 278 367 320 navicula
409 280 544 332 longa
585 283 859 332 tempestate
899 285 1206 333 conquassata
1245 283 1540 326 committitur
1578 285 1844 337 reparanda
1881 288 1927 328 et

157 349 213 390 ad
245 349 428 391 unionis
458 351 759 403 tranquillum
791 351 992 392 feliciter
1020 352 1339 405 gubernanda.
1384 354 1450 396 De
1480 354 1570 397 hiis
1599 355 1794 409 duobus,
1824 368 1927 410 pre-

157 420 425 462 stantissimi
453 421 641 471 domini,
666 421 841 463 institui
868 422 1189 476 principaliter
1214 424 1482 466 subinferre
1509 438 1786 468 sermonem.
1824 427 1927 468 Exi-

156 491 290 531 stimo
338 490 461 533 enim
511 492 744 545 religioso,
793 496 951 534 vetere
999 494 1090 535 ritu
1136 495 1329 536 verbum
1380 495 1463 536 Dei
1513 496 1633 538 inter
1681 497 1926 539 missarum

157 562 415 614 solempnia
439 562 787 616 predicandum,
808 564 931 616 quod
952 568 1132 607 mentes
1153 565 1356 618 edificet,
1378 567 1500 619 quod
1521 571 1811 622 compungat,
1832 570 1927 611 ani-

158 637 248 674 met
286 638 329 675 et
368 634 562 675 virtutes
601 634 807 676 retrahat
847 636 904 677 ab
941 636 1215 678 excessibus
1251 640 1295 678 et
1334 637 1392 679 ad
1429 638 1670 680 celestium
1709 639 1928 682 accendat

157 716 378 755 amorem3
412 705 605 746 alterius
635 705 822 756 generis
853 706 979 748 iuxta
1009 719 1171 749 earum
1201 708 1489 761 exigenciam
1520 709 1632 751 locis
1663 710 1751 752 sibi
1783 711 1928 764 magis

156 775 369 827 congruis
400 774 669 818 differenda
700 810 707 817 .
744 811 752 818 .
789 810 796 818 .

156 904 333 955 August
369 905 484 947 nach
520 906 622 947 deni
659 905 726 948 30.
799 934 845 937 —
926 907 1253 949 Vertreter
1303 908 1413 949 cler
1465 909 1927 952 italienische'n

505 977 784 1031 Nation.¹)

275 1058 397 1090 Ἰ’(’.ι·1
419 1068 428 1091 .·
477 1058 693 1093 Barcelona.
725 1059 982 1101 Ix'ronarcht'z·;
1017 1059 1179 1094 Kasion:
1213 1060 1451 1095 Romanam·
1482 1061 1628 1096 Κονιεῖῖ.

278 1130 325 1170 ln
361 1130 548 1172 nomine
588 1130 761 1172 domini
798 1131 944 1172 ,Jhesu
982 1132 1167 1174 Christi.
1222 1132 1465 1185 Magnifice
1501 1134 1711 1188 comes,²)
1753 1136 1928 1187 specta-

159 1200 274 1242 biles
310 1200 498 1253 domini,
534 1201 745 1243 doctores
780 1202 955 1255 egregii
990 1207 1037 1245 et
1072 1203 1150 1244 alii
1186 1203 1303 1245 docti
1340 1204 1441 1246 viri.
1490 1203 1928 1254 Reverendissimis,

155 1272 442 1324 reverendis,
483 1273 928 1326 venerabilibusque
968 1274 1177 1327 prelatis,
1217 1275 1481 1316 doctoribus
1522 1276 1784 1328 ceterisque
1823 1288 1928 1328 sup-

156 1343 317 1394 positis
342 1347 500 1385 nostre
526 1343 703 1385 Ytalice
729 1343 937 1387 nacionis
960 1345 1152 1397 grandis
1176 1348 1246 1387 est
1270 1348 1432 1387 exorta
1457 1346 1624 1399 leticia,
1649 1359 1750 1387 cum
1776 1345 1928 1388 illuxit

156 1413 256 1455 dies
297 1427 458 1455 eorum
499 1415 616 1456 votis
657 1427 844 1468 semper
884 1418 1081 1468 optatus,
1122 1428 1212 1469 quo
1254 1416 1626 1459 dominacionum
1667 1420 1926 1459 vestr-arum

155 1484 380 1527 adventus
410 1485 635 1528 iocundus
667 1486 876 1528 innotuit.
920 1487 1154 1540 Exultant,
1185 1488 1293 1540 quia
1323 1487 1448 1530 viros
1478 1487 1700 1540 preconio
1727 1486 1927 1530 nominis

156 1556 276 1609 boni,
310 1557 460 1599 claros
495 1560 540 1598 et
570 1557 687 1599 fidei
721 1570 772 1599 ac
804 1558 986 1600 virtutis
1020 1558 1199 1601 meritis
1232 1559 1462 1612 gloriosos
1495 1558 1759 1612 percipiunt
1792 1559 1928 1601 adve-

157 1628 282 1668 nisse
308 1662 315 1669 .
352 1661 359 1669 .
396 1662 403 1669 .
446 1628 556 1670 Inde
581 1628 795 1671 referunt
817 1629 916 1671 Deo
940 1629 1105 1672 laudes
1128 1632 1173 1672 et
1196 1630 1254 1671 ob
1278 1630 1363 1671 hoc
1385 1629 1607 1672 eximium
1631 1630 1732 1672 eius
1755 1629 1926 1672 donum

153 1698 413 1750 graciarum
449 1699 690 1741 celebrant
727 1699 944 1742 actiones.
994 1700 1063 1742 Ex
1098 1701 1182 1742 hac
1216 1700 1498 1743 exuberanti
1534 1700 1689 1743 leticia
1723 1700 1926 1743 domina-

154 1769 309 1812 ciones
342 1773 522 1812 vestras
554 1770 828 1824 magnificas
862 1774 908 1813 et
939 1771 1220 1824 spectabiles
1253 1780 1339 1824 per
1372 1771 1660 1815 reverendos
1691 1774 1853 1825 patres
1881 1774 1926 1814 et

155 1840 364 1883 dominos
389 1853 516 1883 meos
542 1842 754 1884 dominos
777 1842 1178 1894 prothonotarium
1205 1842 1506 1896 Januensem,
1531 1843 1801 1896 episcopum
1827 1842 1926 1885 Fel-

154 1914 372 1964 trensem,
411 1912 625 1954 abbatem
663 1913 983 1955 Florentinum
1021 1926 1187 1966 meque
1222 1914 1455 1956 tantillum
1493 1913 1690 1956 iocunde
1725 1913 1925 1965 visitant,

153 1985 247 2024 toto
268 1983 419 2024 cordis
442 1982 615 2025 affectu
638 1985 839 2026 salutant
861 1987 906 2026 et
929 1998 977 2026 se
1001 1988 1046 2026 et
1066 1997 1136 2037 ea,
1159 1997 1248 2037 que
1270 1997 1431 2026 eorum
1454 1987 1574 2038 sunt,
1596 1984 1806 2026 offerunt
1824 1996 1924 2038 gra-

155 2052 275 2095 ciose
302 2087 309 2095 .
346 2088 353 2095 .
390 2088 397 2095 .
436 2055 503 2095 Ex
528 2054 700 2107 duplici
724 2067 876 2107 causa,
902 2055 939 2098 si
963 2055 1084 2097 bene
1109 2055 1331 2109 concipio,
1356 2056 1730 2098 dominacionum
1752 2057 1925 2097 vestra-

155 2137 255 2165 rum
299 2125 525 2167 adventus
568 2129 772 2168 nostram
815 2127 1058 2168 nacionem
1102 2126 1306 2168 inclitam
1346 2126 1582 2168 exhilerat
1624 2129 1670 2169 et
1711 2125 1921 2168 letificat:

157 2195 311 2237 Prima
347 2199 430 2248 est,
467 2196 573 2248 quia
607 2196 809 2249 gloriose
848 2197 1069 2239 memorie
1106 2198 1280 2239 domini
1318 2196 1618 2250 Ferdinandi,
1654 2197 1780 2250 regis
1814 2197 1926 2238 Ara-

155 2279 323 2318 gonum
350 2270 395 2308 et
419 2267 779 2319 generosissime
807 2280 889 2309 sue
916 2268 1062 2321 prolis
1088 2268 1379 2310 serenissimi
1406 2267 1529 2322 regis
1552 2267 1753 2321 Alfoncsi‚
1778 2267 1855 2321 qui
1881 2267 1924 2309 ei

154 2337 199 2378 in
230 2338 357 2390 regia
387 2338 627 2380 maiestate
658 2338 860 2380 succedit
890 2338 1185 2392 feliciterque
1214 2351 1336 2380 nunc
1365 2341 1542 2392 regnat,
1570 2341 1924 2391 vestrarumque

155 2408 526 2450 dominacionum
564 2409 744 2451 iusticia
782 2409 1045 2451 declaratur
1084 2413 1128 2452 et
1164 2409 1379 2452 omnibus
1415 2410 1678 2452 exhibetur.
1728 2409 1840 2451 Nam
1878 2408 1923 2450 in

156 2479 286 2520 vobis
321 2482 390 2521 est
425 2479 731 2521 ministerium
767 2480 960 2522 iusticie.
1008 2479 1220 2522 Secunda
1254 2484 1338 2533 est,
1373 2481 1481 2533 quia
1517 2481 1601 2522 Dei
1637 2484 1682 2523 et
1716 2479 1922 2522 eiusdem

156 2550 443 2591 serenissimi
483 2551 605 2603 regis
642 2550 826 2593 Alfonsi
863 2554 1110 2603 vestraque
1145 2551 1292 2604 gloria
1328 2551 1590 2593 cumulatur
1624 2554 1683 2604 et,
1720 2553 1768 2592 ut
1802 2549 1924 2603 cupi-

155 2634 255 2663 mus
286 2625 330 2663 et
363 2634 620 2674 speramus,
652 2622 798 2674 magis
828 2622 1118 2665 habundabit
1150 2623 1194 2663 in
1228 2622 1342 2675 dies,
1374 2621 1498 2663 unde
1528 2625 1577 2664 >et
1606 2620 1845 2664 habundat
1875 2620 1921 2662 in

153 2693 314 2744 gloria.
360 2692 520 2734 Merito
546 2692 683 2746 igitur
711 2692 867 2734 inclita
897 2693 1054 2734 Italica
1082 2692 1214 2734 nacio
1240 2705 1297 2734 ex
1325 2692 1527 2735 adventu
1553 2691 1921 2734 dominacionum

155 2766 413 2805 vestrarum
440 2763 711 2804 iocundatur
736 2767 781 2805 et
803 2763 985 2816 gaudet,
1010 2763 1117 2815 quia
1143 2763 1250 2805 inde
1288 2762 1714 2804 ministerium
1751 2761 1922 2804 iusti-

154 2834 244 2876 cie
286 2834 604 2876 habundat
645 2834 700 2875 in
742 2833 974 2886 gloria,
1015 2834 1139 2885 quod
1167 2834 1361 2875 verbum
1390 2834 1606 2876 scribitur
1633 2831 1921 2886 originaliter

274 2953 303 2992 ¹)
358 2951 604 2992 „loyesandte
657 2951 725 2984 der
778 2950 1043 2985 ilale'enischen
1095 2951 1231 2985 Ναίὶοη
1287 2950 1482 2995 begyriissen
1534 2951 1598 2985 die
1650 2947 1922 2992 aragonischen

158 3010 388 3043 (lesamllen.

274 3070 305 3109 ·-’)
336 3069 429 3110 (r'raJ'
454 3068 638 3102 Car-(lona.
