<?xml version="1.0" encoding="UTF-8"?>
<!DOCTYPE html PUBLIC "-//W3C//DTD XHTML 1.0 Transitional//EN"
    "http://www.w3.org/TR/xhtml1/DTD/xhtml1-transitional.dtd">
<html xmlns="http://www.w3.org/1999/xhtml" xml:lang="en" lang="en">
 <head>
  <title>
</title>
<meta http-equiv="Content-Type" content="text/html;charset=utf-8" />
  <meta name='ocr-system' content='tesseract 3.04.00' />
  <meta name='ocr-capabilities' content='ocr_page ocr_carea ocr_par ocr_line ocrx_word'/>
</head>
<body>
  <div class='ocr_page' id='page_1' title='image "./actaconciliicons02counuoft/actaconciliicons02counuoft_0684.png"; bbox 0 0 2102 3444; ppageno 0'>
   <div class='ocr_carea' id='block_1_1' title="bbox 294 207 1616 266">
    <p class='ocr_par' dir='ltr' id='par_1_1' title="bbox 294 207 1616 266">
     <span class='ocr_line' id='line_1_1' title="bbox 294 207 1616 266; baseline -0.009 -11"><span class='ocrx_word' id='word_1_1' title='bbox 294 225 378 266; x_wconf 73' lang='lat'>(570</span> <span class='ocrx_word' id='word_1_2' title='bbox 736 217 800 251; x_wconf 88' lang='grc' dir='ltr'>ΙΙΙ.</span> <span class='ocrx_word' id='word_1_3' title='bbox 830 214 1039 250; x_wconf 75' lang='lat' dir='ltr'>Absclinitt.</span> <span class='ocrx_word' id='word_1_4' title='bbox 1079 213 1231 246; x_wconf 77' lang='lat' dir='ltr'>Reform</span> <span class='ocrx_word' id='word_1_5' title='bbox 1262 212 1337 245; x_wconf 90' lang='lat' dir='ltr'>und</span> <span class='ocrx_word' id='word_1_6' title='bbox 1369 207 1616 254; x_wconf 79' lang='lat' dir='ltr'>Verfassung.</span> 
     </span>
    </p>
   </div>
   <div class='ocr_carea' id='block_1_2' title="bbox 587 328 1765 386">
    <p class='ocr_par' dir='ltr' id='par_1_2' title="bbox 587 328 1765 386">
     <span class='ocr_line' id='line_1_2' title="bbox 587 328 1765 386; baseline -0.006 -8"><span class='ocrx_word' id='word_1_7' title='bbox 587 337 624 378; x_wconf 78' lang='lat'>2.</span> <span class='ocrx_word' id='word_1_8' title='bbox 663 335 787 386; x_wconf 79' lang='lat' dir='ltr'>Quod</span> <span class='ocrx_word' id='word_1_9' title='bbox 828 333 1122 375; x_wconf 78' lang='lat' dir='ltr'>ordinatores</span> <span class='ocrx_word' id='word_1_10' title='bbox 1158 329 1429 372; x_wconf 74' lang='lat' dir='ltr'>examinent</span> <span class='ocrx_word' id='word_1_11' title='bbox 1465 328 1765 371; x_wconf 76' lang='lat' dir='ltr'>ordinandos,</span> 
     </span>
    </p>
   </div>
   <div class='ocr_carea' id='block_1_3' title="bbox 295 409 2063 750">
    <p class='ocr_par' dir='ltr' id='par_1_3' title="bbox 295 409 2062 610">
     <span class='ocr_line' id='line_1_3' title="bbox 420 409 2062 470; baseline -0.006 -8"><span class='ocrx_word' id='word_1_12' title='bbox 420 422 525 462; x_wconf 85' lang='lat' dir='ltr'>Item</span> <span class='ocrx_word' id='word_1_13' title='bbox 552 418 672 470; x_wconf 79' lang='lat' dir='ltr'>quod</span> <span class='ocrx_word' id='word_1_14' title='bbox 697 428 858 457; x_wconf 87' lang='lat' dir='ltr'>omnes</span> <span class='ocrx_word' id='word_1_15' title='bbox 882 418 925 455; x_wconf 89' lang='lat' dir='ltr'>et</span> <span class='ocrx_word' id='word_1_16' title='bbox 951 412 1119 465; x_wconf 87' lang='lat' dir='ltr'>singuli</span> <span class='ocrx_word' id='word_1_17' title='bbox 1144 412 1472 464; x_wconf 85' lang='lat' dir='ltr'>cuiuscumque</span> <span class='ocrx_word' id='word_1_18' title='bbox 1496 411 1753 464; x_wconf 85' lang='lat' dir='ltr'>religioni-s,</span> <span class='ocrx_word' id='word_1_19' title='bbox 1777 409 2062 452; x_wconf 88' lang='lat' dir='ltr'>condicionis</span> 
     </span>
     <span class='ocr_line' id='line_1_4' title="bbox 295 480 2062 534; baseline -0.006 -2"><span class='ocrx_word' id='word_1_20' title='bbox 295 492 531 532; x_wconf 71' lang='lat' dir='ltr'>extiterint</span> <span class='ocrx_word' id='word_1_21' title='bbox 559 489 615 530; x_wconf 84' lang='lat' dir='ltr'>ab</span> <span class='ocrx_word' id='word_1_22' title='bbox 643 485 965 528; x_wconf 80' lang='lat' dir='ltr'>ordinantibus</span> <span class='ocrx_word' id='word_1_23' title='bbox 992 483 1147 525; x_wconf 87' lang='lat' dir='ltr'>debite</span> <span class='ocrx_word' id='word_1_24' title='bbox 1175 483 1291 524; x_wconf 91' lang='lat' dir='ltr'>sicut</span> <span class='ocrx_word' id='word_1_25' title='bbox 1319 482 1556 524; x_wconf 89' lang='lat' dir='ltr'>seculares</span> <span class='ocrx_word' id='word_1_26' title='bbox 1585 481 1641 522; x_wconf 91' lang='lat' dir='ltr'>de</span> <span class='ocrx_word' id='word_1_27' title='bbox 1666 480 1835 523; x_wconf 91' lang='lat' dir='ltr'>eadem</span> <span class='ocrx_word' id='word_1_28' title='bbox 1861 480 2062 534; x_wconf 89' lang='lat' dir='ltr'>ydoney-</span> 
     </span>
     <span class='ocr_line' id='line_1_5' title="bbox 296 557 793 610; baseline -0.01 -8"><span class='ocrx_word' id='word_1_29' title='bbox 296 565 384 602; x_wconf 80' lang='lat' dir='ltr'>tate</span> <span class='ocrx_word' id='word_1_30' title='bbox 414 557 793 610; x_wconf 56' lang='lat' dir='ltr'>examinenturfl)</span> 
     </span>
    </p>

    <p class='ocr_par' dir='ltr' id='par_1_4' title="bbox 296 622 2063 750">
     <span class='ocr_line' id='line_1_6' title="bbox 415 622 2063 681; baseline -0.004 -10"><span class='ocrx_word' id='word_1_31' title='bbox 415 631 465 671; x_wconf 73' lang='lat' dir='ltr'>Et</span> <span class='ocrx_word' id='word_1_32' title='bbox 503 641 643 681; x_wconf 81' lang='lat' dir='ltr'>snper</span> <span class='ocrx_word' id='word_1_33' title='bbox 680 626 909 680; x_wconf 88' lang='lat' dir='ltr'>premisso</span> <span class='ocrx_word' id='word_1_34' title='bbox 946 624 1149 677; x_wconf 88' lang='lat' dir='ltr'>capitulo</span> <span class='ocrx_word' id='word_1_35' title='bbox 1185 623 1242 665; x_wconf 91' lang='lat' dir='ltr'>de</span> <span class='ocrx_word' id='word_1_36' title='bbox 1280 623 1555 665; x_wconf 79' lang='lat' dir='ltr'>ordinandis</span> <span class='ocrx_word' id='word_1_37' title='bbox 1590 622 1679 666; x_wconf 85' lang='lat' dir='ltr'>fuit</span> <span class='ocrx_word' id='word_1_38' title='bbox 1714 622 1923 665; x_wconf 78' lang='lat' dir='ltr'>exhibita</span> <span class='ocrx_word' id='word_1_39' title='bbox 1960 635 2063 664; x_wconf 91' lang='lat' dir='ltr'>con-</span> 
     </span>
     <span class='ocr_line' id='line_1_7' title="bbox 296 695 1039 750; baseline -0.008 -8"><span class='ocrx_word' id='word_1_40' title='bbox 296 701 466 742; x_wconf 74' lang='lat' dir='ltr'>stitutio</span> <span class='ocrx_word' id='word_1_41' title='bbox 494 698 681 750; x_wconf 83' lang='lat' dir='ltr'>tenoris,</span> <span class='ocrx_word' id='word_1_42' title='bbox 710 697 785 749; x_wconf 80' lang='lat' dir='ltr'>qui</span> <span class='ocrx_word' id='word_1_43' title='bbox 817 695 1039 748; x_wconf 85' lang='lat' dir='ltr'>sequitur.</span> 
     </span>
    </p>
   </div>
   <div class='ocr_carea' id='block_1_4' title="bbox 293 822 2067 2091">
    <p class='ocr_par' dir='ltr' id='par_1_5' title="bbox 556 822 1797 877">
     <span class='ocr_line' id='line_1_8' title="bbox 556 822 1797 877; baseline -0.003 -8"><span class='ocrx_word' id='word_1_44' title='bbox 556 827 594 870; x_wconf 83' lang='lat'>3.</span> <span class='ocrx_word' id='word_1_45' title='bbox 647 826 775 877; x_wconf 81' lang='lat' dir='ltr'>Quod</span> <span class='ocrx_word' id='word_1_46' title='bbox 812 825 1158 867; x_wconf 81' lang='lat' dir='ltr'>examinatores</span> <span class='ocrx_word' id='word_1_47' title='bbox 1193 823 1462 866; x_wconf 85' lang='lat' dir='ltr'>examinent</span> <span class='ocrx_word' id='word_1_48' title='bbox 1497 822 1797 865; x_wconf 83' lang='lat' dir='ltr'>ordinandos.</span> 
     </span>
    </p>

    <p class='ocr_par' dir='ltr' id='par_1_6' title="bbox 293 904 2067 2020">
     <span class='ocr_line' id='line_1_9' title="bbox 410 904 2063 961; baseline -0.003 -10"><span class='ocrx_word' id='word_1_49' title='bbox 410 910 538 961; x_wconf 87' lang='lat' dir='ltr'>Quod</span> <span class='ocrx_word' id='word_1_50' title='bbox 579 909 829 961; x_wconf 76' lang='lat' dir='ltr'>diligenter</span> <span class='ocrx_word' id='word_1_51' title='bbox 867 905 1165 949; x_wconf 82' lang='lat' dir='ltr'>examinandi</span> <span class='ocrx_word' id='word_1_52' title='bbox 1208 906 1312 958; x_wconf 92' lang='lat' dir='ltr'>sint,</span> <span class='ocrx_word' id='word_1_53' title='bbox 1353 906 1430 958; x_wconf 92' lang='lat' dir='ltr'>qui</span> <span class='ocrx_word' id='word_1_54' title='bbox 1470 905 1531 947; x_wconf 87' lang='lat' dir='ltr'>ad</span> <span class='ocrx_word' id='word_1_55' title='bbox 1570 905 1760 947; x_wconf 81' lang='lat' dir='ltr'>ordines</span> <span class='ocrx_word' id='word_1_56' title='bbox 1798 904 2063 958; x_wconf 89' lang='lat' dir='ltr'>promoveri</span> 
     </span>
     <span class='ocr_line' id='line_1_10' title="bbox 295 975 2064 1033; baseline -0.003 -11"><span class='ocrx_word' id='word_1_57' title='bbox 295 982 541 1033; x_wconf 85' lang='lat' dir='ltr'>postulant,</span> <span class='ocrx_word' id='word_1_58' title='bbox 578 980 717 1032; x_wconf 88' lang='lat' dir='ltr'>plene</span> <span class='ocrx_word' id='word_1_59' title='bbox 753 979 799 1019; x_wconf 91' lang='lat' dir='ltr'>in</span> <span class='ocrx_word' id='word_1_60' title='bbox 838 978 982 1020; x_wconf 83' lang='lat' dir='ltr'>sacris</span> <span class='ocrx_word' id='word_1_61' title='bbox 1019 976 1275 1019; x_wconf 81' lang='lat' dir='ltr'>canonibus</span> <span class='ocrx_word' id='word_1_62' title='bbox 1307 980 1382 1018; x_wconf 88' lang='lat' dir='ltr'>est</span> <span class='ocrx_word' id='word_1_63' title='bbox 1417 976 1726 1018; x_wconf 80' lang='lat' dir='ltr'>constitutum.</span> <span class='ocrx_word' id='word_1_64' title='bbox 1775 975 1919 1029; x_wconf 89' lang='lat' dir='ltr'>Quod,</span> <span class='ocrx_word' id='word_1_65' title='bbox 1956 976 2064 1029; x_wconf 92' lang='lat' dir='ltr'>quia</span> 
     </span>
     <span class='ocr_line' id='line_1_11' title="bbox 296 1046 2065 1100; baseline -0.003 -8"><span class='ocrx_word' id='word_1_66' title='bbox 296 1052 448 1092; x_wconf 83' lang='lat' dir='ltr'>mitius</span> <span class='ocrx_word' id='word_1_67' title='bbox 496 1051 614 1091; x_wconf 89' lang='lat' dir='ltr'>bene</span> <span class='ocrx_word' id='word_1_68' title='bbox 660 1062 688 1091; x_wconf 92' lang='lat' dir='ltr'>a</span> <span class='ocrx_word' id='word_1_69' title='bbox 732 1049 972 1090; x_wconf 80' lang='lat' dir='ltr'>nonnullis</span> <span class='ocrx_word' id='word_1_70' title='bbox 1017 1047 1307 1100; x_wconf 79' lang='lat' dir='ltr'>temporibus</span> <span class='ocrx_word' id='word_1_71' title='bbox 1351 1046 1465 1089; x_wconf 86' lang='lat' dir='ltr'>citra</span> <span class='ocrx_word' id='word_1_72' title='bbox 1511 1047 1700 1099; x_wconf 88' lang='lat' dir='ltr'>qui-dam</span> <span class='ocrx_word' id='word_1_73' title='bbox 1745 1046 2065 1088; x_wconf 77' lang='lat' dir='ltr'>ordinationes</span> 
     </span>
     <span class='ocr_line' id='line_1_12' title="bbox 294 1116 2065 1172; baseline -0.002 -10"><span class='ocrx_word' id='word_1_74' title='bbox 294 1122 675 1172; x_wconf 82' lang='lat' dir='ltr'>observaverunt,</span> <span class='ocrx_word' id='word_1_75' title='bbox 707 1123 893 1161; x_wconf 87' lang='lat' dir='ltr'>ventum</span> <span class='ocrx_word' id='word_1_76' title='bbox 924 1122 995 1161; x_wconf 91' lang='lat' dir='ltr'>est</span> <span class='ocrx_word' id='word_1_77' title='bbox 1022 1119 1082 1160; x_wconf 83' lang='lat' dir='ltr'>ad</span> <span class='ocrx_word' id='word_1_78' title='bbox 1112 1119 1211 1171; x_wconf 90' lang='lat' dir='ltr'>hoc,</span> <span class='ocrx_word' id='word_1_79' title='bbox 1243 1121 1291 1160; x_wconf 93' lang='lat' dir='ltr'>ut</span> <span class='ocrx_word' id='word_1_80' title='bbox 1320 1117 1509 1171; x_wconf 70' lang='lat' dir='ltr'>plurimi</span> <span class='ocrx_word' id='word_1_81' title='bbox 1539 1117 1839 1170; x_wconf 74' lang='lat' dir='ltr'>reperiantur</span> <span class='ocrx_word' id='word_1_82' title='bbox 1865 1116 2065 1170; x_wconf 86' lang='lat' dir='ltr'>promoti</span> 
     </span>
     <span class='ocr_line' id='line_1_13' title="bbox 295 1187 2066 1243; baseline -0.002 -10"><span class='ocrx_word' id='word_1_83' title='bbox 295 1193 432 1234; x_wconf 88' lang='lat' dir='ltr'>etiam</span> <span class='ocrx_word' id='word_1_84' title='bbox 470 1191 527 1233; x_wconf 88' lang='lat' dir='ltr'>ad</span> <span class='ocrx_word' id='word_1_85' title='bbox 564 1203 733 1243; x_wconf 88' lang='lat' dir='ltr'>sacros,</span> <span class='ocrx_word' id='word_1_86' title='bbox 770 1189 938 1242; x_wconf 89' lang='lat' dir='ltr'>quibus</span> <span class='ocrx_word' id='word_1_87' title='bbox 975 1201 1060 1230; x_wconf 91' lang='lat' dir='ltr'>nec</span> <span class='ocrx_word' id='word_1_88' title='bbox 1096 1189 1264 1231; x_wconf 89' lang='lat' dir='ltr'>adsunt</span> <span class='ocrx_word' id='word_1_89' title='bbox 1301 1188 1466 1230; x_wconf 90' lang='lat' dir='ltr'>merita</span> <span class='ocrx_word' id='word_1_90' title='bbox 1501 1188 1593 1230; x_wconf 92' lang='lat' dir='ltr'>vite</span> <span class='ocrx_word' id='word_1_91' title='bbox 1629 1200 1714 1230; x_wconf 91' lang='lat' dir='ltr'>nec</span> <span class='ocrx_word' id='word_1_92' title='bbox 1751 1187 1944 1231; x_wconf 82' lang='lat' dir='ltr'>scientia</span> <span class='ocrx_word' id='word_1_93' title='bbox 1979 1199 2066 1229; x_wconf 85' lang='lat' dir='ltr'>nec</span> 
     </span>
     <span class='ocr_line' id='line_1_14' title="bbox 294 1257 2066 1314; baseline -0.002 -10"><span class='ocrx_word' id='word_1_94' title='bbox 294 1263 398 1314; x_wconf 84' lang='lat' dir='ltr'>alia,</span> <span class='ocrx_word' id='word_1_95' title='bbox 430 1274 519 1314; x_wconf 91' lang='lat' dir='ltr'>que</span> <span class='ocrx_word' id='word_1_96' title='bbox 551 1262 597 1302; x_wconf 91' lang='lat' dir='ltr'>in</span> <span class='ocrx_word' id='word_1_97' title='bbox 624 1261 695 1302; x_wconf 90' lang='lat' dir='ltr'>eis</span> <span class='ocrx_word' id='word_1_98' title='bbox 723 1261 784 1303; x_wconf 88' lang='lat' dir='ltr'>de</span> <span class='ocrx_word' id='word_1_99' title='bbox 817 1260 917 1302; x_wconf 87' lang='lat' dir='ltr'>iure</span> <span class='ocrx_word' id='word_1_100' title='bbox 950 1260 1266 1312; x_wconf 82' lang='lat' dir='ltr'>requiruntur.</span> <span class='ocrx_word' id='word_1_101' title='bbox 1310 1259 1406 1300; x_wconf 90' lang='lat' dir='ltr'>Hec</span> <span class='ocrx_word' id='word_1_102' title='bbox 1438 1259 1592 1312; x_wconf 85' lang='lat' dir='ltr'>itaque</span> <span class='ocrx_word' id='word_1_103' title='bbox 1626 1261 1919 1301; x_wconf 72' lang='lat' dir='ltr'>sacrosancta</span> <span class='ocrx_word' id='word_1_104' title='bbox 1951 1257 2066 1300; x_wconf 89' lang='lat' dir='ltr'>Con-</span> 
     </span>
     <span class='ocr_line' id='line_1_15' title="bbox 294 1329 2066 1384; baseline -0.001 -11"><span class='ocrx_word' id='word_1_105' title='bbox 294 1332 563 1375; x_wconf 84' lang='lat' dir='ltr'>stantiensis</span> <span class='ocrx_word' id='word_1_106' title='bbox 592 1332 797 1384; x_wconf 82' lang='lat' dir='ltr'>synodus</span> <span class='ocrx_word' id='word_1_107' title='bbox 826 1331 931 1372; x_wconf 90' lang='lat' dir='ltr'>huic</span> <span class='ocrx_word' id='word_1_108' title='bbox 961 1331 1123 1372; x_wconf 91' lang='lat' dir='ltr'>morbo</span> <span class='ocrx_word' id='word_1_109' title='bbox 1151 1330 1315 1374; x_wconf 79' lang='lat' dir='ltr'>volens</span> <span class='ocrx_word' id='word_1_110' title='bbox 1345 1336 1592 1372; x_wconf 86' lang='lat' dir='ltr'>occurrere</span> <span class='ocrx_word' id='word_1_111' title='bbox 1621 1329 1839 1383; x_wconf 77' lang='lat' dir='ltr'>decrevit,</span> <span class='ocrx_word' id='word_1_112' title='bbox 1868 1332 1918 1371; x_wconf 92' lang='lat' dir='ltr'>ut</span> <span class='ocrx_word' id='word_1_113' title='bbox 1946 1329 2066 1371; x_wconf 92' lang='lat' dir='ltr'>ordi-</span> 
     </span>
     <span class='ocr_line' id='line_1_16' title="bbox 293 1399 2067 1455; baseline -0.002 -10"><span class='ocrx_word' id='word_1_114' title='bbox 293 1408 428 1445; x_wconf 87' lang='lat' dir='ltr'>nator</span> <span class='ocrx_word' id='word_1_115' title='bbox 459 1403 544 1445; x_wconf 92' lang='lat' dir='ltr'>sub</span> <span class='ocrx_word' id='word_1_116' title='bbox 576 1414 699 1455; x_wconf 91' lang='lat' dir='ltr'>pena</span> <span class='ocrx_word' id='word_1_117' title='bbox 730 1401 965 1443; x_wconf 90' lang='lat' dir='ltr'>neminem</span> <span class='ocrx_word' id='word_1_118' title='bbox 997 1402 1090 1442; x_wconf 86' lang='lat' dir='ltr'>nisi</span> <span class='ocrx_word' id='word_1_119' title='bbox 1120 1413 1210 1454; x_wconf 81' lang='lat' dir='ltr'>per</span> <span class='ocrx_word' id='word_1_120' title='bbox 1240 1413 1292 1443; x_wconf 88' lang='lat' dir='ltr'>se</span> <span class='ocrx_word' id='word_1_121' title='bbox 1325 1401 1400 1442; x_wconf 88' lang='lat' dir='ltr'>vel</span> <span class='ocrx_word' id='word_1_122' title='bbox 1434 1400 1549 1442; x_wconf 83' lang='lat' dir='ltr'>fidei</span> <span class='ocrx_word' id='word_1_123' title='bbox 1580 1399 1927 1443; x_wconf 82' lang='lat' dir='ltr'>commissarios</span> <span class='ocrx_word' id='word_1_124' title='bbox 1954 1409 2067 1442; x_wconf 82' lang='lat' dir='ltr'>suos</span> 
     </span>
     <span class='ocr_line' id='line_1_17' title="bbox 293 1470 2066 1527; baseline -0.001 -13"><span class='ocrx_word' id='word_1_125' title='bbox 293 1486 435 1514; x_wconf 91' lang='lat' dir='ltr'>unum</span> <span class='ocrx_word' id='word_1_126' title='bbox 476 1474 551 1514; x_wconf 91' lang='lat' dir='ltr'>vel</span> <span class='ocrx_word' id='word_1_127' title='bbox 593 1470 797 1527; x_wconf 61' lang='lat' dir='ltr'>pluresb)</span> <span class='ocrx_word' id='word_1_128' title='bbox 844 1471 1093 1524; x_wconf 88' lang='lat' dir='ltr'>diligente-r</span> <span class='ocrx_word' id='word_1_129' title='bbox 1135 1470 1451 1513; x_wconf 87' lang='lat' dir='ltr'>examinatum</span> <span class='ocrx_word' id='word_1_130' title='bbox 1493 1474 1539 1513; x_wconf 90' lang='lat' dir='ltr'>et</span> <span class='ocrx_word' id='word_1_131' title='bbox 1579 1470 1786 1512; x_wconf 89' lang='lat' dir='ltr'>habilem</span> <span class='ocrx_word' id='word_1_132' title='bbox 1827 1473 2066 1524; x_wconf 84' lang='lat' dir='ltr'>repertum</span> 
     </span>
     <span class='ocr_line' id='line_1_18' title="bbox 294 1541 2067 1596; baseline -0.001 -11"><span class='ocrx_word' id='word_1_133' title='bbox 294 1544 513 1586; x_wconf 89' lang='lat' dir='ltr'>ordinare</span> <span class='ocrx_word' id='word_1_134' title='bbox 532 1546 794 1596; x_wconf 86' lang='lat' dir='ltr'>·presumat;</span> <span class='ocrx_word' id='word_1_135' title='bbox 821 1542 859 1585; x_wconf 89' lang='lat' dir='ltr'>si</span> <span class='ocrx_word' id='word_1_136' title='bbox 883 1555 997 1585; x_wconf 89' lang='lat' dir='ltr'>vero</span> <span class='ocrx_word' id='word_1_137' title='bbox 1020 1543 1266 1596; x_wconf 87' lang='lat' dir='ltr'>contingat,</span> <span class='ocrx_word' id='word_1_138' title='bbox 1291 1546 1339 1585; x_wconf 91' lang='lat' dir='ltr'>ut</span> <span class='ocrx_word' id='word_1_139' title='bbox 1363 1541 1573 1594; x_wconf 88' lang='lat' dir='ltr'>predict-a</span> <span class='ocrx_word' id='word_1_140' title='bbox 1592 1541 1880 1584; x_wconf 68' lang='lat' dir='ltr'>«examinatio</span> <span class='ocrx_word' id='word_1_141' title='bbox 1900 1541 1963 1584; x_wconf 46' lang='lat' dir='ltr'>¹ad</span> <span class='ocrx_word' id='word_1_142' title='bbox 1986 1541 2067 1584; x_wconf 89' lang='lat' dir='ltr'>ali-</span> 
     </span>
     <span class='ocr_line' id='line_1_19' title="bbox 295 1611 2066 1667; baseline -0.002 -11"><span class='ocrx_word' id='word_1_143' title='bbox 295 1627 430 1667; x_wconf 89' lang='lat' dir='ltr'>quem</span> <span class='ocrx_word' id='word_1_144' title='bbox 455 1615 688 1667; x_wconf 84' lang='lat' dir='ltr'>pertineat</span> <span class='ocrx_word' id='word_1_145' title='bbox 711 1627 770 1655; x_wconf 84' lang='lat' dir='ltr'>ex</span> <span class='ocrx_word' id='word_1_146' title='bbox 791 1613 1144 1666; x_wconf 77' lang='lat' dir='ltr'>consuetudine,</span> <span class='ocrx_word' id='word_1_147' title='bbox 1167 1613 1416 1666; x_wconf 88' lang='lat' dir='ltr'>privilegio</span> <span class='ocrx_word' id='word_1_148' title='bbox 1440 1613 1515 1654; x_wconf 92' lang='lat' dir='ltr'>vel</span> <span class='ocrx_word' id='word_1_149' title='bbox 1541 1615 1710 1655; x_wconf 89' lang='lat' dir='ltr'>statuto</span> <span class='ocrx_word' id='word_1_150' title='bbox 1733 1613 1808 1654; x_wconf 91' lang='lat' dir='ltr'>vel</span> <span class='ocrx_word' id='word_1_151' title='bbox 1834 1611 1926 1655; x_wconf 86' lang='lat' dir='ltr'>alio</span> <span class='ocrx_word' id='word_1_152' title='bbox 1950 1612 2066 1664; x_wconf 91' lang='lat' dir='ltr'>iure,</span> 
     </span>
     <span class='ocr_line' id='line_1_20' title="bbox 294 1682 2067 1738; baseline -0.001 -12"><span class='ocrx_word' id='word_1_153' title='bbox 294 1689 400 1727; x_wconf 80' lang='lat' dir='ltr'>tunc</span> <span class='ocrx_word' id='word_1_154' title='bbox 422 1686 536 1738; x_wconf 89' lang='lat' dir='ltr'>ipse,</span> <span class='ocrx_word' id='word_1_155' title='bbox 557 1685 615 1727; x_wconf 88' lang='lat' dir='ltr'>ad</span> <span class='ocrx_word' id='word_1_156' title='bbox 635 1697 772 1737; x_wconf 87' lang='lat' dir='ltr'>quem</span> <span class='ocrx_word' id='word_1_157' title='bbox 791 1684 1008 1738; x_wconf 81' lang='lat' dir='ltr'>pertinet,</span> <span class='ocrx_word' id='word_1_158' title='bbox 1028 1683 1306 1737; x_wconf 83' lang='lat' dir='ltr'>premissam</span> <span class='ocrx_word' id='word_1_159' title='bbox 1326 1683 1720 1726; x_wconf 81' lang='lat' dir='ltr'>examinationem</span> <span class='ocrx_word' id='word_1_160' title='bbox 1739 1682 1892 1725; x_wconf 74' lang='lat' dir='ltr'>faciat.</span> <span class='ocrx_word' id='word_1_161' title='bbox 1923 1682 2067 1734; x_wconf 82' lang='lat' dir='ltr'>Quam</span> 
     </span>
     <span class='ocr_line' id='line_1_21' title="bbox 295 1752 2067 1810; baseline 0 -15"><span class='ocrx_word' id='word_1_162' title='bbox 295 1756 332 1796; x_wconf 94' lang='lat' dir='ltr'>si</span> <span class='ocrx_word' id='word_1_163' title='bbox 358 1755 579 1807; x_wconf 90' lang='lat' dir='ltr'>omiserit,</span> <span class='ocrx_word' id='word_1_164' title='bbox 604 1789 612 1797; x_wconf 95' lang='lat'><strong>.</strong></span> <span class='ocrx_word' id='word_1_165' title='bbox 649 1789 656 1796; x_wconf 94' lang='lat'>.</span> <span class='ocrx_word' id='word_1_166' title='bbox 693 1757 741 1810; x_wconf 53' lang='lat' dir='ltr'>f)</span> <span class='ocrx_word' id='word_1_167' title='bbox 768 1755 1008 1797; x_wconf 91' lang='lat' dir='ltr'>ordinator</span> <span class='ocrx_word' id='word_1_168' title='bbox 1031 1758 1199 1808; x_wconf 88' lang='lat' dir='ltr'>autem,</span> <span class='ocrx_word' id='word_1_169' title='bbox 1224 1755 1296 1796; x_wconf 92' lang='lat' dir='ltr'>cui</span> <span class='ocrx_word' id='word_1_170' title='bbox 1319 1753 1515 1807; x_wconf 88' lang='lat' dir='ltr'>predicti</span> <span class='ocrx_word' id='word_1_171' title='bbox 1539 1766 1626 1807; x_wconf 90' lang='lat' dir='ltr'>per</span> <span class='ocrx_word' id='word_1_172' title='bbox 1650 1753 1791 1796; x_wconf 90' lang='lat' dir='ltr'>alium</span> <span class='ocrx_word' id='word_1_173' title='bbox 1815 1752 2067 1795; x_wconf 76' lang='lat' dir='ltr'>examinati</span> 
     </span>
     <span class='ocr_line' id='line_1_22' title="bbox 295 1823 2066 1878; baseline -0.001 -11"><span class='ocrx_word' id='word_1_174' title='bbox 295 1826 469 1868; x_wconf 85' lang='lat' dir='ltr'>fuerint</span> <span class='ocrx_word' id='word_1_175' title='bbox 504 1825 775 1878; x_wconf 85' lang='lat' dir='ltr'>presentati,</span> <span class='ocrx_word' id='word_1_176' title='bbox 814 1826 851 1868; x_wconf 91' lang='lat' dir='ltr'>si</span> <span class='ocrx_word' id='word_1_177' title='bbox 889 1825 1068 1867; x_wconf 88' lang='lat' dir='ltr'>dubitet</span> <span class='ocrx_word' id='word_1_178' title='bbox 1100 1825 1161 1867; x_wconf 91' lang='lat' dir='ltr'>de</span> <span class='ocrx_word' id='word_1_179' title='bbox 1198 1826 1407 1878; x_wconf 87' lang='lat' dir='ltr'>ipsorum</span> <span class='ocrx_word' id='word_1_180' title='bbox 1443 1824 1724 1878; x_wconf 63' lang='lat' dir='ltr'>ydonffltate,</span> <span class='ocrx_word' id='word_1_181' title='bbox 1760 1823 1908 1878; x_wconf 79' lang='lat' dir='ltr'>possit</span> <span class='ocrx_word' id='word_1_182' title='bbox 1942 1823 2066 1866; x_wconf 86' lang='lat' dir='ltr'>licite</span> 
     </span>
     <span class='ocr_line' id='line_1_23' title="bbox 295 1894 2067 1950; baseline -0.001 -13"><span class='ocrx_word' id='word_1_183' title='bbox 295 1896 421 1949; x_wconf 89' lang='lat' dir='ltr'>ipsos</span> <span class='ocrx_word' id='word_1_184' title='bbox 451 1909 543 1938; x_wconf 94' lang='lat' dir='ltr'>non</span> <span class='ocrx_word' id='word_1_185' title='bbox 574 1896 833 1950; x_wconf 81' lang='lat' dir='ltr'>admittere,</span> <span class='ocrx_word' id='word_1_186' title='bbox 865 1896 954 1938; x_wconf 85' lang='lat' dir='ltr'>nisi</span> <span class='ocrx_word' id='word_1_187' title='bbox 968 1908 1022 1938; x_wconf 90' lang='lat' dir='ltr'>se</span> <span class='ocrx_word' id='word_1_188' title='bbox 1038 1895 1246 1938; x_wconf 82' lang='lat' dir='ltr'>offerant</span> <span class='ocrx_word' id='word_1_189' title='bbox 1258 1895 1600 1938; x_wconf 70' lang='lat' dir='ltr'>examinacioni</span> <span class='ocrx_word' id='word_1_190' title='bbox 1615 1907 1702 1948; x_wconf 91' lang='lat' dir='ltr'>per</span> <span class='ocrx_word' id='word_1_191' title='bbox 1715 1894 1868 1949; x_wconf 91' lang='lat' dir='ltr'>ipsum</span> <span class='ocrx_word' id='word_1_192' title='bbox 1883 1894 2067 1936; x_wconf 85' lang='lat' dir='ltr'>ordina-</span> 
     </span>
     <span class='ocr_line' id='line_1_24' title="bbox 294 1957 1757 2020; baseline 0 -13"><span class='ocrx_word' id='word_1_193' title='bbox 294 1970 441 2008; x_wconf 90' lang='lat' dir='ltr'>torem</span> <span class='ocrx_word' id='word_1_194' title='bbox 470 1968 545 2009; x_wconf 90' lang='lat' dir='ltr'>vel</span> <span class='ocrx_word' id='word_1_195' title='bbox 574 1967 675 2008; x_wconf 89' lang='lat' dir='ltr'>eius</span> <span class='ocrx_word' id='word_1_196' title='bbox 697 1957 1072 2009; x_wconf 52' lang='lat' dir='ltr'>&#39;commissarium</span> <span class='ocrx_word' id='word_1_197' title='bbox 1103 1967 1240 2009; x_wconf 93' lang='lat' dir='ltr'>modo</span> <span class='ocrx_word' id='word_1_198' title='bbox 1264 1966 1500 2020; x_wconf 55' lang='lat' dir='ltr'>&gt;premisso</span> <span class='ocrx_word' id='word_1_199' title='bbox 1528 1965 1757 2008; x_wconf 83' lang='lat' dir='ltr'>faciende.</span> 
     </span>
    </p>

    <p class='ocr_par' dir='ltr' id='par_1_7' title="bbox 416 2036 2067 2091">
     <span class='ocr_line' id='line_1_25' title="bbox 416 2036 2067 2091; baseline 0 -13"><span class='ocrx_word' id='word_1_200' title='bbox 416 2038 613 2079; x_wconf 85' lang='lat' dir='ltr'>Domino</span> <span class='ocrx_word' id='word_1_201' title='bbox 667 2038 905 2080; x_wconf 88' lang='lat' dir='ltr'>Aniciensi</span> <span class='ocrx_word' id='word_1_202' title='bbox 959 2037 1232 2090; x_wconf 89' lang='lat' dir='ltr'>presidente</span> <span class='ocrx_word' id='word_1_203' title='bbox 1286 2038 1577 2091; x_wconf 87' lang='lat' dir='ltr'>propositum</span> <span class='ocrx_word' id='word_1_204' title='bbox 1633 2036 1721 2079; x_wconf 84' lang='lat' dir='ltr'>fuit</span> <span class='ocrx_word' id='word_1_205' title='bbox 1774 2036 1850 2079; x_wconf 92' lang='lat' dir='ltr'>die</span> <span class='ocrx_word' id='word_1_206' title='bbox 1905 2036 2067 2078; x_wconf 91' lang='lat' dir='ltr'>ultimo</span> 
     </span>
    </p>
   </div>
   <div class='ocr_carea' id='block_1_5' title="bbox 295 2107 597 2162">
    <p class='ocr_par' dir='ltr' id='par_1_8' title="bbox 295 2107 597 2162">
     <span class='ocr_line' id='line_1_26' title="bbox 295 2107 597 2162; baseline 0 -12"><span class='ocrx_word' id='word_1_207' title='bbox 295 2107 597 2162; x_wconf 87' lang='lat' dir='ltr'>Septembris.</span> 
     </span>
    </p>
   </div>
   <div class='ocr_carea' id='block_1_6' title="bbox 932 2179 1423 2250">
    <p class='ocr_par' dir='ltr' id='par_1_9' title="bbox 932 2179 1423 2250">
     <span class='ocr_line' id='line_1_27' title="bbox 932 2179 1423 2205; baseline 0.004 -2"><span class='ocrx_word' id='word_1_208' title='bbox 932 2179 953 2203; x_wconf 68' lang='lat'>³1&lt;</span> <span class='ocrx_word' id='word_1_209' title='bbox 1401 2179 1423 2205; x_wconf 64' lang='lat'>&gt;12</span> 
     </span>
     <span class='ocr_line' id='line_1_28' title="bbox 1168 2226 1190 2250; baseline 0 -5"><span class='ocrx_word' id='word_1_210' title='bbox 1168 2226 1190 2250; x_wconf 81' lang='lat'><strong>*</strong></span> 
     </span>
    </p>
   </div>
   <div class='ocr_carea' id='block_1_7' title="bbox 649 2305 1712 2361">
    <p class='ocr_par' dir='ltr' id='par_1_10' title="bbox 649 2305 1712 2361">
     <span class='ocr_line' id='line_1_29' title="bbox 649 2305 1712 2361; baseline 0 -13"><span class='ocrx_word' id='word_1_211' title='bbox 649 2305 856 2350; x_wconf 67' lang='lat' dir='ltr'><strong>XXXVI.</strong></span> <span class='ocrx_word' id='word_1_212' title='bbox 902 2308 972 2350; x_wconf 93' lang='lat' dir='ltr'>De</span> <span class='ocrx_word' id='word_1_213' title='bbox 1002 2307 1300 2350; x_wconf 73' lang='lat' dir='ltr'>facultatibus</span> <span class='ocrx_word' id='word_1_214' title='bbox 1330 2306 1712 2361; x_wconf 84' lang='lat' dir='ltr'>religiosorum.¹)</span> 
     </span>
    </p>
   </div>
   <div class='ocr_carea' id='block_1_8' title="bbox 299 2385 2071 2723">
    <p class='ocr_par' dir='ltr' id='par_1_11' title="bbox 299 2385 2071 2723">
     <span class='ocr_line' id='line_1_30' title="bbox 416 2385 2070 2442; baseline -0.001 -12"><span class='ocrx_word' id='word_1_215' title='bbox 416 2388 709 2441; x_wconf 88' lang='lat' dir='ltr'>Conclusum,</span> <span class='ocrx_word' id='word_1_216' title='bbox 735 2389 856 2441; x_wconf 90' lang='lat' dir='ltr'>quod</span> <span class='ocrx_word' id='word_1_217' title='bbox 881 2388 1128 2432; x_wconf 81' lang='lat' dir='ltr'>facultates</span> <span class='ocrx_word' id='word_1_218' title='bbox 1151 2401 1370 2431; x_wconf 89' lang='lat' dir='ltr'>concesse</span> <span class='ocrx_word' id='word_1_219' title='bbox 1397 2387 1630 2442; x_wconf 86' lang='lat' dir='ltr'>religiosis</span> <span class='ocrx_word' id='word_1_220' title='bbox 1654 2400 1749 2430; x_wconf 91' lang='lat' dir='ltr'>non</span> <span class='ocrx_word' id='word_1_221' title='bbox 1773 2385 2070 2429; x_wconf 89' lang='lat' dir='ltr'>mendicanti-</span> 
     </span>
     <span class='ocr_line' id='line_1_31' title="bbox 299 2458 2070 2512; baseline -0.001 -12"><span class='ocrx_word' id='word_1_222' title='bbox 299 2459 385 2501; x_wconf 88' lang='lat' dir='ltr'>bus</span> <span class='ocrx_word' id='word_1_223' title='bbox 412 2472 497 2512; x_wconf 89' lang='lat' dir='ltr'>pro</span> <span class='ocrx_word' id='word_1_224' title='bbox 522 2459 770 2501; x_wconf 80' lang='lat' dir='ltr'>beneficiis</span> <span class='ocrx_word' id='word_1_225' title='bbox 796 2462 929 2501; x_wconf 84' lang='lat' dir='ltr'>extra</span> <span class='ocrx_word' id='word_1_226' title='bbox 957 2472 1089 2501; x_wconf 92' lang='lat' dir='ltr'>suum</span> <span class='ocrx_word' id='word_1_227' title='bbox 1116 2459 1329 2501; x_wconf 89' lang='lat' dir='ltr'>ordinem</span> <span class='ocrx_word' id='word_1_228' title='bbox 1355 2462 1646 2512; x_wconf 88' lang='lat' dir='ltr'>revocentur,</span> <span class='ocrx_word' id='word_1_229' title='bbox 1674 2458 1711 2501; x_wconf 92' lang='lat' dir='ltr'>si</span> <span class='ocrx_word' id='word_1_230' title='bbox 1737 2470 1831 2500; x_wconf 91' lang='lat' dir='ltr'>non</span> <span class='ocrx_word' id='word_1_231' title='bbox 1859 2458 1951 2499; x_wconf 91' lang='lat' dir='ltr'>sint</span> <span class='ocrx_word' id='word_1_232' title='bbox 1976 2469 2070 2500; x_wconf 92' lang='lat' dir='ltr'>sor-</span> 
     </span>
     <span class='ocr_line' id='line_1_32' title="bbox 299 2528 2071 2582; baseline -0.001 -12"><span class='ocrx_word' id='word_1_233' title='bbox 299 2530 381 2570; x_wconf 90' lang='lat' dir='ltr'>tite</span> <span class='ocrx_word' id='word_1_234' title='bbox 402 2529 645 2582; x_wconf 65' lang='lat' dir='ltr'>=effectum3</span> <span class='ocrx_word' id='word_1_235' title='bbox 674 2541 808 2572; x_wconf 88' lang='lat' dir='ltr'>secus</span> <span class='ocrx_word' id='word_1_236' title='bbox 834 2529 871 2571; x_wconf 90' lang='lat' dir='ltr'>si</span> <span class='ocrx_word' id='word_1_237' title='bbox 899 2530 990 2572; x_wconf 86' lang='lat' dir='ltr'>sint</span> <span class='ocrx_word' id='word_1_238' title='bbox 1014 2530 1189 2572; x_wconf 86' lang='lat' dir='ltr'>sortite.</span> <span class='ocrx_word' id='word_1_239' title='bbox 1229 2530 1408 2572; x_wconf 85' lang='lat' dir='ltr'>Dictum</span> <span class='ocrx_word' id='word_1_240' title='bbox 1434 2532 1589 2572; x_wconf 89' lang='lat' dir='ltr'>tamen</span> <span class='ocrx_word' id='word_1_241' title='bbox 1615 2529 1716 2582; x_wconf 79' lang='lat' dir='ltr'>fuit,</span> <span class='ocrx_word' id='word_1_242' title='bbox 1741 2528 1865 2582; x_wconf 93' lang='lat' dir='ltr'>quod</span> <span class='ocrx_word' id='word_1_243' title='bbox 1890 2529 2071 2582; x_wconf 85' lang='lat' dir='ltr'>oportet</span> 
     </span>
     <span class='ocr_line' id='line_1_33' title="bbox 300 2598 2070 2654; baseline 0 -14"><span class='ocrx_word' id='word_1_244' title='bbox 300 2600 613 2654; x_wconf 85' lang='lat' dir='ltr'>considerare,</span> <span class='ocrx_word' id='word_1_245' title='bbox 638 2600 744 2653; x_wconf 90' lang='lat' dir='ltr'>quia</span> <span class='ocrx_word' id='word_1_246' title='bbox 769 2604 874 2642; x_wconf 91' lang='lat' dir='ltr'>sunt</span> <span class='ocrx_word' id='word_1_247' title='bbox 899 2600 1041 2653; x_wconf 90' lang='lat' dir='ltr'>aliqui</span> <span class='ocrx_word' id='word_1_248' title='bbox 1065 2601 1273 2642; x_wconf 88' lang='lat' dir='ltr'>canonici</span> <span class='ocrx_word' id='word_1_249' title='bbox 1297 2601 1555 2654; x_wconf 83' lang='lat' dir='ltr'>regulares,</span> <span class='ocrx_word' id='word_1_250' title='bbox 1579 2599 1657 2653; x_wconf 91' lang='lat' dir='ltr'>qui</span> <span class='ocrx_word' id='word_1_251' title='bbox 1679 2601 1840 2642; x_wconf 85' lang='lat' dir='ltr'>tenent</span> <span class='ocrx_word' id='word_1_252' title='bbox 1862 2598 2070 2641; x_wconf 78' lang='lat' dir='ltr'>habitum</span> 
     </span>
     <span class='ocr_line' id='line_1_34' title="bbox 299 2670 2070 2723; baseline -0.001 -12"><span class='ocrx_word' id='word_1_253' title='bbox 299 2671 624 2712; x_wconf 81' lang='lat' dir='ltr'>canonicorum</span> <span class='ocrx_word' id='word_1_254' title='bbox 654 2670 939 2723; x_wconf 87' lang='lat' dir='ltr'>regularium</span> <span class='ocrx_word' id='word_1_255' title='bbox 968 2673 1013 2713; x_wconf 91' lang='lat' dir='ltr'>et</span> <span class='ocrx_word' id='word_1_256' title='bbox 1041 2674 1196 2713; x_wconf 86' lang='lat' dir='ltr'>tamen</span> <span class='ocrx_word' id='word_1_257' title='bbox 1225 2671 1399 2713; x_wconf 92' lang='lat' dir='ltr'>habent</span> <span class='ocrx_word' id='word_1_258' title='bbox 1429 2670 1713 2713; x_wconf 84' lang='lat' dir='ltr'>beneficium</span> <span class='ocrx_word' id='word_1_259' title='bbox 1741 2670 2070 2712; x_wconf 90' lang='lat' dir='ltr'>monachorum</span> 
     </span>
    </p>
   </div>
   <div class='ocr_carea' id='block_1_9' title="bbox 302 2782 2075 3087">
    <p class='ocr_par' dir='ltr' id='par_1_12' title="bbox 302 2782 2073 2905">
     <span class='ocr_line' id='line_1_35' title="bbox 407 2782 2073 2820; baseline -0.001 -10"><span class='ocrx_word' id='word_1_260' title='bbox 407 2791 436 2817; x_wconf 72' lang='lat' dir='ltr'>a)</span> <span class='ocrx_word' id='word_1_261' title='bbox 458 2786 514 2811; x_wconf 78' lang='lat' dir='ltr'>Am</span> <span class='ocrx_word' id='word_1_262' title='bbox 539 2786 669 2811; x_wconf 67' lang='lat' dir='ltr'>Raude:</span> <span class='ocrx_word' id='word_1_263' title='bbox 697 2785 893 2812; x_wconf 60' lang='lat' dir='ltr'>conclusum</span> <span class='ocrx_word' id='word_1_264' title='bbox 916 2787 976 2817; x_wconf 77' lang='lat' dir='ltr'>est,</span> <span class='ocrx_word' id='word_1_265' title='bbox 996 2786 1083 2820; x_wconf 80' lang='lat' dir='ltr'>qnod</span> <span class='ocrx_word' id='word_1_266' title='bbox 1105 2785 1279 2813; x_wconf 73' lang='lat' dir='ltr'>ordinator</span> <span class='ocrx_word' id='word_1_267' title='bbox 1299 2786 1466 2813; x_wconf 76' lang='lat' dir='ltr'>examinet</span> <span class='ocrx_word' id='word_1_268' title='bbox 1486 2785 1689 2813; x_wconf 72' lang='lat' dir='ltr'>ordinandos</span> <span class='ocrx_word' id='word_1_269' title='bbox 1710 2785 1813 2813; x_wconf 81' lang='lat' dir='ltr'>eciam</span> <span class='ocrx_word' id='word_1_270' title='bbox 1835 2785 1862 2811; x_wconf 88' lang='lat' dir='ltr'>si</span> <span class='ocrx_word' id='word_1_271' title='bbox 1888 2783 2013 2811; x_wconf 80' lang='lat' dir='ltr'>luerint.</span> <span class='ocrx_word' id='word_1_272' title='bbox 2033 2782 2073 2809; x_wconf 76' lang='lat' dir='ltr'>do</span> 
     </span>
     <span class='ocr_line' id='line_1_36' title="bbox 302 2829 2072 2866; baseline 0 -10"><span class='ocrx_word' id='word_1_273' title='bbox 302 2832 415 2857; x_wconf 65' lang='lat' dir='ltr'>ordine</span> <span class='ocrx_word' id='word_1_274' title='bbox 437 2832 704 2859; x_wconf 66' lang='lat' dir='ltr'>mvmlicanuinm.</span> <span class='ocrx_word' id='word_1_275' title='bbox 727 2848 755 2851; x_wconf 97' lang='lat'><strong>—</strong></span> <span class='ocrx_word' id='word_1_276' title='bbox 782 2832 972 2859; x_wconf 70' lang='lat' dir='ltr'>Deliberata</span> <span class='ocrx_word' id='word_1_277' title='bbox 993 2833 1045 2860; x_wconf 78' lang='lat' dir='ltr'>die</span> <span class='ocrx_word' id='word_1_278' title='bbox 1067 2833 1220 2860; x_wconf 83' lang='lat' dir='ltr'>mercurii</span> <span class='ocrx_word' id='word_1_279' title='bbox 1243 2833 1325 2860; x_wconf 91' lang='lat' dir='ltr'>VllI.</span> <span class='ocrx_word' id='word_1_280' title='bbox 1346 2833 1513 2860; x_wconf 72' lang='lat' dir='ltr'>octobris.</span> <span class='ocrx_word' id='word_1_281' title='bbox 1570 2833 1602 2865; x_wconf 87' lang='lat' dir='ltr'>b)</span> <span class='ocrx_word' id='word_1_282' title='bbox 1629 2832 1717 2859; x_wconf 78' lang='lat' dir='ltr'>Wohl</span> <span class='ocrx_word' id='word_1_283' title='bbox 1738 2832 1839 2860; x_wconf 85' lang='lat' dir='ltr'>semel</span> <span class='ocrx_word' id='word_1_284' title='bbox 1861 2831 1913 2859; x_wconf 78' lang='lat' dir='ltr'>vel</span> <span class='ocrx_word' id='word_1_285' title='bbox 1936 2829 2072 2866; x_wconf 76' lang='lat' dir='ltr'>pluries.</span> 
     </span>
     <span class='ocr_line' id='line_1_37' title="bbox 303 2879 464 2905; baseline 0.012 -2"><span class='ocrx_word' id='word_1_286' title='bbox 303 2885 330 2905; x_wconf 72' lang='lat' dir='ltr'>ct</span> <span class='ocrx_word' id='word_1_287' title='bbox 354 2879 464 2905; x_wconf 39' lang='lat' dir='ltr'>liin-ke.</span> 
     </span>
    </p>

    <p class='ocr_par' dir='ltr' id='par_1_13' title="bbox 308 2924 2075 3087">
     <span class='ocr_line' id='line_1_38' title="bbox 425 2924 2075 2971; baseline -0.002 -10"><span class='ocrx_word' id='word_1_288' title='bbox 425 2928 455 2969; x_wconf 87' lang='grc'>1)</span> <span class='ocrx_word' id='word_1_289' title='bbox 479 2928 567 2962; x_wconf 54' lang='lat' dir='ltr'>(lod.</span> <span class='ocrx_word' id='word_1_290' title='bbox 590 2928 633 2969; x_wconf 90' lang='lat' dir='ltr'>I),</span> <span class='ocrx_word' id='word_1_291' title='bbox 656 2929 694 2969; x_wconf 84' lang='lat' dir='ltr'>E,</span> <span class='ocrx_word' id='word_1_292' title='bbox 716 2928 756 2970; x_wconf 86' lang='lat' dir='ltr'>S,·</span> <span class='ocrx_word' id='word_1_293' title='bbox 778 2929 847 2963; x_wconf 78' lang='lat' dir='ltr'>cler</span> <span class='ocrx_word' id='word_1_294' title='bbox 867 2929 1002 2962; x_wconf 67' lang='lat' dir='ltr'>:irene</span> <span class='ocrx_word' id='word_1_295' title='bbox 1024 2928 1105 2962; x_wconf 72' lang='lat' dir='ltr'>Teii</span> <span class='ocrx_word' id='word_1_296' title='bbox 1130 2928 1241 2971; x_wconf 84' lang='lat' dir='ltr'>(Item</span> <span class='ocrx_word' id='word_1_297' title='bbox 1265 2930 1364 2971; x_wconf 88' lang='lat' dir='ltr'>quod</span> <span class='ocrx_word' id='word_1_298' title='bbox 1387 2954 1394 2962; x_wconf 92' lang='lat'><strong>.</strong></span> <span class='ocrx_word' id='word_1_299' title='bbox 1422 2954 1429 2962; x_wconf 94' lang='lat'><strong>.</strong></span> <span class='ocrx_word' id='word_1_300' title='bbox 1457 2955 1465 2962; x_wconf 90' lang='lat'>.</span> <span class='ocrx_word' id='word_1_301' title='bbox 1486 2927 1656 2971; x_wconf 89' lang='lat' dir='ltr'>valeant)</span> <span class='ocrx_word' id='word_1_302' title='bbox 1680 2927 1775 2962; x_wconf 87' lang='lat' dir='ltr'>auch</span> <span class='ocrx_word' id='word_1_303' title='bbox 1804 2927 1848 2970; x_wconf 88' lang='lat' dir='ltr'>V,·</span> <span class='ocrx_word' id='word_1_304' title='bbox 1870 2926 1910 2961; x_wconf 83' lang='lat' dir='ltr'>in</span> <span class='ocrx_word' id='word_1_305' title='bbox 1929 2926 1963 2960; x_wconf 93' lang='lat' dir='ltr'><em>D</em></span> <span class='ocrx_word' id='word_1_306' title='bbox 1982 2924 2075 2960; x_wconf 85' lang='lat' dir='ltr'>aber</span> 
     </span>
     <span class='ocr_line' id='line_1_39' title="bbox 309 2981 2072 3030; baseline 0.001 -15"><span class='ocrx_word' id='word_1_307' title='bbox 309 2985 553 3019; x_wconf 66' lang='lat' dir='ltr'>unnrillelbur</span> <span class='ocrx_word' id='word_1_308' title='bbox 579 2985 853 3030; x_wconf 72' lang='lat' dir='ltr'>anschliesiend</span> <span class='ocrx_word' id='word_1_309' title='bbox 880 2996 927 3020; x_wconf 84' lang='grc' dir='ltr'>(ιη</span> <span class='ocrx_word' id='word_1_310' title='bbox 957 2986 1013 3021; x_wconf 94' lang='lat' dir='ltr'>De</span> <span class='ocrx_word' id='word_1_311' title='bbox 1039 2986 1247 3020; x_wconf 88' lang='lat' dir='ltr'>unionibus</span> <span class='ocrx_word' id='word_1_312' title='bbox 1272 2987 1334 3030; x_wconf 82' lang='lat' dir='ltr'>(so</span> <span class='ocrx_word' id='word_1_313' title='bbox 1360 2986 1455 3020; x_wconf 77' lang='lat' dir='ltr'>auch</span> <span class='ocrx_word' id='word_1_314' title='bbox 1481 2986 1601 3020; x_wconf 81' lang='lat' dir='ltr'>Hardt</span> <span class='ocrx_word' id='word_1_315' title='bbox 1626 2985 1657 3028; x_wconf 89' lang='grc' dir='ltr'>Ι,</span> <span class='ocrx_word' id='word_1_316' title='bbox 1683 2985 1770 3030; x_wconf 79' lang='grc'><em>626)</em></span> <span class='ocrx_word' id='word_1_317' title='bbox 1797 2985 1940 3019; x_wconf 81' lang='lat' dir='ltr'>ebenso</span> <span class='ocrx_word' id='word_1_318' title='bbox 1966 2984 2006 3018; x_wconf 80' lang='lat' dir='ltr'>in</span> <span class='ocrx_word' id='word_1_319' title='bbox 2030 2981 2072 3025; x_wconf 88' lang='lat' dir='ltr'>S,·</span> 
     </span>
     <span class='ocr_line' id='line_1_40' title="bbox 308 3041 2074 3087; baseline 0.001 -13"><span class='ocrx_word' id='word_1_320' title='bbox 308 3042 400 3075; x_wconf 75' lang='lat' dir='ltr'>aber</span> <span class='ocrx_word' id='word_1_321' title='bbox 423 3043 505 3076; x_wconf 68' lang='lat' dir='ltr'>hier</span> <span class='ocrx_word' id='word_1_322' title='bbox 525 3044 832 3086; x_wconf 70' lang='lat' dir='ltr'>(larcleslrIelien3</span> <span class='ocrx_word' id='word_1_323' title='bbox 857 3045 893 3078; x_wconf 79' lang='lat' dir='ltr'>in</span> <span class='ocrx_word' id='word_1_324' title='bbox 927 3044 949 3077; x_wconf 85' lang='lat' dir='ltr'>l&#39;</span> <span class='ocrx_word' id='word_1_325' title='bbox 972 3045 1060 3087; x_wconf 72' lang='lat' dir='ltr'>yeh!</span> <span class='ocrx_word' id='word_1_326' title='bbox 1082 3045 1229 3078; x_wconf 79' lang='lat' dir='ltr'>diesem</span> <span class='ocrx_word' id='word_1_327' title='bbox 1255 3045 1336 3078; x_wconf 79' lang='lat' dir='ltr'>Tei!</span> <span class='ocrx_word' id='word_1_328' title='bbox 1359 3045 1427 3079; x_wconf 79' lang='lat' dir='ltr'>das</span> <span class='ocrx_word' id='word_1_329' title='bbox 1449 3045 1620 3078; x_wconf 76' lang='lat' dir='ltr'>Rubrum</span> <span class='ocrx_word' id='word_1_330' title='bbox 1642 3053 1781 3078; x_wconf 70' lang='lat' dir='ltr'>vorans</span> <span class='ocrx_word' id='word_1_331' title='bbox 1805 3043 1860 3077; x_wconf 90' lang='lat' dir='ltr'>De</span> <span class='ocrx_word' id='word_1_332' title='bbox 1882 3041 2074 3087; x_wconf 85' lang='lat' dir='ltr'>religiosis</span> 
     </span>
    </p>
   </div>
   <div class='ocr_carea' id='block_1_10' title="bbox 308 3097 1228 3137">
    <p class='ocr_par' dir='ltr' id='par_1_14' title="bbox 308 3097 1228 3137">
     <span class='ocr_line' id='line_1_41' title="bbox 308 3097 1228 3137; baseline 0.008 -8"><span class='ocrx_word' id='word_1_333' title='bbox 308 3097 537 3134; x_wconf 79' lang='lat' dir='ltr'>habentibus</span> <span class='ocrx_word' id='word_1_334' title='bbox 562 3102 709 3136; x_wconf 83' lang='lat' dir='ltr'>litteras</span> <span class='ocrx_word' id='word_1_335' title='bbox 735 3103 926 3136; x_wconf 83' lang='lat' dir='ltr'>facultatis</span> <span class='ocrx_word' id='word_1_336' title='bbox 951 3103 999 3137; x_wconf 86' lang='lat' dir='ltr'>ad</span> <span class='ocrx_word' id='word_1_337' title='bbox 1026 3101 1228 3136; x_wconf 83' lang='lat' dir='ltr'>beneficia.</span> 
     </span>
    </p>
   </div>
   <div class='ocr_carea' id='block_1_11' title="bbox 507 2765 595 2767">
    <p class='ocr_par' dir='ltr' id='par_1_15' title="bbox 507 2765 595 2767">
     <span class='ocr_line' id='line_1_42' title="bbox 507 2765 595 2767; baseline 0 0"><span class='ocrx_word' id='word_1_338' title='bbox 507 2765 595 2767; x_wconf 95' lang='lat' dir='ltr'> </span> 
     </span>
    </p>
   </div>
  </div>
 </body>
</html>
