2102 3444
221 131 277 173 74
740 131 767 165 I.
809 131 1018 166 Abschnitt.
1071 130 1472 176 Konzilstagebiicher.

223 249 507 302 possidebat,
547 250 592 291 in
634 263 724 303 quo
764 253 869 292 sunt
910 250 1062 292 insule
1103 249 1273 302 Sicilie,
1311 250 1525 293 Sardinie
1566 255 1611 293 et
1655 250 1988 293 Maioricarum.

221 321 365 371 Quam
390 320 736 363 concessionem
763 321 909 373 magis
933 324 1231 362 extorserunt
1255 333 1392 373 quam
1415 321 1729 364 obtinuerunt.
1766 321 1863 372 Quo
1887 333 1990 364 con-

224 391 411 433 cordato
448 391 615 433 iterum
654 391 857 433 surrexit
894 391 1152 434 difficultas
1189 391 1246 433 de
1285 392 1490 444 sedibus,
1528 392 1585 434 de
1625 405 1714 445 qua
1753 404 1909 445 supra,
1946 395 1992 434 et

224 462 363 515 legati
403 462 596 504 Francie
636 462 904 504 obtulerunt
943 462 1049 505 illos
1088 463 1300 516 recipere
1340 476 1440 504 cum
1479 464 1549 505 eis
1588 462 1851 505 alternatim
1890 475 1991 504 cum

223 533 556 586 protestatione
592 532 904 586 infrascripta,
940 533 1063 585 quod
1097 533 1426 586 Aragonenses
1462 535 1599 587 legati
1637 536 1993 586 acceptaverunt

223 607 267 646 et
291 604 535 646 concilium
558 604 864 646 confirmavit.

342 687 696 740 Consequenter
724 687 863 739 legati
895 687 936 728 d.
966 687 1126 729 Jacobi
1155 687 1332 729 comitis
1366 687 1565 729 Marchie
1596 690 1641 728 et
1670 686 1898 740 Johanne‚
1928 686 1994 729 di·

223 761 381 799 centes
404 770 453 800 se
477 770 634 810 regem
658 761 702 800 et
724 759 934 811 reginam
956 757 1112 800 Sicilie
1133 761 1178 799 et
1200 758 1497 811 possidentes
1519 770 1727 810 regnum,
1750 761 1993 800 moverunt

223 828 585 871 contraversiam
620 829 677 870 de
711 829 903 871 sedibus
936 828 1157 881 dicentes,
1191 829 1313 882 quod
1347 828 1435 882 ipsi
1469 828 1704 871 debebant
1736 828 1993 882 precedere

227 901 272 941 in
295 900 472 942 honore
497 899 624 942 sedis
645 900 791 942 dictos
813 900 1158 953 Aragonenses,
1180 903 1226 941 et
1248 900 1371 953 quod
1394 899 1521 941 illam
1545 911 1812 942 concessam
1835 899 1996 941 sedem

223 984 324 1012 cum
353 970 552 1013 Gallicis
572 970 903 1023 Aragonenses
930 970 1245 1023 precedebant
1272 983 1368 1023 eos,
1395 970 1520 1024 quod
1547 970 1706 1013 facere
1732 982 1826 1012 non
1855 969 1994 1012 debe-

226 1041 354 1084 bant:
384 1054 473 1094 que
501 1041 817 1084 controversia
846 1041 1006 1084 sedata
1035 1044 1105 1084 est
1132 1054 1188 1084 eo
1215 1041 1383 1095 medio,
1412 1041 1535 1095 quod
1562 1041 1670 1083 dicti
1696 1041 1837 1095 legati
1865 1039 1997 1094 regni

221 1113 378 1156 Sicilie
418 1112 639 1156 sederent
677 1113 724 1154 in
763 1116 895 1166 parte
936 1113 1125 1155 sinistra
1164 1112 1430 1155 immediate
1469 1115 1573 1166 post
1612 1112 1845 1166 Anglicos,
1885 1112 1993 1166 quia

225 1184 391 1226 Gallici
418 1184 641 1226 tenebant
667 1183 864 1237 primam
892 1187 1072 1237 partem
1102 1184 1328 1236 dextram,
1357 1183 1481 1236 quod
1509 1186 1867 1236 acceptaverunt
1893 1195 1996 1225 cum

223 1256 558 1309 protestatione
590 1254 902 1308 infrascripta.

339 1338 440 1381 Hiis
474 1338 630 1381 taliter
665 1338 956 1381 concordatis
991 1339 1131 1392 legati
1168 1337 1434 1391 Portugalie
1469 1337 1715 1379 adiverunt
1748 1337 1994 1390 collegium

223 1409 511 1452 cardinalum
546 1412 592 1452 et
628 1410 837 1463 singulas
871 1409 1093 1453 naciones
1128 1412 1484 1462 conquerentes,
1521 1411 1570 1450 ut
1606 1421 1762 1461 supra,
1797 1407 1856 1451 de
1891 1420 1995 1450 con-

226 1481 437 1524 cessione
459 1494 620 1523 vocum
641 1481 763 1523 facta
784 1481 1169 1534 Aragonensibus
1191 1484 1236 1523 et
1259 1480 1472 1522 fecerunt
1496 1481 1542 1522 in
1566 1479 1750 1533 scriptis
1772 1482 1998 1533 protesta-

223 1552 402 1594 cionem
431 1553 707 1594 sollemnem
737 1565 838 1594 cum
869 1552 1191 1604 instrumento,
1221 1552 1352 1594 cuius
1379 1554 1513 1593 tenor
1543 1550 1752 1604 sequitur
1780 1549 1994 1592 inferius.

343 1635 398 1677 Et
432 1638 536 1688 post
571 1635 698 1677 illam
734 1635 1125 1687 protestacionem
1161 1634 1395 1687 dixerunt,
1432 1633 1556 1687 quod
1591 1646 1677 1687 pro
1712 1631 1997 1686 acquirendo

226 1719 383 1759 regem
414 1706 680 1759 Aragonum
711 1707 874 1759 solum,
906 1718 999 1748 non
1030 1718 1240 1759 regnum,
1270 1705 1379 1759 quia
1408 1705 1577 1758 prelati
1609 1707 1655 1747 et
1684 1704 1838 1747 clerus
1868 1703 1997 1746 illius

230 1778 361 1831 regni
400 1778 622 1820 obediunt
659 1778 797 1819 Petro
835 1777 893 1819 de
932 1777 1063 1819 Luna
1101 1780 1148 1819 et
1184 1776 1408 1819 resistunt
1445 1777 1558 1830 regi,
1597 1775 1841 1818 concilium
1877 1775 1999 1818 forte

226 1849 448 1902 proderet
467 1861 603 1902 reges
624 1852 669 1891 et
690 1861 833 1901 regna
856 1849 1074 1901 Castelle,
1095 1848 1360 1901 Portugalie
1383 1850 1428 1890 et
1446 1848 1666 1890 Navarre.
1700 1847 1756 1889 Et
1775 1849 1997 1900 quantum

231 1920 289 1962 ad
312 1933 392 1962 eos
416 1922 721 1962 asseruerunt
745 1932 794 1961 se
819 1931 1090 1962 recessuros
1114 1919 1170 1961 de
1196 1918 1403 1961 concilio.
1440 1919 1583 1961 Erant
1606 1921 1759 1961 autem
1783 1917 1874 1960 duo
1899 1917 2000 1969 soli,

224 1991 331 2044 quia
369 1993 566 2044 quatuor
606 1991 775 2043 reliqui
816 1989 1059 2032 adiverant
1098 1991 1346 2032 salutatum
1386 2002 1545 2043 regem
1583 1989 1896 2032 Romanorum
1936 1987 1993 2032 ad

226 2062 441 2115 Angliam
466 2062 538 2103 vel
566 2062 613 2103 in
635 2061 709 2103 via
733 2063 1061 2103 revertentem.

342 2145 442 2186 Hiis
470 2145 581 2186 actis
608 2144 710 2187 dies
736 2147 807 2186 est
833 2144 1081 2196 assignata,
1108 2156 1199 2196 quo
1227 2143 1366 2196 legati
1392 2144 1626 2196 Aragonie
1655 2155 1704 2186 se
1732 2143 1996 2184 debuerunt

223 2217 359 2258 unire
394 2229 494 2257 cum
530 2215 723 2257 concilio
756 2218 801 2257 et
835 2218 989 2257 cetera
1024 2214 1196 2267 facere,
1231 2227 1320 2267 que
1356 2215 1403 2256 in
1438 2214 1652 2267 capitulis
1686 2213 1994 2265 continentur,

229 2287 445 2328 videlicet
466 2287 568 2329 dies
589 2286 706 2328 iovis
728 2286 842 2327 XVa.
866 2285 1090 2338 Octobris,
1113 2297 1250 2338 quam
1274 2284 1397 2326 diem
1420 2285 1478 2327 ab
1501 2285 1640 2327 inicio
1662 2297 1747 2338 pro
1769 2284 1999 2326 dilacione

227 2357 505 2411 expectandi
532 2357 709 2411 legatos
736 2357 939 2399 Castelle
964 2357 1242 2410 petiverant,
1267 2359 1313 2398 et
1338 2356 1466 2398 illam
1492 2355 1768 2409 denegatam
1793 2355 1851 2397 de
1876 2355 1999 2398 facto

232 2429 546 2480 obtinuerunt,
573 2429 619 2470 in
643 2441 733 2481 quo
757 2428 949 2481 negocio
973 2430 1185 2470 servatus
1209 2430 1280 2469 est
1303 2427 1417 2469 ordo
1442 2439 1659 2480 sequens.

344 2512 428 2553 Die
461 2511 600 2564 igitur
632 2511 748 2554 iovis
779 2511 875 2553 XV.
907 2510 1116 2553 Octobris
1149 2510 1257 2552 anni
1292 2509 1599 2552 MCCCCXVI
1634 2512 1680 2552 et
1711 2509 1893 2552 concilii
1926 2521 1996 2551 se-

226 2582 363 2624 cundi
395 2583 513 2625 sedit
544 2582 788 2624 concilium
820 2582 971 2635 primo
1002 2581 1102 2624 sine
1135 2581 1446 2623 sollennitate.
1492 2580 1546 2622 Et
1578 2583 1826 2634 antequam
1857 2580 1996 2622 intra-

230 2657 333 2695 rent
362 2654 499 2707 legati
530 2653 778 2706 Aragonie,
808 2653 947 2706 legati
978 2652 1245 2705 Portugalie
1274 2652 1488 2693 fecerunt
1515 2651 1904 2705 protestacionem
1934 2651 1999 2692 in-

232 2724 527 2778 frascriptam
561 2727 775 2777 petentes
808 2725 1129 2766 instrumenta.
1177 2723 1231 2765 Et
1264 2725 1561 2765 recesserunt
1594 2722 1652 2765 de
1687 2723 1787 2765 loco
1820 2721 2001 2764 concilii

235 2798 279 2837 et
307 2795 544 2838 sessionis.
585 2795 737 2837 Tenor
764 2798 918 2837 autem
944 2795 1301 2847 protestacionis
1325 2794 1432 2836 talis
1458 2796 1545 2836 est:

354 2866 578 2918 Quoniam
601 2870 646 2908 et
670 2866 775 2908 licet
798 2900 806 2908 .
843 2900 850 2907 .
886 2900 895 2908 .
917 2865 1308 2920 premissarum.²)

346 3020 378 3061 1)
404 3019 525 3054 Hardt
549 3018 615 3061 IV,
640 3019 821 3062 912-20;
850 3019 975 3054 Mansi
1000 3017 1148 3053 XXVII
1173 3017 1345 3054 954—57.
