2102 3444
247 135 303 178 80
769 135 794 169 Ι.
836 134 1046 170 Abschnitt.
1100 134 1500 180 Konzilstagebiicher.

372 254 495 295 Inter
520 254 605 295 hec
631 253 1020 296 examinabantur
1046 257 1189 297 testes
1213 258 1372 298 contra
1399 255 1586 298 Petrum
1612 256 1669 298 de
1697 256 1827 298 Luna
1853 258 1898 298 et
1922 259 2020 311 tan·-

250 324 353 366 dem
379 337 463 377 per
489 324 733 377 deputatos
759 325 817 367 ad
841 326 925 367 hoc
951 325 1037 367 fuit
1062 325 1278 368 conclusa
1303 327 1462 369 citacio
1487 329 1530 369 et
1554 327 1704 380 posita
1729 326 1849 368 inter
1873 327 2019 369 cardi-

248 396 381 437 nales
413 399 457 437 et
488 396 709 438 naciones
740 395 1049 438 deliberanda
1081 399 1125 438 et
1157 397 1374 439 conclusa
1405 397 1504 442 fuit.

368 478 452 520 Die
478 479 616 531 Igitur
641 478 820 520 sabbati
846 479 1059 520 XXVIII.
1084 479 1358 522 Novembris
1382 492 1504 522 anno
1528 480 1670 522 tercio
1695 479 1875 522 concilii
1899 479 2019 522 sedit

249 549 492 590 concilium
513 562 615 590 cum
636 550 915 591 solennitate
938 553 982 591 et
1002 550 1211 603 presedit
1231 550 1483 593 cardinalis
1505 551 1734 593 Ostiensis
1755 563 1840 604 pro
1862 551 2020 593 decer-

249 619 403 662 nenda
429 620 652 662 citacione
680 623 838 662 contra
868 621 1054 662 Petrum
1081 621 1138 662 de
1167 621 1310 663 Luna.

366 702 629 745 Cardinalis
662 703 959 746 Florentinus
989 704 1100 746 fecit
1129 704 1411 747 relacionem
1443 705 1500 746 de
1532 704 1869 747 informacione
1900 716 2021 746 sum·

248 773 393 816 maria
433 774 555 816 facta
594 774 753 834 vigore
794 775 1134 818 commissionis
1173 775 1394 828 predicte.
1448 776 1545 827 Qua
1585 776 1822 817 relacione
1863 775 2019 818 audita

248 845 419 897 placuit
454 845 648 886 concilio
684 846 956 887 citacionem
992 846 1181 887 decerni
1216 850 1261 888 et
1296 846 1385 889 fuit
1420 859 1716 900 responsum:
1767 846 1924 889 Placet
1959 859 2019 888 ex

247 919 378 968 parte
414 916 620 968 quinque
655 916 900 958 nacionum
936 920 981 958 et
1015 930 1074 958 ex
1108 920 1240 970 parte
1275 917 1483 959 nacionis
1518 917 1782 970 Hyspanice
1818 917 1865 959 in
1899 917 2020 959 dicto

246 986 388 1028 tercio
422 987 535 1039 loco3
567 990 704 1040 prout
738 987 893 1029 fuerat
926 1000 1209 1030 concessum.
1257 989 1311 1030 Et
1345 1001 1623 1041 responsum
1657 989 1814 1031 etiam:
1863 988 2021 1030 Placet

247 1069 305 1098 ex
336 1061 468 1110 parte
500 1058 822 1111 cardinalium,
856 1059 981 1100 item:
1017 1059 1174 1101 Placet
1203 1072 1314 1101 voce
1346 1059 1576 1101 communi
1607 1062 1652 1101 et
1682 1060 1775 1102 alta
1805 1072 1891 1113 per
1919 1059 2020 1101 uni-

247 1141 430 1171 versam
455 1129 695 1182 synodum.
1879 1175 1882 1178 ,

366 1200 473 1242 Post
509 1200 595 1242 hec
632 1201 881 1253 episcopus
922 1201 1139 1244 Dolensis
1177 1201 1287 1254 legit
1324 1201 1562 1243 decretum
1600 1201 1851 1254 citacionis‚
1888 1202 2019 1243 cuius

246 1274 379 1313 tenor
408 1271 516 1313 talis
544 1274 632 1313 est:
676 1271 843 1314 Sancta
872 1305 880 1313 .
917 1306 924 1313 .
961 1305 969 1313 .
1001 1271 1180 1314 Clamat
1210 1275 1367 1314 sancta
1399 1306 1406 1314 .
1443 1306 1450 1314 .
1487 1272 1537 1326 .¹)

365 1354 450 1396 Die
478 1354 588 1396 lune
618 1354 773 1396 XIIII.
804 1354 1076 1396 Decembris
1105 1367 1227 1397 anno
1259 1354 1566 1397 MCCCCXVI
1593 1358 1640 1397 et
1666 1353 1848 1397 concilii
1874 1354 2020 1396 tercio

247 1425 366 1467 sedit
397 1425 641 1467 concilium
672 1438 757 1478 pro
788 1425 1055 1478 receptione
1087 1426 1345 1479 legatorum
1376 1425 1551 1468 domini
1582 1426 1810 1468 Johannis
1841 1424 2020 1468 comitis

249 1496 379 1548 Fuxi,
404 1497 482 1549 qui
508 1499 641 1538 erant
666 1496 771 1549 duo,
796 1496 1016 1538 videlicet
1040 1495 1243 1539 Xancius
1267 1496 1509 1539 Olorensis
1533 1499 1579 1538 et
1603 1496 1873 1539 Bernardus
1897 1495 2020 1538 Adu-

248 1566 400 1609 rensis
434 1567 640 1620 episcopi
675 1567 732 1609 de
766 1567 930 1609 ordine
965 1567 1327 1610 Predicatorum.
1374 1568 1427 1610 Et
1461 1567 1550 1609 fuit
1582 1567 1651 1610 eis
1683 1570 1847 1621 parata
1880 1566 2019 1621 sedes

248 1650 465 1690 superna.
506 1638 559 1680 Et
585 1639 736 1691 primo
763 1638 851 1680 fuit
877 1638 1122 1680 concilium
1150 1638 1250 1681 sine
1279 1639 1591 1681 sollennitate.
1635 1638 1686 1680 In
1711 1651 1802 1692 quo
1827 1637 2020 1691 negocio

249 1721 452 1762 sequens
475 1708 589 1751 ordo
613 1712 825 1751 servatus
849 1712 936 1752 est:

365 1780 520 1822 Primo
548 1780 796 1833 episcopus
823 1780 1065 1823 Olorensis
1092 1780 1382 1833 presentavit
1409 1780 1588 1823 litteras
1615 1781 1799 1823 clausas
1826 1779 2018 1831 comitis,

247 1863 336 1903 que
367 1851 484 1892 lecte
516 1850 708 1892 fuerunt
738 1854 783 1893 et
814 1851 954 1892 nichil
986 1851 1075 1893 nisi
1108 1851 1617 1893 recommendacionem
1649 1854 1696 1893 et
1726 1851 2019 1893 credenciam

246 1921 558 1964 continebant.

365 1992 578 2035 Secundo
618 1994 905 2046 presentavit
946 1993 1316 2046 procuratorium
1356 1993 1568 2035 eiusdem
1607 1992 1786 2036 comitis
1826 1995 1871 2034 et
1907 2005 2020 2035 non-

247 2063 483 2104 nullorum
509 2064 850 2116 episcoporum,
877 2063 1095 2105 abbatum
1121 2067 1166 2105 et
1192 2063 1497 2117 capitulorum
1525 2064 1713 2106 nomine
1740 2063 1854 2105 cleri
1881 2066 2018 2116 atque

247 2134 475 2175 baronum
501 2136 547 2176 et
572 2134 798 2176 nobilium
827 2135 1015 2176 nomine
1044 2137 1189 2177 status
1215 2137 1259 2176 et
1287 2134 1484 2176 aliorum
1510 2134 1698 2177 nomine
1726 2134 1891 2176 civium
1920 2133 2019 2176 sive

247 2204 400 2257 plebis
450 2205 508 2246 ad
556 2204 810 2246 uniendum
861 2217 909 2246 se
958 2218 1059 2246 cum
1107 2205 1303 2246 concilio
1350 2208 1395 2246 et
1445 2204 1770 2258 complendum
1818 2203 2020 2258 capitula

248 2275 476 2319 Narbone.

371 2346 483 2387 Item
525 2346 653 2388 aliud
694 2347 1062 2399 procuratorium
1105 2347 1293 2388 nomine
1335 2346 1513 2389 comitis
1553 2349 1599 2388 et
1638 2346 1775 2388 trium
1818 2349 2019 2388 statuum
2087 2343 2089 2346 ⁴

249 2416 433 2469 Bierne,
459 2416 588 2459 cuius
613 2416 735 2458 idem
762 2429 916 2459 comes
942 2420 1012 2460 est
1038 2416 1252 2459 dominus
1277 2420 1435 2470 preter
1460 2417 1723 2459 comitatum
1749 2430 1852 2459 cum
1878 2416 2018 2459 simili

249 2490 491 2539 potestate,
541 2499 736 2539 quorum
787 2489 987 2540 primum
1038 2488 1203 2530 lectum
1254 2488 1354 2540 fuit,
1405 2487 1658 2530 secundum
1709 2487 1818 2541 quia
1868 2487 2019 2530 simile

249 2558 532 2600 ommissum.

367 2628 529 2670 Tercio
557 2628 680 2670 idem
709 2630 956 2682 episcopus
986 2629 1227 2672 Olorensis
1256 2629 1420 2672 obtulit
1447 2629 1704 2682 procedere
1734 2629 1792 2672 ad
1820 2628 2020 2682 comple-

250 2702 453 2740 mentum
485 2699 709 2741 dictorum
741 2701 1048 2752 capitulorum
1078 2700 1293 2742 Narbone
1325 2703 1370 2742 et
1400 2701 1608 2742 narravit
1638 2699 2018 2742 convocacionem

249 2769 425 2811 comitis
453 2773 497 2811 et
525 2770 720 2812 aliorum
748 2769 916 2812 factam
944 2783 1029 2824 per
1057 2770 1314 2823 concilium,
1344 2770 1458 2813 sicut
1485 2771 1747 2813 continetur
1774 2771 1820 2812 in
1847 2770 2019 2823 capitu-

250 2840 307 2882 lis
341 2840 570 2882 Narbone.
616 2841 712 2892 Qua
747 2842 904 2883 habita
938 2854 1023 2895 pro
1058 2842 1174 2883 lecta
1210 2842 1311 2894 ipse
1346 2841 1533 2883 nomine
1568 2840 1745 2884 comitis
1779 2843 1826 2883 et
1858 2841 2018 2894 vigore

251 2910 321 2951 sui
349 2911 552 2953 mandati
578 2912 844 2954 convocavit
869 2912 992 2954 istud
1018 2912 1262 2954 concilium
1290 2911 1337 2953 in
1364 2911 1529 2965 forma,
1556 2911 1603 2953 in
1630 2924 1718 2965 qua
1747 2911 1872 2954 idem
1898 2910 2019 2953 fece-

368 3040 400 3083 1)
432 3041 552 3075 Hardt
583 3041 648 3083 11',
677 3041 883 3084 986-995,·
916 3041 1041 3076 Mami
1072 3040 1230 3083 ΧΧΙἸΙ,
1259 3040 1434 3075 972-76.
