2227 3434
574 167 612 201 B.
652 166 731 202 Der
754 166 855 201 liber
879 169 1073 211 gestorum
1100 168 1169 202 des
1196 166 1437 202 Cerretanus.
1804 170 1889 213 263

125 287 247 339 quod
280 298 339 328 ex
371 288 487 339 post,
521 288 765 338 postquam
799 297 884 327 rex
916 286 1183 338 Aragonum
1217 285 1274 327 de
1307 285 1529 328 Valencia
1563 285 1798 339 applicuit,
1832 286 1890 328 ad

125 357 292 400 dictum
314 358 463 399 locum
486 356 543 398 de
566 355 850 408 Perpiniano
871 357 1121 409 missisque
1144 356 1557 398 ambassiatoribus
1580 357 1687 398 hinc
1708 356 1816 399 inde
1841 370 1890 399 ac

125 427 243 470 dicta
273 427 501 469 electione
533 426 619 468 loci
650 427 975 469 convencionis
1005 439 1091 480 per
1121 439 1279 480 regem
1309 426 1619 469 Romanorum
1650 427 1749 481 regi
1778 427 1891 469 Ara-

123 509 292 550 gonum
317 500 362 540 et
387 498 427 541 d.
455 497 594 540 Petro
618 497 674 539 de
702 497 846 550 Luna,
873 498 930 539 de
957 510 1047 550 quo
1072 497 1224 540 eidem
1250 497 1561 539 Romanorum
1588 499 1686 551 regi
1711 497 1890 551 gracias

125 568 403 622 multiplices
426 568 701 622 retulerunt,
725 568 911 610 tandem
937 569 994 610 ab
1019 568 1088 611 eis
1111 581 1220 622 rege
1245 568 1557 610 Romanorum
1581 568 1767 621 prefato
1789 581 1892 611 con-

124 641 361 682 senciente
386 639 474 681 fuit
498 640 674 681 electus
700 640 826 682 locus
852 639 1178 682 convencionis
1201 639 1466 681 huiusmodi
1495 640 1540 681 in
1566 639 1684 681 dicto
1709 639 1809 681 loco
1834 639 1890 681 de

125 709 407 764 Perpiniano
429 710 628 752 distante
652 710 710 752 ab
731 710 815 752 hac
838 710 1019 752 civitate
1040 722 1126 763 per
1147 722 1287 752 unam
1309 710 1493 752 dietam.
1530 710 1584 752 Et
1605 710 1892 763 subsequen-

122 784 193 823 ter
225 793 325 823 cum
359 781 449 823 iam
481 780 584 823 fere
618 785 744 823 esset
775 780 1099 834 deliberatum,
1133 793 1291 834 regem
1324 785 1369 823 et
1400 794 1485 823 nos
1519 780 1756 834 accedere,
1788 780 1891 822 heri

123 855 498 905 supervenerunt
527 852 682 893 nuncii
713 865 772 893 ex
803 854 935 904 parte
966 851 1090 904 regis
1119 852 1385 905 Aragonum
1416 851 1725 905 requirentes,
1755 851 1891 905 quod,

122 936 222 965 cum
252 935 336 965 rex
365 923 465 976 ipse
496 923 543 964 in
573 922 846 965 infirmitate
876 922 1167 964 recidivisset
1196 923 1357 976 priori,
1386 935 1471 975 per
1501 925 1600 964 octo
1629 922 1728 965 dies
1759 934 1891 964 suum

123 1006 206 1035 rex
237 995 337 1047 ipse
366 993 677 1036 Romanorum
708 993 970 1036 retardaret
999 1006 1249 1046 accessum,
1280 993 1403 1046 quod
1431 1005 1516 1034 rex
1544 993 1644 1046 ipse
1675 992 1893 1046 quodam-

124 1065 258 1108 modo
284 1064 587 1118 displicenter
613 1065 802 1118 accepit.
841 1065 896 1106 Et
921 1064 1027 1106 ideo
1052 1064 1111 1106 ad
1136 1063 1490 1106 accelerandum
1516 1065 1758 1117 negocium
1784 1076 1892 1106 suos

125 1136 233 1178 illuc
261 1135 622 1179 ambassiatores
650 1135 914 1178 retromittit
940 1135 1013 1177 die
1042 1136 1244 1177 crastina
1272 1147 1554 1178 accessuros.
1595 1135 1712 1187 Quid
1739 1137 1891 1177 autem

123 1207 231 1250 inde
262 1206 450 1259 accidet,
481 1207 643 1260 ignoro
674 1241 682 1248 .
718 1240 726 1248 .
763 1241 771 1248 .
815 1206 1044 1259 Scriptum
1075 1206 1290 1248 Narbone
1322 1218 1444 1248 nona
1474 1205 1775 1259 Septembris.

243 1278 481 1321 -Johannes
525 1277 772 1331 episcopus
815 1277 1123 1320 Gebenensis.

240 1348 389 1402 Anno,
426 1348 677 1391 indictione
714 1348 883 1402 quibus
921 1360 1063 1401 supra
1101 1348 1174 1389 die
1214 1349 1324 1390 lune
1361 1347 1533 1389 XXIII.
1572 1348 1746 1390 mensis
1782 1347 1893 1401 Sep-

123 1419 349 1463 tembris.
385 1453 393 1462 .
429 1420 479 1476 .¹)

238 1490 457 1544 Sequitur
487 1491 696 1533 clausula
728 1490 881 1532 littere
913 1491 1054 1532 misse
1086 1489 1281 1543 prelatis
1312 1490 1358 1531 in
1391 1502 1522 1532 sacro
1552 1488 1746 1532 concilio
1777 1488 1893 1531 Con-

124 1561 373 1605 stanciensi
401 1561 710 1604 existentibus
739 1574 824 1615 per
853 1562 894 1603 d.
925 1561 1187 1603 Johannem
1216 1560 1614 1613 archiepiscopum
1643 1560 1891 1613 Rigensem

124 1633 180 1675 de
206 1633 505 1686 Perpiniano,
531 1633 620 1687 ina)
650 1645 740 1686 qua
767 1632 1000 1686 significat
1027 1633 1195 1674 bonam
1223 1632 1534 1673 intencionem
1561 1631 1603 1673 d.
1632 1631 1755 1684 regis
1781 1631 1893 1672 Ara-

123 1716 292 1758 gonum
318 1707 363 1746 et
389 1704 512 1757 quod
537 1707 614 1746 aut
640 1704 806 1746 Petrus
832 1703 889 1745 de
916 1703 1047 1745 Luna
1073 1703 1205 1744 cedet
1231 1706 1308 1744 aut
1332 1702 1421 1744 sibi
1446 1701 1601 1744 totalis
1625 1701 1893 1743 obedientia

125 1774 437 1818 subtrahetur.

242 1845 437 1888 Demum
463 1848 568 1899 post
594 1845 857 1898 ingressum
884 1845 990 1886 dicti
1019 1845 1059 1886 d.
1088 1844 1212 1898 regis
1238 1844 1549 1886 Romanorum
1575 1846 1795 1886 tractatus
1823 1855 1894 1885 su-

125 1929 209 1970 per
236 1917 428 1970 negocio
457 1916 719 1970 principali,
750 1919 942 1969 propter
972 1916 1095 1969 quod
1124 1915 1263 1968 venit,
1294 1915 1414 1957 inter
1443 1927 1563 1967 eum,
1595 1926 1752 1967 regem
1782 1913 1895 1960 Ara-

125 2000 292 2041 gonum
319 1991 365 2030 et
392 1988 432 2032 d.
461 1988 650 2030 Petrum
676 1987 733 2029 de
761 1987 891 2029 Luna
918 1987 964 2028 in
992 1986 1126 2028 domo
1153 1986 1365 2028 eiusdem
1393 1986 1434 2027 d.
1462 1986 1586 2039 regis
1614 1985 1894 2038 Aragonum,

127 2058 204 2101 ubi
237 2062 414 2102 secrete
449 2059 507 2101 ad
539 2059 623 2101 hoc
655 2061 983 2110 convenerant,
1015 2070 1101 2099 nec
1133 2058 1236 2110 quis
1271 2057 1391 2099 alius
1424 2057 1662 2108 intererat,
1695 2055 1892 2097 inchoati

127 2133 172 2172 et
195 2129 416 2184 deinceps
441 2142 588 2183 usque
613 2129 751 2171 hodie
776 2141 861 2182 per
885 2128 1075 2171 eosdem
1100 2132 1144 2170 et
1169 2131 1366 2181 quatuor
1391 2127 1507 2170 alias
1531 2139 1759 2180 personas
1783 2126 1895 2167 dun-

128 2203 252 2243 taxat
279 2200 336 2243 ad
361 2201 447 2243 hoc
474 2213 558 2254 per
586 2200 712 2253 ipsos
740 2203 835 2243 tres
863 2200 904 2242 d.
934 2199 1178 2252 deputatos
1206 2198 1456 2241 continuati
1485 2200 1604 2240 sunt.
1647 2198 1699 2239 In
1728 2196 1896 2250 quibus

129 2271 186 2313 ad
217 2274 392 2314 tantum
425 2271 714 2325 devenimus,
749 2271 970 2324 precipue
1006 2270 1130 2323 apud
1162 2269 1314 2323 ipsum
1347 2269 1388 2311 d.
1424 2281 1582 2322 regem
1616 2269 1895 2321 Aragonum,

130 2343 206 2395 qui
230 2343 403 2395 utique,
425 2345 647 2396 quantum
670 2354 728 2383 ex
752 2354 976 2395 processu
1000 2354 1083 2383 suo
1106 2344 1150 2382 et
1174 2340 1278 2383 aliis
1300 2339 1664 2382 circumstanoiis
1687 2338 1896 2381 humani-

129 2415 201 2456 tus
233 2414 386 2467 colligi
419 2416 583 2467 potest,
618 2412 931 2454 sincerissime
965 2415 1010 2454 et
1041 2411 1319 2453 fidelissime
1353 2423 1402 2453 se
1435 2410 1575 2452 habet
1607 2409 1653 2451 in
1687 2409 1774 2451 ista
1806 2421 1897 2450 ma-

130 2484 260 2537 teria,
288 2487 337 2526 ut
364 2484 438 2526 vel
469 2484 510 2526 d.
542 2484 708 2526 Petrus
738 2483 814 2525 det
841 2495 1001 2537 pacem
1031 2483 1228 2525 ecclesie
1259 2494 1344 2535 per
1373 2494 1504 2523 suam
1533 2481 1792 2523 cessionem
1822 2479 1895 2520 vel

132 2555 178 2596 in
202 2567 324 2608 casu,
348 2566 439 2608 quo
462 2554 507 2596 id
530 2567 623 2597 non
648 2554 801 2607 fieret,
826 2554 950 2607 quod
973 2553 1105 2606 absit,
1128 2554 1283 2595 totalis
1308 2552 1582 2594 obediencia
1607 2551 1694 2593 sibi
1720 2551 1897 2593 subtra-

131 2624 284 2678 hatur;
309 2625 524 2679 quodque
549 2625 646 2667 sive
670 2637 762 2667 uno
786 2625 882 2666 sive
908 2624 1000 2667 alio
1023 2624 1158 2666 modo
1182 2623 1278 2666 fiat.
1316 2622 1552 2665 Notabiles
1575 2622 1661 2663 viri
1686 2622 1897 2663 doctores

132 2699 176 2738 et
200 2696 367 2750 prelati
392 2709 477 2750 pro
500 2699 631 2749 parte
656 2695 885 2738 antedicte
911 2694 1200 2747 obediencie,
1226 2707 1314 2747 que
1340 2706 1479 2736 unam
1503 2706 1588 2746 per
1613 2705 1677 2745 se,
1702 2695 1750 2734 ut
1774 2703 1897 2734 acce-

133 2765 297 2819 pimus,
323 2766 462 2809 faciet
487 2767 743 2819 nacionem,
770 2778 966 2808 unacum
994 2765 1320 2818 prenominato
1347 2763 1648 2806 invictissimo
1675 2763 1898 2805 Romano-

134 2849 234 2879 rum
274 2849 383 2891 rege
424 2837 746 2880 Constanciam
788 2836 1020 2880 accedent.
1073 2836 1172 2878 Dat.
1214 2835 1485 2889 Pyrpiniani
1527 2834 1600 2876 die
1642 2833 1897 2887 penultima

241 2960 271 2981 a)
293 2953 324 2980 in
346 2960 411 2988 qua
430 2976 436 2982 .
457 2975 462 2980 .
485 2976 488 2979 .
513 2953 731 2981 subtrahetur
750 2954 829 2987 fehlt
853 2956 880 2981 (¹.

252 3014 284 3056 ¹)
310 3014 457 3049 Berichl
480 3015 576 3049 iiber
598 3014 661 3049 die
685 3014 812 3048 Sessio
834 3013 941 3056 XIX,·
966 3014 1077 3047 meis!
1099 3012 1268 3046 wortlieh
1296 3009 1665 3044 ubereirzstimmcnd
1690 3008 1756 3042 mit
1779 3005 1897 3039 Har-cll

138 3070 202 3112 IV,
226 3072 427 3115 500—533,-
455 3072 580 3107 Mansi
605 3071 763 3114 XXVII,
787 3071 982 3106 791—801.
