2227 3434
858 134 947 169 1415
977 134 1078 168 Marz
1108 135 1161 169 11.
1804 140 1888 182 405

125 250 366 292 venienter
409 251 666 303 comparari
709 251 939 304 videntur,
984 287 991 294 .
1028 287 1035 293 .
1073 290 1078 296 .
1124 253 1357 306 simplices
1401 267 1510 296 vero
1553 260 1597 297 et
1640 256 1890 298 inferiores

122 320 277 362 clerici
310 321 498 374 proprie
531 321 722 363 auribus
755 322 1060 375 adequantur,
1092 328 1321 376 quatenus
1353 325 1526 367 scilicet
1555 339 1665 368 vere
1697 327 1889 369 obedire

123 402 304 433 necnon
327 395 548 444 precepta
572 393 864 445 superiorum
890 398 934 436 et
959 395 1130 436 monita
1154 395 1345 437 auribus
1368 397 1629 449 percipiant
1653 410 1889 450 opereque

123 460 409 514 adimpleant
441 496 448 504 .
484 496 492 503 .
529 497 536 504 .
585 462 846 516 Imperialis
875 476 986 506 vero
1017 469 1060 506 et
1092 465 1264 518 regalis
1293 466 1541 510 auctoritas
1570 467 1629 509 ad
1659 467 1891 510 defensio-

122 544 228 574 nem
259 536 304 574 et
331 533 672 586 proteccionem
703 535 911 588 corporis
943 536 1106 577 mistici
1136 536 1348 579 ordinata
1378 537 1542 580 celitus
1572 551 1683 580 vere
1713 538 1892 580 brachi-

123 615 254 644 orum
277 607 435 657 typum
457 608 642 657 gestare
667 605 862 657 videtur,
888 640 895 647 .
932 640 939 647 .
976 640 983 647 .
1010 607 1181 649 milites
1204 611 1356 649 autem
1380 613 1425 650 et
1449 609 1632 651 nobiles
1654 609 1712 651 ad
1734 622 1892 663 corpo-

124 675 189 717 ris
231 674 396 717 mistici
436 675 677 728 guardiam
721 676 810 719 iam
854 676 1078 719 dictorum
1122 678 1416 720 brachiorum
1459 680 1713 722 custodiam
1756 680 1890 722 electi

123 745 344 798 precipue
379 758 565 788 manum
599 759 766 799 gerere
800 747 1014 789 dicuntur
1049 748 1176 790 iuxta
1209 749 1387 791 Valerii
1420 753 1467 792 et
1500 750 1687 804 Vegecii
1720 750 1893 793 dictum

123 849 131 857 .
168 849 176 857 .
212 854 218 860 .
252 816 404 859 Incole
431 817 679 870 civitatum,
705 817 921 860 villarum
947 821 992 861 et
1018 821 1273 861 castrorum
1300 823 1423 862 recte
1448 821 1647 873 genibus
1673 822 1890 875 coequari

122 886 351 929 videntur.
396 888 791 940 Quemadmodum
823 889 948 931 enim
982 902 1040 931 ex
1072 902 1273 943 genuum
1306 890 1532 933 fleccione
1563 891 1623 934 sit
1654 904 1764 934 vere
1795 904 1892 934 cor-

122 958 249 1011 poris
279 958 419 1001 motio
447 959 690 1012 naturalis,
722 972 813 1012 qua
842 963 1052 1002 movetur
1081 964 1126 1002 et
1157 960 1354 1014 fovetur,
1386 962 1450 1004 sic
1479 966 1524 1004 et
1552 963 1716 1004 horum
1747 975 1891 1016 opera

122 1041 290 1082 corpus
325 1030 522 1072 ecclesie
559 1030 786 1072 misticum
823 1035 1032 1073 movetur
1068 1035 1113 1073 et
1150 1035 1435 1074 sustentatur
1470 1067 1478 1074 .
1515 1067 1522 1074 .
1559 1068 1566 1075 .
1616 1033 1811 1076 Demum
1847 1037 1893 1076 et

121 1103 358 1152 postremo
386 1101 587 1154 agricole
617 1104 661 1142 et
690 1101 944 1144 mechanici
973 1106 1018 1144 et
1046 1102 1350 1155 laboratores,
1380 1117 1439 1145 ex
1469 1117 1664 1157 quorum
1693 1104 1892 1147 artificio

122 1170 260 1213 alitur
291 1183 452 1213 verum
483 1185 650 1225 corpus
681 1176 726 1214 et
759 1176 1043 1215 sustentetur
1074 1174 1273 1226 pedibus
1308 1208 1314 1215 .
1352 1209 1359 1215 .
1396 1209 1403 1216 .
1436 1187 1574 1227 pares
1605 1188 1710 1218 esse
1744 1175 1893 1217 decla-

123 1245 284 1284 rantur
309 1277 317 1284 .
354 1276 362 1284 .
398 1276 406 1284 .
433 1243 502 1284 Ex
525 1244 770 1296 premissis
795 1244 933 1297 igitur
958 1244 1158 1286 infertur
1184 1245 1456 1298 clarissime,
1484 1280 1491 1287 .
1528 1280 1535 1287 .
1573 1280 1580 1287 .
1607 1247 1729 1299 quod
1755 1246 1892 1288 huius

121 1308 357 1367 generalis
390 1313 766 1357 Constanciensis
797 1316 980 1357 concilii
1010 1316 1314 1369 congregacio
1345 1316 1660 1359 conformatur
1690 1317 1892 1359 veridice

122 1384 301 1427 mistico
327 1397 521 1438 corpore
547 1385 829 1429 universalis
855 1387 1052 1428 ecclesie
1081 1387 1335 1439 militantis,
1363 1387 1580 1440 quoniam
1605 1388 1711 1430 huic
1738 1389 1891 1430 omnia

123 1455 330 1509 corporis
353 1457 562 1499 membra
587 1491 594 1498 .
631 1491 638 1498 .
675 1491 683 1498 .
706 1457 985 1499 conveniunt
1012 1492 1019 1499 .
1056 1495 1062 1501 .
1100 1492 1107 1499 .
1145 1458 1271 1500 Nunc
1295 1458 1433 1512 igitur
1457 1459 1660 1500 secunde
1684 1459 1893 1501 conside-

123 1526 323 1570 racionis
349 1527 676 1581 aggrediamur
702 1528 1005 1582 propositum,
1035 1529 1110 1570 ubi
1139 1529 1196 1570 de
1224 1529 1493 1572 auctoritate
1521 1533 1567 1571 et
1592 1532 1819 1583 potestate
1848 1532 1894 1571 et

122 1598 455 1640 convocacione
484 1599 639 1641 debita
668 1598 913 1653 fructuque
940 1603 987 1641 et
1014 1600 1212 1642 utilitate
1239 1601 1476 1653 generalis
1505 1600 1684 1642 concilii
1715 1601 1892 1654 aliquid

122 1672 193 1711 est
216 1669 523 1712 reserandum
551 1705 558 1711 .
595 1704 602 1711 .
639 1705 646 1712 .
686 1670 862 1712 Dicitur
887 1670 1129 1712 concilium
1154 1671 1287 1724 quasi
1311 1672 1568 1714 communis
1591 1671 1893 1725 congregacio

168 1774 176 1781 .
212 1774 220 1782 .
249 1744 293 1782 et
321 1740 486 1782 dicitur
512 1754 537 1783 a
564 1754 648 1783 con
676 1745 720 1782 et
749 1741 904 1783 cilium
934 1779 940 1785 .
979 1776 985 1783 .
1023 1776 1030 1783 .
1071 1743 1161 1783 Alii
1193 1742 1363 1794 dicunt,
1393 1742 1515 1795 quod
1544 1742 1709 1784 dicitur
1738 1755 1763 1784 a
1791 1755 1893 1784 con-

122 1811 231 1864 cire,
264 1811 387 1864 quod
417 1816 463 1854 et
494 1824 761 1854 convocare.
812 1812 922 1854 Inde
955 1814 1113 1854 concio
1144 1814 1277 1865 quasi
1311 1813 1618 1866 congregat-io,
1654 1850 1660 1857 .
1698 1847 1705 1854 .
1742 1847 1749 1854 .
1784 1813 1892 1854 inde

122 1883 386 1936 conciliare,
420 1883 543 1936 quod
575 1887 645 1925 est
677 1884 959 1937 coniungere
992 1887 1039 1925 et
1072 1884 1354 1925 concordare
1388 1887 1434 1926 et
1467 1884 1728 1926 conciliare.
1782 1884 1891 1925 Inde

122 1953 494 2006 conciliabulum,
518 1954 640 2006 quod
663 1954 942 2007 quandoque
968 1954 1133 1996 dicitur
1156 1955 1298 2007 locus,
1323 1955 1400 1997 ubi
1424 1958 1610 1997 tenetur
1633 1954 1892 2005 concilium,

123 2025 196 2066 vel
228 2024 418 2078 proprie
453 2024 619 2066 dicitur
651 2025 922 2067 convocacio
955 2025 1013 2068 ad
1047 2026 1217 2067 malum
1250 2030 1295 2068 et
1328 2026 1428 2067 sine
1463 2026 1757 2079 superiorum
1791 2037 1893 2068 auc-

123 2095 305 2138 toritate
331 2095 453 2138 facta
481 2130 488 2136 .
525 2130 532 2137 .
569 2130 577 2137 .
618 2096 794 2138 Dicitur
821 2110 846 2138 a
869 2098 1076 2149 consulo,
1103 2097 1308 2139 consulis
1335 2100 1379 2139 et
1404 2100 1478 2139 est
1502 2099 1695 2138 tractum
1723 2109 1781 2138 ex
1809 2095 1893 2138 Ro-

124 2178 364 2208 manorum
388 2179 530 2219 more,
555 2167 632 2220 qui
658 2180 743 2220 pro
767 2168 919 2209 causis
945 2167 1217 2210 decidendis
1241 2168 1459 2210 consules
1483 2167 1825 2220 deputaverunt
1847 2169 1894 2208 et

125 2241 171 2279 ut
211 2237 371 2280 ferunt
408 2238 616 2290 hystorie
658 2238 742 2280 hoc
786 2238 920 2280 modo
963 2243 1189 2281 rexerunt
1228 2239 1450 2292 populum
1494 2238 1804 2280 Romanorum
1848 2240 1893 2279 et

123 2307 283 2350 orbem
309 2308 580 2351 universum
605 2321 691 2362 per
717 2308 1041 2352 CCCCLXVII
1068 2322 1227 2351 annos.
1271 2309 1385 2351 Inde
1411 2308 1518 2351 dicti
1545 2311 1651 2351 sunt
1677 2309 1892 2351 consules

123 2382 167 2420 et
197 2380 469 2422 consulares
499 2384 543 2422 et
575 2380 771 2422 consulti
804 2414 811 2421 .
849 2414 856 2421 .
892 2415 899 2421 .
933 2381 1019 2422 Vel
1053 2380 1218 2422 dicitur
1249 2380 1491 2421 concilium
1525 2393 1549 2421 a
1582 2378 1892 2430 consedendo,

124 2450 232 2503 quia
259 2450 394 2493 simul
423 2450 632 2493 sedendo
657 2454 843 2493 tenetur
868 2451 1112 2493 concilium
1140 2485 1148 2492 .
1185 2485 1192 2492 .
1229 2485 1236 2492 .
1278 2450 1592 2493 Communiter
1621 2451 1772 2493 solent
1797 2452 1892 2491 tres

124 2520 334 2563 denotari
363 2522 561 2574 species:
604 2521 870 2564 universale
899 2522 1129 2574 videlicet,
1154 2522 1377 2575 generale
1403 2525 1449 2564 et
1474 2521 1770 2575 particulare.
1811 2520 1892 2561 As-

124 2595 284 2634 serunt
310 2592 531 2645 equidem
563 2592 608 2634 id
639 2592 905 2635 universale
936 2605 1056 2645 esse,
1087 2592 1210 2646 quod
1241 2592 1400 2634 orbem
1431 2595 1574 2634 totum
1604 2592 1677 2633 vel
1710 2591 1892 2632 univer-

125 2663 269 2705 salem
311 2663 554 2705 ecclesiam
594 2666 906 2716 representat;
949 2663 1171 2717 generale
1213 2676 1337 2715 vero,
1378 2663 1501 2716 quod
1542 2674 1750 2715 regnum,
1788 2673 1892 2714 pro-

126 2733 320 2776 vinciam
343 2734 414 2776 vel
440 2733 687 2787 dyocesim,
710 2735 991 2787 particulare
1013 2738 1166 2776 autem
1189 2735 1326 2776 unius
1350 2734 1432 2775 loci
1457 2734 1529 2774 vel
1553 2732 1892 2774 communitatis

124 2804 437 2847 ecclesiastice
469 2805 543 2846 vel
576 2805 815 2848 secularis.
858 2805 1009 2847 Nostri
1042 2808 1196 2847 tamen
1228 2805 1452 2857 propositi
1486 2807 1660 2846 tantum
1691 2805 1762 2845 est
1795 2836 1802 2842 .
1839 2835 1846 2842 .
1883 2834 1890 2841 .

124 2876 398 2927 pertractari
424 2875 481 2917 de
506 2875 762 2918 universali
787 2876 982 2918 concilio
1003 2875 1200 2917 ecclesie
1224 2874 1506 2916 universalis
1533 2908 1540 2915 .
1577 2907 1584 2914 .
1621 2911 1627 2916 .
1667 2872 1767 2915 Hiis
1788 2884 1892 2913 con-

126 2944 335 2987 ciliorum
373 2945 521 2987 modis
555 2945 777 2998 predictis
814 2949 919 2988 ante
958 2958 1117 2999 regum
1153 2949 1199 2986 et
1235 2945 1564 2997 imperatorum
1602 2943 1890 2985 creacionem

128 3014 376 3068 regebatur
399 3017 614 3069 populus,
729 3019 928 3058 attamen
957 3016 1209 3059 secundum
1235 3026 1522 3056 communem
1548 3013 1890 3055 canonistarum
