2102 3444
242 141 326 183 750

335 259 444 300 Item
486 258 591 299 talis
632 256 779 298 dictus
819 254 1068 308 presidens
1110 266 1192 297 sua
1236 253 1373 307 septi-

241 342 375 370 mana
414 331 642 380 proponet
680 327 800 368 inter
839 326 955 368 alios
988 325 1290 378 presidentes
1329 328 1374 366 et

240 400 482 452 deputatos
511 398 758 451 generales
787 397 1032 438 nacionum
1060 395 1300 438 tractanda
1328 399 1373 438 et

241 483 329 511 non
369 470 502 511 alius
553 469 606 510 Et
644 469 682 509 si
718 466 889 519 aliquis
925 479 984 507 ex
1021 466 1373 520 presidentibus

240 541 344 582 aliis
373 543 448 581 aut
477 539 567 580 alia
599 539 762 591 quevis
791 550 995 590 persona
1022 538 1166 579 vellet
1193 537 1372 590 ¹aliquid

240 610 448 663 proponi,
486 609 602 651 illud
639 609 853 651 intimare
888 608 1032 650 ¹debet
1069 608 1188 650 dicto
1225 609 1372 661 presi-

240 682 364 722 denti
409 684 452 722 et
494 693 579 733 per
620 692 724 721 eum
764 683 1112 732 proponeretur
1154 682 1199 721 et
1239 679 1372 721 daret

239 751 568 803 responsiones
596 763 645 793 ac
672 753 775 792 vota
802 751 1075 803 exquireret
1101 763 1242 803 super
1269 763 1371 803 pro-

241 822 402 875 positis
444 825 489 863 et
531 824 635 863 vota
679 821 976 874 recolligeret
1019 824 1065 863 et
1109 822 1370 874 imponeret

238 892 339 933 aliis
389 891 752 944 presidentibus,
803 904 892 944 que
943 893 1140 945 quisque
1191 893 1237 933 in
1287 904 1370 934 sua

238 964 429 1004 nat-lone
471 975 735 1015 proponere
778 961 974 1005 deberet
1013 968 1058 1006 et
1097 963 1371 1006 deliberaci-

236 1045 350 1075 ones
401 1033 645 1074 nacionum
699 1046 783 1086 per
825 1033 1032 1086 singulos
1073 1034 1370 1087 presidentes

238 1105 441 1156 ipsarum
476 1104 654 1157 signate
688 1117 828 1145 manu
858 1117 1051 1146 suorum
1083 1105 1370 1147 notariorum

235 1174 291 1216 ad
318 1174 550 1227 prefatum
574 1174 893 1227 presidentem
919 1175 1267 1228 presidencium
1292 1177 1370 1218 de-

237 1245 446 1286 ierantur
470 1245 543 1286 vel
560 1245 809 1289 mittantur.
848 1246 932 1297 Qui
948 1247 1198 1299 presidens
1214 1248 1370 1290 huius-

234 1316 355 1356 modi
379 1315 751 1359 deliberaciones
773 1317 1017 1359 conclusas
1039 1330 1125 1371 per
1147 1319 1369 1361 naciones

234 1386 353 1428 inter
388 1387 505 1429 allos
539 1387 835 1439 presidentes
872 1391 917 1431 et
949 1388 1196 1441 deputatos
1231 1402 1369 1443 gene-

233 1457 356 1498 rales
414 1457 549 1498 simul
608 1461 903 1501 coacervatos
961 1461 1265 1504 communicet
1323 1464 1368 1503 et

235 1538 380 1580 copiam
415 1540 537 1573 tradat
573 1527 764 1571 Cuilibet
797 1541 855 1570 eX
890 1529 1005 1583 ipSiS
1035 1541 1180 1576 habere
1213 1541 1368 1583 volenti,

231 1597 377 1638 eciam
413 1597 611 1640 dominis
647 1599 979 1653 cardinalibus,
1016 1601 1094 1654 qui
1126 1601 1192 1643 ibi
1226 1601 1368 1644 inter-

231 1671 381 1720 erunt,
419 1672 466 1710 ut
505 1669 704 1722 amplius
741 1673 787 1713 et
824 1671 1050 1715 maturius
1083 1672 1366 1726 deliberent,

231 1750 330 1779 cum
369 1739 536 1791 quibus
573 1741 814 1795 placuerit,
852 1742 1055 1795 qualiter
1089 1756 1235 1797 super
1271 1744 1367 1786 illis

232 1809 426 1851 ulterius
452 1814 521 1853 est
546 1811 909 1866 procedendum,
935 1816 984 1856 ut
1009 1813 1066 1856 sit
1090 1814 1199 1856 inde
1222 1815 1365 1868 plena

232 1880 475 1922 concordia
504 1881 549 1922 in
579 1882 789 1924 sessione
817 1886 925 1925 tunc
950 1886 1166 1937 proxim-e
1195 1886 1365 1928 futura.

390 1951 566 1994 Placuit
589 1952 675 1995 hoc
698 1953 868 2008 addito,
893 1955 1030 2009 quod,
1055 1957 1093 1999 si
1115 1957 1366 2010 presidens

300 2020 381 2062 ille
406 2023 714 2077 negligenter,
742 2025 1062 2078 calumpniose
1077 2028 1152 2069 vel
1169 2028 1286 2070 alias
1300 2027 1365 2069 in-

301 2092 456 2134 debite
500 2093 733 2148 differret,
776 2096 1005 2139 habeatur
1047 2110 1266 2141 recursus
1309 2099 1366 2141 ad

300 2162 416 2205 alios
445 2164 741 2216 presidentes
771 2168 845 2208 wel
877 2167 1135 2221 deputatos.

320 2657 446 2710 Item,
484 2660 606 2711 quod
645 2660 824 2715 diebus,
862 2663 1032 2716 quibus
1066 2664 1177 2708 dicti
1211 2666 1361 2719 ‹presi-

229 2726 392 2770 dentes
421 2732 466 2770 et
493 2732 741 2782 generales
772 2732 979 2786 deputati
1007 2736 1212 2777 omnium
1240 2737 1362 2779 naci-

228 2810 365 2839 onum
416 2801 820 2854 congregabuntur
867 2807 913 2847 et
959 2805 1105 2847 eciam
1153 2807 1360 2860 deputati

228 2880 368 2920 super
392 2870 730 2914 reformacione
755 2877 838 2916 etc.
863 2879 969 2917 ante
991 2877 1254 2931 prandium,
1279 2879 1361 2920 illo

228 2950 362 2979 mane
401 2952 492 2981 non
533 2941 650 2984 fiant
688 2946 1077 2998 congregaciones
1113 2948 1359 2990 nacionum

226 3008 589 3065 particularium,
622 3026 680 3055 ne
714 3018 871 3057 mutuo
903 3029 953 3058 se
986 3017 1256 3072 impediant,
1291 3022 1360 3061 set

681 137 746 171 III.
779 134 988 172 Abschnitt.
1034 134 1185 170 Reform
1217 135 1295 169 und
1328 133 1575 181 Verfassung.

1508 256 1620 298 Item
1643 290 1651 298 .
1687 291 1696 299 .
1731 295 1738 301 .
1761 258 2011 311 presidens

1445 327 1790 380 presidencium
1828 363 1837 370 .
1872 363 1881 371 .
1916 363 1925 372 .

1439 1887 1611 1931 futura.
1691 1889 1788 1931 Hoc
1853 1891 2005 1932 tamen

1441 1959 1610 2012 addito,
1639 1959 1764 2013 quod
1793 1960 1832 2002 si
1861 1959 2006 2014 presi-

1440 2029 1557 2072 dens
1637 2030 1858 2074 differret
1873 2043 2003 2074 suum

1440 2101 1487 2142 in
1539 2101 1785 2155 premissis
1835 2100 2005 2156 exequi

1439 2172 1663 2226 officium,
1702 2175 1811 2215 tunc
1846 2184 1904 2216 eo
1941 2175 2004 2215 ta-

1438 2255 1545 2284 men
1607 2243 1773 2286 haberi
1835 2243 2004 2298 ‹poterit

1438 2326 1658 2357 recursus
1680 2314 1738 2357 ad
1761 2314 1879 2358 alios
1900 2326 2003 2368 pre-

1437 2384 1646 2428 sidentes
1673 2389 1718 2429 et
1746 2385 2001 2439 deputatOS,

1436 2456 1514 2508 qui
1544 2455 1692 2509 ipsius
1720 2455 2002 2510 presidentis

1438 2527 1484 2568 in
1506 2527 1592 2569 hac
1612 2530 1744 2580 parte
1766 2526 2000 2580 supplebit

1436 2597 1683 2640 defectum.
2017 2587 2019 2589 ⁵

1498 2668 1624 2721 Item,
1651 2668 1774 2721 quod
1800 2702 1809 2710 .
1844 2702 1852 2710 .
1887 2701 1895 2710 .

1431 3021 1739 3072 particulares
1767 3055 1776 3064 .
1811 3055 1820 3064 .
1854 3054 1863 3064 .
