2102 3444
213 167 296 209 442
566 168 612 201 ll.
646 169 856 202 Abschuilt.
898 170 1103 203 Sermones
1133 170 1282 204 cjncilii
1313 170 1632 206 Constancieiisis.

330 285 524 336 Quidam
575 286 886 338 antiquiorum
936 292 1193 339 posuerunt
1241 288 1510 332 felicitatem
1562 291 1607 331 in
1656 292 1981 345 voluptatibus,

214 356 398 407 quidam
428 357 470 397 in
496 356 688 408 diviciis,
712 357 900 409 quidam
927 358 971 398 in
996 358 1266 412 honoribus,
1291 372 1485 412 quorum
1512 361 1705 414 vestigia
1728 366 1773 404 et
1797 375 1981 405 errores

215 431 432 468 secuntur
472 427 711 468 hodiernis
749 428 1037 480 temporibus
1076 430 1160 470 viri
1203 431 1518 473 ecclesiastici.
1572 431 1637 473 De
1678 445 1768 485 quo
1805 445 1981 475 summe

215 488 465 538 dolendum
492 501 561 539 est
590 498 633 538 in
662 501 852 550 tantum,
881 499 1002 551 quod
1029 503 1170 541 totum
1198 513 1345 554 genus
1374 502 1624 543 humanum
1653 508 1864 547 remanet
1887 507 1986 546 'cor-

215 571 413 620 ruptum,
444 567 663 609 infectum
696 572 740 610 et
772 570 1046 611 maculatum
1080 608 1086 614 .
1125 605 1132 612 .
1169 605 1176 612 .
1222 571 1437 614 Gaudent
1465 573 1591 614 enim
1621 577 1666 615 et
1696 573 1984 617 delectantur

215 639 374 690 plures
403 639 487 679 viri
519 639 834 692 ecclesiastici,
864 641 940 692 qui
970 653 1061 682 non
1091 645 1197 683 sunt
1226 641 1448 685 ianitores
1479 644 1567 684 iam
1599 644 1697 696 Dei,
1727 648 1797 687 set
1826 645 1984 697 seculi,

218 710 261 749 in
283 710 720 763 comessacionibus,
742 711 1048 753 ebrietatibus
1070 726 1120 754 ac
1142 713 1246 755 aliis
1268 713 1467 755 diversis
1489 717 1534 755 et
1556 714 1815 758 inhonestis
1836 715 1985 758 delec-

212 780 471 822 tacionibus
506 815 514 822 .
551 815 558 822 .
595 815 602 822 .
651 780 928 824 Gaudebant
960 795 1060 824 cum
1094 783 1351 837 virginibus
1384 787 1429 825 et
1462 785 1738 827 mulieribus
1771 789 1829 838 et,
1863 786 1984 839 quod

214 854 283 892 est
309 851 530 903 deterius,
557 864 656 893 cum
684 852 978 905 monialibus,
1004 866 1105 895 cum
1132 854 1301 906 quibus
1327 855 1470 897 multa
1495 855 1616 898 bona
1641 856 1983 909 expenduntur.

216 921 431 963 Gaudent
464 925 509 963 et
542 922 832 965 delectantur
865 924 1026 976 plures
1061 928 1105 966 et
1139 925 1271 977 quasi
1305 937 1467 968 omnes
1501 926 1547 967 in
1581 926 1777 980 pompis,
1813 927 1986 980 equita-

214 993 344 1045 turis,
371 993 670 1045 indumentis,
698 994 931 1036 scutiferis
960 995 1210 1048 pomposis,
1239 996 1470 1049 superbis,
1498 997 1772 1050 inhonestis,
1800 998 1847 1039 in
1873 1010 1986 1040 auro

215 1067 258 1104 et
297 1067 502 1116 argento,
544 1065 589 1105 in
629 1065 896 1117 pluralitate
938 1066 1210 1118 dignitatum
1252 1070 1296 1108 et
1336 1067 1725 1120 multiplicacione
1765 1068 1985 1111 benefici-

215 1147 380 1176 orum.
417 1168 425 1176 .
462 1169 469 1176 .

334 1206 469 1247 Pauci
504 1205 710 1259 [prelati,
738 1211 943 1250 rectores
969 1211 1013 1249 et
1038 1208 1249 1262 plebani]
1285 1209 1585 1261 reperiuntur
1611 1210 1853 1252 hodiernis
1878 1214 1986 1252 tem-

216 1277 422 1329 poribus,
460 1278 536 1329 qui
574 1277 749 1319 faciunt
786 1278 1095 1320 residenciam
1134 1280 1179 1320 in
1217 1280 1313 1322 suis
1349 1280 1553 1333 propriis
1589 1280 1801 1323 ecclesiis
1837 1284 1906 1323 set
1941 1281 1986 1323 in

215 1359 350 1399 pape,
380 1348 701 1401 cardinalium,
731 1361 892 1402 regum
922 1353 967 1391 et
994 1350 1257 1403 principum
1286 1350 1425 1392 curiis
1457 1384 1464 1392 .
1501 1385 1508 1392 .
1546 1385 1553 1392 .

216 1467 304 1508 Mai
341 1466 415 1509 10.
454 1494 501 1498 —
538 1467 573 1508 A
594 1480 618 1508 n
640 1480 663 1509 ο
681 1481 707 1509 η
725 1481 750 1521 y
767 1480 810 1509 m
827 1480 854 1508 u
872 1480 905 1509 s.

336 1549 360 1581 'l'
376 1559 395 1581 e
410 1550 461 1581 .1›t
482 1558 492 1582 .·
543 1548 628 1581 aab
653 1548 678 1591 γ.
708 1550 783 1582 111.

335 1619 641 1662 Tristicia
697 1623 913 1663 vestra
966 1624 1256 1663 vertetur
1310 1620 1367 1662 in
1421 1621 1711 1674 gaudium
1767 1621 1891 1675 (Joh.
1936 1621 1988 1663 16

218 1694 261 1731 et
300 1691 345 1731 in
383 1692 628 1745 evangelio
664 1692 930 1745 hodierno).
981 1692 1247 1734 Orthodoxe
1286 1692 1401 1734 fidei
1441 1692 1613 1734 athlete
1651 1691 1987 1746 gloriosissimi,

217 1761 323 1812 quia
351 1762 496 1804 tocius
522 1762 743 1805 viacionis
769 1766 926 1804 nostre
955 1763 1215 1816 operositas
1241 1763 1357 1804 nihil
1385 1767 1455 1805 est
1482 1763 1610 1806 aliud
1635 1763 1727 1805 nisi
1755 1763 1989 1806 laboriosa

219 1834 445 1875 vertilitas
472 1834 591 1875 inter
614 1834 783 1887 gaudia
808 1838 852 1876 et
876 1834 1093 1877 tristicias
1117 1835 1345 1888 propheta
1370 1835 1570 1879 dicente:
1611 1834 1781 1877 Milicia
1805 1837 1876 1877 est
1898 1833 1988 1876 vita

220 1904 419 1946 hominis
445 1918 586 1957 super
609 1909 781 1946 terram
808 1906 833 1947 i.
860 1919 898 1947 e.
924 1905 1145 1958 quamdiu
1169 1906 1279 1947 vivit
1307 1906 1416 1960 (Job
1441 1906 1504 1959 7).
1541 1906 1732 1957 Quantis
1758 1906 1804 1947 in
1829 1905 1988 1947 adver-

220 1976 283 2016 sis
309 1988 392 2018 nos
416 1989 506 2017 non
534 1976 720 2018 collidat
744 1977 935 2018 tristicia
962 1977 1179 2029 exemplo
1204 1976 1330 2029 Cayn
1356 1977 1569 2018 dicentis:
1613 1976 1756 2018 Maior
1780 1979 1852 2018 est
1874 1976 1989 2018 inni-

220 2046 369 2098 quitas
403 2059 519 2098 mea,
554 2060 689 2099 quam
723 2051 770 2089 ut
803 2047 986 2089 veniam
1021 2060 1204 2089 merear
1240 2047 1432 2102 (Genes.
1466 2048 1513 2101 4)
1551 2082 1559 2089 .
1596 2082 1603 2089 .
1640 2085 1646 2091 .
1680 2047 1739 2090 Ut
1771 2059 1883 2101 ergo
1912 2047 1989 2089 tri-

221 2118 348 2159 sticia
371 2122 561 2170 propter
586 2119 950 2160 imbecillitatem
975 2119 1148 2172 ingenii
1173 2122 1217 2161 et
1239 2119 1413 2171 eloquii
1438 2118 1644 2161 deiciens
1666 2131 1752 2172 per
1772 2118 1988 2172 gaudium

221 2189 363 2230 sancti
400 2189 591 2241 spiritus
624 2202 709 2231 nos
745 2191 936 2241 revelet,
973 2203 1057 2242 pro
1092 2190 1302 2232 eiusdem
1338 2189 1528 2243 spiritus
1565 2189 1709 2232 sancti
1743 2189 1898 2242 gracia
1933 2187 1989 2230 ad

220 2262 412 2301 matrem
444 2261 597 2312 gracie
631 2272 926 2303 recurramus
959 2260 1182 2302 dicentes:
1229 2260 1326 2302 Ave
1364 2261 1506 2303 Maria
1539 2294 1547 2302 .
1583 2294 1591 2302 .
1628 2294 1635 2302 .

337 2331 579 2385 Quamm‘)
614 2332 763 2384 prima
795 2332 896 2373 filia
928 2335 997 2374 est
1028 2335 1290 2374 curatorum
1323 2331 1662 2373 beneficiorum
1693 2329 1988 2384 plurificatio,

221 2402 424 2443 secunda
451 2402 743 2454 indignorum
768 2403 1014 2455 promocio,
1039 2403 1173 2445 tertia
1198 2403 1343 2444 divini
1368 2403 1517 2445 cultus
1541 2402 1804 2454 diminucio,
1828 2403 1988 2455 quarta

221 2474 459 2515 anormala
488 2474 823 2525 parochialium
852 2474 1155 2515 ecclesiarum
1186 2473 1524 2526 appropriacio,
1553 2473 1713 2526 quinta
1742 2472 1989 2515 indiscreta

221 2544 529 2596 dispensacio,
577 2547 706 2586 sexta
756 2544 914 2586 illicita
959 2544 1214 2597 exempcio,
1261 2544 1456 2597 septima
1501 2543 1671 2586 frivola
1717 2542 1987 2597 appellacio.

222 2616 304 2667 He,
344 2615 545 2669 inquam,
584 2615 855 2657 ambicionis
896 2616 1051 2656 rabies
1090 2615 1327 2657 sciderunt
1365 2614 1624 2657 ecclesiam.
1674 2615 1877 2666 Quarum
1914 2612 1989 2655 de-

223 2687 418 2727 struccio
444 2686 531 2728 erit
558 2686 699 2728 scisse
727 2686 922 2728 ecclesie
949 2686 1058 2727 unio
1086 2687 1259 2728 intenta
1286 2698 1369 2739 per
1394 2686 1479 2728 hoc
1506 2698 1701 2738 sacrum,
1727 2684 1810 2728 sed
1835 2698 1894 2727 ex
1917 2683 1989 2725 his

223 2758 539 2799 contristatum
566 2757 824 2809 concilium,
849 2757 919 2798 cui
945 2757 1128 2798 dicitur:
1169 2757 1380 2799 Tristicia
1404 2760 1559 2798 vestra
1584 2759 1790 2798 vertetur
1815 2755 1861 2797 in
1884 2766 1989 2808 gau-

223 2828 362 2869 dium.
414 2828 601 2880 Harum,
641 2828 841 2881 inquam,
882 2827 1050 2880 rabies,
1090 2828 1318 2870 zelatores
1356 2827 1484 2879 fidei,
1523 2826 1853 2869 contristarunt
1888 2825 1988 2867 hac-

222 2902 356 2941 tenus
391 2911 520 2951 spem
556 2899 772 2940 videlicet
806 2899 1004 2940 unionis.
1052 2898 1144 2939 Nisi
1181 2899 1492 2950 eradicentur,
1528 2898 1573 2939 in
1608 2897 1988 2950 desperacionem

223 2973 476 3022 vertentur,
512 2970 634 3022 quod
671 2969 892 3011 suadetur
929 2970 1192 3011 inductione
1229 2969 1378 3021 primo
1413 2969 1469 3010 de
1502 2968 1715 3020 simonia,
1750 2980 1838 3020 que
1874 2965 1988 3008 adeo

340 3077 370 3116 ¹)
402 3075 478 3107 Der
507 3075 690 3116 l'rediqer
717 3075 858 3118 syris-hl
891 3086 958 3109 ron
987 3075 1055 3108 der
1083 3074 1252 3108 ‚s'imonie
1283 3075 1356 3108 mid
1387 3074 1496 3109 ihren
1525 3074 1660 3109 sieben
1688 3072 1882 3108 Tb'chlern.
