2102 3444
185 156 269 197 398
540 156 581 188 ll.
617 155 823 188 Absehniti.
868 155 1072 187 Sermones
1103 153 1250 186 concilii
1285 153 1604 188 Constaiiciensis.

187 273 384 315 ditorum
411 286 502 315 non
528 272 728 314 celerius
754 276 830 314 aut
853 272 1139 314 commodius
1163 272 1290 325 ipsos
1314 285 1423 316 suos
1447 272 1792 316 ambaxiatores
1814 285 1956 327 expe-

186 344 285 385 dire
319 345 480 397 potuit.
529 344 679 395 Quare
715 355 857 396 super
890 343 1157 385 huiusmodi
1191 343 1427 385 missionis
1461 343 1753 386 nunctiorum
1786 343 1955 386 dilecte

186 415 286 456 filie
318 418 473 456 vestre
505 414 720 456 tarditate
755 413 971 467 dignetur
1004 427 1037 456 s.
1070 427 1109 455 v.
1144 414 1326 456 veniam
1357 415 1472 456 dare
1505 418 1550 456 et
1583 415 1790 468 ipsorum
1821 427 1957 456 excu-

186 484 419 527 sacionem
445 488 550 527 ante
575 484 745 527 habitis
770 487 1012 538 acceptare
1037 484 1310 539 rationibus,
1335 486 1553 539 quoniam
1579 486 1809 528 veraciter
1833 497 1957 528 asse-

187 556 343 608 rimus,
366 555 502 608 quod,
525 558 697 608 quanto
719 556 921 597 celerius
944 555 1190 608 potuimus,
1214 556 1540 598 festinavimus
1563 556 1730 598 faciem
1753 559 1955 599 vestram

182 626 343 669 Videre
368 658 380 668 ·
412 660 423 671 .
455 653 472 675 ο,

303 696 399 738 Huc
430 696 477 738 in
512 696 584 739 via
615 697 979 750 properantibus
1012 698 1231 751 gaudium
1266 711 1480 752 magnum
1514 711 1607 740 non
1641 700 1791 741 solum
1822 698 1956 740 nobis

187 769 269 809 sed
308 767 527 810 universo
565 768 742 821 populo
779 769 932 811 extitit
968 769 1250 822 nunciatum,
1290 773 1414 811 tuam
1455 769 1630 811 scilicet
1669 769 1956 812 sanctitatem

187 853 270 892 pro
312 839 467 892 quiete
506 840 670 893 populi
717 839 969 882 Christiani
1012 843 1057 882 et
1097 840 1308 893 perfecta
1350 840 1714 894 reintegratione
1757 840 1956 884 ecclesie

186 922 355 963 sponse
388 910 558 952 Christi
590 910 710 952 viam
741 910 966 953 cessionis
996 923 1089 952 non
1119 912 1267 953 solum
1299 911 1559 953 liberaliter
1588 914 1633 953 et
1664 914 1842 966 sponte,
1871 911 1957 953 sed

185 981 323 1023 etiam
350 980 683 1023 liberalissime
708 984 786 1024 tua
812 994 921 1023 voce
949 982 1240 1024 sanctissima
1266 982 1506 1024 obtulisse.
1545 982 1579 1024 O
1604 995 1763 1024 vocem
1790 983 1955 1025 summi

185 1056 228 1093 et
263 1052 358 1093 veri
391 1052 593 1105 pastoris
626 1052 795 1094 Christi
832 1052 1074 1095 imitatoris
1107 1053 1245 1095 laude
1279 1052 1615 1106 dignissimam!
1663 1053 1697 1095 Ο
1729 1066 1814 1096 nos
1846 1065 1956 1095 vere

185 1124 265 1165 tali
291 1125 477 1176 pastore
505 1122 783 1165 fortunatos!
824 1123 858 1166 O
884 1124 929 1165 in
955 1124 1095 1166 tantis
1123 1124 1325 1166 miseriis
1351 1124 1500 1166 adhuc
1525 1124 1743 1166 habunde
1770 1124 1957 1166 felicem

186 1194 443 1247 ecclesiam,
479 1194 548 1236 cui
583 1195 723 1236 talem
758 1194 929 1237 Christi
964 1194 1203 1236 vicarium!
1252 1195 1287 1237 O
1321 1208 1478 1237 vocem
1512 1195 1705 1237 summis
1740 1194 1958 1238 laudibus

186 1265 496 1308 decorandam
536 1269 581 1307 et
621 1266 824 1307 omnium
866 1266 1176 1320 sermonibus,
1218 1266 1388 1319 linguis
1429 1270 1566 1320 atque
1605 1266 1841 1320 preconiis
1878 1279 1958 1308 ex—

186 1336 454 1390 tollendam,
490 1349 627 1390 qua-m
662 1336 839 1379 utinam
874 1340 995 1379 totus
1030 1337 1284 1379 catholicus
1318 1337 1444 1379 orbis
1481 1337 1749 1391 audivisset,
1784 1349 1957 1390 vocem,

188 1409 388 1461 inquam,
420 1420 511 1461 qua
539 1408 667 1461 pac-is
699 1407 1011 1450 ecclesiastice
1043 1407 1273 1451 zelatores
1303 1408 1632 1451 animabuntur
1661 1411 1707 1450 et
1735 1409 1957 1463 prostrati

186 1482 375 1522 actenus
399 1478 692 1533 reviviscent,
718 1492 809 1532 qua
833 1478 1191 1532 flagitiosissimi
1215 1479 1317 1522 eius
1342 1478 1515 1521 inimici
1539 1479 1846 1522 formidoloso
1868 1482 1957 1522 tre-

186 1563 313 1592 more
338 1549 633 1606 ,quacientun
667 1551 791 1592 curis
823 1553 961 1603 atqu-e
995 1550 1198 1604 angeriis
1232 1549 1467 1604 deficient,
1501 1563 1592 1603 qua
1622 1551 1823 1593 ecclesia
1856 1551 1958 1604 ipsa

186 1620 316 1673 prius
351 1633 533 1663 merore
566 1620 776 1664 confecta
808 1633 929 1662 nunc
961 1621 1132 1675 gaudio
1164 1621 1417 1664 letabunda
1450 1621 1697 1664 resultabit
1725 1634 1778 1664 se
1810 1633 1959 1675 prope

187 1692 310 1733 diem
330 1705 531 1746 sperans
550 1693 611 1735 ab
631 1692 862 1746 egiptiaca
884 1693 1107 1734 servitute
1132 1691 1440 1745 liberandam,
1463 1705 1554 1746 qua
1574 1695 1813 1746 postremo
1833 1692 1957 1735 cives

186 1763 365 1805 etherei
396 1765 610 1817 totusque
644 1763 812 1806 chorus
840 1763 1037 1816 superni
1068 1763 1392 1816 gratulabitur,
1424 1764 1615 1806 tartarei
1647 1766 1801 1806 autem
1833 1764 1959 1817 inge-

187 1833 380 1876 miscent
405 1835 577 1876 hostes.
618 1834 708 1876 Pro
732 1834 823 1877 hiis
848 1834 986 1888 igitur
1012 1833 1228 1876 omnibus
1252 1833 1405 1876 eidem
1433 1833 1676 1888 sanctitati,
1703 1846 1792 1888 que
1817 1835 1958 1876 etiam

188 1905 401 1947 dilectam
433 1905 580 1947 filiam
612 1918 742 1948 suam
772 1905 1124 1947 universitatem
1157 1905 1486 1960 Parisiensem,
1516 1908 1710 1947 matrem
1738 1908 1959 1958 nostram,

189 1977 235 2017 in
267 1976 362 2018 suis
394 1976 587 2029 agendis
620 1989 805 2030 semper
837 1977 1040 2030 benigne
1073 1976 1235 2019 audire
1264 1977 1508 2020 consuevit
1534 1976 1713 2030 pariter
1743 1980 1789 2020 et
1818 1988 1959 2019 exau-

189 2047 304 2100 dire,
350 2059 464 2100 quas
510 2047 817 2101 laudationes,
862 2060 978 2101 quas
1020 2048 1275 2101 gratiarum
1321 2047 1525 2090 actiones
1569 2046 1822 2090 referimus
1866 2059 1959 2089 non

190 2119 338 2160 solum
374 2122 535 2160 nostro
571 2118 655 2160 sed
690 2118 838 2171 ipsius
876 2119 1195 2161 universitatis
1231 2118 1433 2172 nomine,
1470 2131 1556 2172 pro
1592 2131 1683 2172 qua
1720 2118 1958 2172 legacione

190 2188 439 2242 fungimur,
469 2192 592 2231 certe
620 2201 706 2230 nec
735 2189 858 2232 vires
886 2202 972 2231 nec
1001 2190 1167 2232 merita
1190 2188 1518 2243 vsuffragantur
1548 2223 1556 2231 .
1592 2223 1600 2231 .
1636 2223 1644 2231 .

309 2260 491 2302 Faciem
529 2261 647 2302 hanc
687 2260 1007 2303 misericordia
1045 2264 1091 2303 et
1128 2261 1323 2302 veritate
1363 2260 1563 2302 vividam
1603 2263 1649 2303 et
1686 2260 1958 2314 inspiratam

190 2332 280 2372 vite
313 2331 546 2383 spiraculo
578 2331 881 2373 iocundanter
912 2331 1234 2384 amplectimur
1263 2334 1307 2373 et
1339 2331 1395 2374 ab
1429 2331 1510 2374 illa
1538 2331 1777 2374 humiliter
1807 2333 1960 2384 postu-

192 2403 341 2444 lamus
374 2401 619 2444 ecclesiam
654 2401 883 2444 vivificari
918 2415 1003 2455 per
1035 2403 1261 2444 unitatem
1296 2401 1485 2455 spiritus
1516 2402 1566 2444 in
1600 2402 1784 2444 vinculo
1817 2400 1957 2455 pacis.

190 2472 261 2514 Ad
285 2485 422 2525 quam
442 2472 676 2525 siquidem
700 2472 989 2525 querendam
1012 2476 1122 2526 quot
1144 2472 1292 2527 annis,
1316 2476 1424 2526 quot
1447 2473 1628 2526 mediis,
1653 2475 1763 2526 quot
1784 2473 1959 2526 impen-

190 2543 268 2596 sis,
298 2546 407 2596 quot
434 2543 775 2596 reluctantium,
806 2546 914 2596 quot
944 2543 1312 2596 detractantium,
1342 2546 1452 2597 quot
1479 2543 1852 2597 oppugnancium
1881 2555 1960 2584 ex-

188 2615 335 2667 pertis
371 2614 657 2656 anfractibus
692 2613 947 2667 irrequieta
982 2613 1293 2657 sollicitudine
1331 2613 1730 2667 superintenderit
1763 2613 1959 2656 devotis-

191 2684 307 2727 sima
341 2685 596 2727 sanctitatis
629 2687 783 2727 vestre
817 2684 919 2727 filia
951 2685 1231 2727 universitas
1266 2684 1574 2738 Parysiensis,
1608 2687 1756 2728 mater
1786 2686 1958 2736 nostra,

191 2767 414 2797 enarrare
444 2755 502 2798 ad
528 2756 719 2809 plenum
749 2767 887 2797 nemo
915 2754 1170 2797 sufficeret.
1213 2755 1267 2798 Et
1294 2756 1532 2808 aspirante
1561 2755 1747 2798 domino
1772 2766 1959 2808 semper

191 2826 413 2880 intendet,
446 2826 593 2868 done-c
624 2825 902 2880 pestiferum
936 2826 1021 2867 hoc
1054 2826 1300 2868 anathema
1332 2826 1554 2869 radicitus
1585 2826 1643 2869 de
1676 2825 1831 2868 medio
1860 2824 1957 2876 fiat,

191 2900 383 2950 propter
421 2897 545 2950 quod
580 2910 667 2950 pro
705 2898 814 2950 illis,
853 2897 930 2950 qui
971 2909 1058 2939 nos
1096 2896 1291 2950 mittunt,
1330 2897 1620 2939 sanctitatem
1659 2896 1956 2950 apostolica-m

190 2968 387 3020 eiusque
402 2971 614 3010 sanctum
633 2968 880 3021 collegium
898 2967 1154 3021 pulsamus,
1175 2968 1474 3010 obsecramus
1493 2970 1538 3010 et
1556 2968 1857 3010 exhortamur
1873 2977 1958 3019 per

193 3039 369 3080 viscera
410 3039 607 3081 katolice
647 3038 847 3092 pietatis,
888 3039 1069 3080 viscera
1109 3037 1426 3080 misericordie
1469 3038 1639 3081 Christi
1680 3037 1839 3090 Jhesu,
1879 3034 1956 3090 qui
