2102 3444
227 143 310 184 502
580 141 623 173 ll.
658 139 866 174 Abschnilt.
909 138 1113 170 Sermones
1143 135 1290 169 concilii
1324 134 1642 169 Constanciensis.

228 263 371 300 tractu
399 259 640 299 ecclesiam
667 259 826 309 gravat
852 259 896 296 et
923 267 1005 307 pre
1033 253 1205 295 cunctis
1231 254 1488 306 speciosam
1516 257 1590 294 tue
1618 253 1861 295 benedicte
1888 253 1994 295 reli-

226 331 376 380 ,aionis
414 330 608 369 formam
649 327 690 367 in
733 326 996 367 substancia
1037 338 1120 366 sua
1159 337 1352 377 prorsus
1391 327 1596 365 enervat.
1648 324 1793 376 Unus,
1833 324 1993 377 inquit,

227 400 442 441 abbacias
475 398 640 439 multas
672 409 771 437 cum
807 408 895 436 uno
926 397 998 436 vel
1034 395 1274 448 multiplici
1308 395 1576 447 episcopatu
1609 407 1896 447 numeroque
1930 396 1994 436 in-

227 469 505 511 terminabili
534 467 893 521 prebendarum,
919 466 1038 508 alius
1063 466 1463 508 archidiaconatus
1487 467 1648 518 plures
1673 470 1717 509 et
1740 468 1994 507 conventus

227 540 550 581 mrmacliorum
585 539 911 590 prioratusque
945 537 1193 589 pluriores,
1228 537 1348 578 alius
1384 537 1561 578 minora
1597 541 1666 579 set
1699 535 1993 579 numerosius

223 611 409 652 obtinet.
442 609 617 660 Nescio,
640 609 674 649 si
698 612 760 649 lot
780 613 995 651 tonsuras
1016 611 1124 660 quot
1148 607 1377 649 beneficia
1397 606 1573 649 habere
1596 610 1639 648 et
1660 607 1835 649 tociens
1854 606 1994 649 hor-as

223 681 466 722 canonicas
491 680 706 732 proferre
731 682 992 720 teneantur.
1031 713 1038 720 .
1075 713 1082 720 .
1119 714 1126 721 .
1164 679 1289 719 Tunc
1314 691 1416 730 ego:
1458 679 1655 720 Necesse
1681 681 1765 730 est,
1792 678 1993 731 inquam,

225 750 629 792 reverendissimis
669 763 719 792 ac
757 750 1018 792 illustribus
1058 750 1169 791 viris
1209 750 1265 792 de
1305 749 1500 802 collegio
1538 752 1696 791 sancto
1733 749 1992 791 honorifice

222 821 457 874 provideri
497 824 540 862 et
581 824 746 863 statum
786 821 1202 863 commendabilem
1244 820 1450 861 revereri
1492 820 1618 862 illius
1657 821 1840 873 papalis
1881 821 1993 863 assi-

222 893 410 943 stencie,
439 904 526 944 que
556 891 878 943 Laurencium,
906 891 1222 944 Jeronymum,
1251 891 1576 942 Theudricum‚
1605 890 1992 943 Bonaventuram,

222 966 283 1004 tot
308 963 514 1015 insignes
538 966 583 1004 et
603 962 831 1015 gloriosos
854 962 1066 1004 homines
1088 963 1251 1004 habuit
1273 963 1418 1004 eciam
1443 962 1488 1003 in
1512 962 1659 1004 veteri
1682 962 1786 1015 lege
1809 961 1867 1004 ad
1889 974 1992 1015 pre-

222 1034 308 1074 suli
349 1045 525 1076 summo
562 1032 923 1075 deserviendum
962 1033 1005 1074 in
1044 1033 1227 1086 divinis,
1265 1033 1321 1075 ad
1359 1032 1714 1074 consultandum
1751 1033 1797 1074 in
1833 1045 1991 1076 neces-

222 1105 371 1145 sariis.
421 1103 604 1156 Utique,
642 1105 703 1146 ait
740 1104 834 1156 ille,
873 1107 941 1146 set
978 1104 1023 1145 in
1060 1104 1150 1145 hiis
1187 1104 1426 1157 obsequiis
1461 1103 1655 1146 Romani
1694 1103 1991 1157 pontificatus

222 1175 355 1216 altior
380 1178 424 1216 et
447 1174 751 1216 honor‘ificior
776 1175 1019 1227 occupacio
1047 1176 1106 1217 ita
1135 1175 1340 1227 impedit,
1365 1179 1411 1217 ut
1437 1176 1578 1216 multe
1606 1175 1696 1217 sint
1721 1174 1990 1228 digni-ssime

220 1249 264 1287 et
290 1245 582 1287 cathedrales
609 1245 721 1287 edes
749 1249 793 1287 et
818 1246 1104 1299 paupercule
1131 1246 1450 1287 habitaciones
1478 1246 1822 1299 monachorum,
1849 1258 1938 1299 que
1966 1258 1990 1288 a

220 1329 302 1357 suo
332 1315 563 1368 episcopo,
595 1316 762 1358 abbate
794 1317 867 1357 vel
900 1317 1057 1369 priore
1089 1330 1115 1358 a
1146 1316 1215 1369 30,
1246 1317 1302 1358 50
1333 1320 1377 1358 et
1405 1317 1623 1369 pluribus
1655 1316 1804 1370 annis,
1835 1317 1990 1359 volute

218 1390 261 1428 et
291 1387 498 1429 revolute
530 1387 586 1429 de
615 1387 804 1429 cardine
836 1388 882 1428 in
911 1388 1147 1429 cardinem
1177 1388 1307 1440 quasi
1342 1389 1439 1429 iure
1471 1387 1779 1431 successionis
1806 1388 1990 1430 heredi-

218 1458 335 1499 tario
360 1470 596 1510 nunquam
622 1470 707 1499 nec
733 1459 878 1499 semel
906 1458 1053 1500 videri
1082 1460 1154 1500 vel
1183 1459 1359 1501 visitari
1387 1458 1635 1512 potuerint,
1661 1459 1750 1501 nisi
1776 1471 1862 1512 per
1887 1471 1990 1512 pro-

218 1531 455 1571 curatores
487 1528 682 1570 forsitan
715 1533 773 1582 et,
806 1533 855 1571 ut
886 1542 996 1570 vere
1029 1530 1191 1582 dicam,
1225 1543 1435 1583 suxores,
1468 1532 1855 1583 emunctoresque
1887 1530 1990 1572 fun-

219 1599 339 1640 ditus
361 1600 602 1652 sanquinis
623 1601 926 1642 ecclesiarum
949 1604 991 1642 et
1016 1601 1278 1643 substancie
1302 1602 1674 1643 monasticorum.
1707 1600 1827 1653 Quid
1844 1600 1986 1643 inde?

218 1670 428 1712 Ruuntur
469 1671 645 1724 domus,
686 1674 959 1713 evertuntur
999 1672 1214 1724 claustra,
1258 1685 1410 1714 mores
1451 1675 1496 1714 et
1537 1672 1841 1714 observancie
1882 1671 1988 1713 reli-

215 1740 365 1792 gionis
396 1740 657 1794 deperiunt.
700 1741 945 1795 Vidistine,
979 1742 1139 1796 inquit,
1173 1744 1218 1784 in
1250 1744 1424 1784 recenti
1455 1746 1666 1796 tempore
1697 1743 1840 1785 vestri
1870 1742 1988 1785 ordi-

217 1811 287 1852 nis
320 1811 518 1864 domurn,
551 1812 607 1854 de
639 1825 728 1864 qua
759 1826 894 1865 unus,
928 1814 1004 1866 qui
1038 1814 1284 1856 defunctus
1317 1817 1400 1863 est,
1431 1814 1509 1855 LX
1541 1813 1686 1856 millia
1718 1814 1986 1857 ducatorum

219 1882 261 1923 in
301 1882 396 1925 suis
433 1884 567 1925 annis
602 1883 830 1926 habuerat
865 1897 950 1925 nec
986 1885 1170 1926 unicum
1208 1888 1333 1927 tante
1367 1898 1547 1928 >summe
1585 1886 1903 1927 centenarium
1940 1886 1985 1927 in

217 1952 454 1994 ruinarum
481 1954 825 1996 construccione
853 1956 1019 2008 posuit.
1060 1956 1351 2009 Edit'iciaque
1379 1956 1552 1998 dudum
1579 1957 1859 2010 regulariter
1883 1969 1987 1998 con-

217 2036 336 2065 nexa
362 2036 420 2065 ex
448 2024 548 2077 ipsa
574 2024 710 2067 domu
736 2026 1099 2068 lamentabiliter
1125 2027 1350 2069 dissoluta
1377 2030 1494 2070 sunt.
1532 2027 1715 2080 Ubique
1740 2027 1831 2069 iam
1856 2027 1987 2069 dimi-

217 2097 324 2135 nute
364 2098 468 2137 sunt
505 2095 834 2138 fraudabiliter
872 2097 1059 2150 antique
1098 2101 1235 2151 atque
1275 2098 1431 2140 debite
1470 2099 1797 2141 monachorum
1836 2099 1987 2141 multi-

215 2164 398 2207 tudines
432 2169 478 2207 et
509 2166 571 2219 pii
606 2166 879 2209 fundatores
913 2169 1117 2210 locorum
1152 2170 1248 2211 suis
1281 2169 1669 2212 intercessoribus
1704 2170 1904 2222 spoliati,
1938 2169 1984 2211 in

216 2247 409 2287 quorum
439 2236 703 2279 alimoniam
733 2239 946 2291 ampliari
975 2240 1240 2282 substancia
1267 2240 1508 2293 debuerat,
1536 2253 1640 2293 que,
1669 2241 1811 2294 proch
1839 2239 1984 2292 dolor,

215 2306 497 2348 transfertur
522 2308 565 2348 in
590 2311 653 2350 tot
676 2322 899 2361 equorum
924 2314 1161 2363 pasturam
1186 2315 1231 2353 et
1256 2312 1301 2352 in
1327 2311 1622 2354 multitudine
1645 2311 1823 2354 familie
1846 2311 1984 2354 unius

215 2376 301 2418 viri
331 2379 413 2419 etc.
444 2412 451 2419 .
488 2411 496 2419 .
533 2413 540 2419 .
583 2378 778 2432 Propter
807 2380 1038 2422 defectum
1069 2385 1113 2423 et
1143 2382 1408 2424 absenciam
1438 2382 1723 2435 presidentis
1750 2385 1982 2435 pyetatem

216 2447 455 2500 religionis
495 2452 768 2492 convertunt
807 2451 851 2491 in
892 2455 1036 2493 artem
1079 2452 1346 2495 venacionis
1385 2457 1430 2495 et
1469 2454 1616 2496 tocius
1657 2452 1983 2496 dissolucionis

216 2517 451 2561 lasciviam
489 2523 533 2561 et
571 2520 669 2561 loco
706 2521 896 2563 humilis
934 2522 1207 2564 obediencie
1246 2524 1446 2566 rebellio
1481 2524 1815 2567 contumeliosa
1851 2524 1983 2566 calci-

214 2588 379 2630 trativa
402 2623 409 2630 .
447 2623 453 2630 .
491 2623 498 2630 .
534 2590 644 2643 Non,
667 2603 757 2632 non
782 2592 963 2635 abbatis
983 2594 1056 2634 vel
1081 2595 1265 2646 prioris,
1288 2594 1514 2647 inquiunt,
1537 2595 1619 2637 sed
1641 2594 1814 2637 domini
1837 2594 1982 2637 cardi-

214 2659 334 2702 nalis
374 2661 583 2702 monachi
627 2674 797 2703 sumus
852 2663 967 2713 Quid
1008 2676 1176 2717 morer,
1218 2665 1279 2707 ait
1320 2666 1437 2707 iste‘?
1492 2666 1558 2708 Tu
1599 2665 1980 2719 frequenti-ssime

214 2730 495 2782 prospexisti
524 2731 683 2774 ruinas
710 2732 964 2783 domorum,
994 2735 1219 2777 subversa
1247 2736 1479 2778 interdum
1507 2737 1785 2790 campanilia
1810 2737 1982 2789 coll-ap-

213 2799 276 2841 sis
306 2813 651 2854 nonnumquam
686 2803 875 2845 basibus
907 2805 1221 2858 convulsaque
1254 2806 1663 2849 fundamentorum
1694 2807 1979 2861 compagine.

212 2870 377 2913 Vidisti
416 2873 592 2924 pariter
629 2873 851 2915 dictorum
888 2877 1268 2929 prostracionem,
1304 2879 1531 2920 voltarum
1567 2878 1850 2921 testudinum
1884 2891 1980 2920 cor-

215 2941 441 2992 ruptelam
474 2947 518 2985 et
550 2944 671 2995 quod
704 2944 825 2986 intus
858 2946 987 2997 pluat
1018 2950 1065 2988 ut
1099 2946 1215 2991 fons.
1262 2947 1559 3001 Conspexisti
1592 2949 1804 2991 albarum
1837 2948 1979 2992 sordi-

212 3011 326 3052 ciem
352 3011 704 3067 deIaniatarum,
728 3027 913 3068 cappas,
938 3017 1119 3059 casulas
1144 3020 1329 3061 veteres
1350 3019 1482 3061 vobis
1506 3020 1742 3063 monachis
1765 3033 1790 3063 a
1812 3020 1978 3062 veteri-
