2102 3444
227 145 284 188 88
419 139 422 142 ¹
753 144 778 179 Ι.
815 145 1024 180 Abschnitt.
1073 144 1472 190 Konzilstagebticher.

230 264 274 304 in
309 275 468 305 mense
504 263 728 315 Octobris,
764 267 808 305 et
845 264 980 316 legati
1017 265 1140 316 regis
1177 264 1368 305 polonie
1403 268 1559 306 contra
1597 265 1857 308 Pruthenos
1891 267 1936 307 et
1970 277 1995 307 e

228 337 385 375 contra
419 337 464 375 et
497 334 574 376 alii
611 333 780 386 singuli
816 335 1116 386 querelantes
1164 334 1319 387 Legati
1354 348 1464 377 vero
1496 335 1609 377 tanti
1643 335 1766 388 regis
1802 334 1995 377 Francie

228 403 516 446 audienciam
545 404 720 446 habere
747 417 838 446 non
865 407 1093 457 poterant,
1119 408 1163 446 et
1191 405 1236 445 in
1263 418 1399 447 causa
1427 406 1674 447 favorabili
1704 418 1789 458 pro
1816 405 1995 448 iusticia

228 475 409 516 concilii
435 478 480 516 et
501 475 697 516 ecclesie
725 475 1021 526 universalis;
1048 479 1092 516 et
1115 475 1222 528 quia
1246 476 1389 528 aliqui
1414 476 1617 517 malivoli
1644 475 1928 518 Gallicorum
1951 479 1996 518 et

229 557 311 586 rex
333 546 478 587 eciam
500 545 814 598 publicabant,
837 546 959 598 quod
982 546 1146 587 Gallici
1172 546 1487 599 impediebant
1509 546 1768 600 concilium,
1790 545 1996 588 subdidit

228 615 348 656 idem
375 615 692 658 cardinalibus
717 615 859 658 sancti
891 616 1027 657 Marci
1053 616 1110 658 ad
1137 616 1322 658 illorum
1347 617 1716 669 excusacionem,
1742 616 1866 670 quod
1890 615 1996 659 Gal-

229 687 302 727 lici
323 699 414 728 non
437 687 753 739 impediebant
773 699 857 728 nec
876 699 1094 740 umquam
1117 687 1470 740 impediverant,
1493 691 1562 729 set
1582 687 1761 740 Anglici
1782 687 1994 739 multum;

227 760 270 798 et
298 758 506 799 recitavit
532 757 809 800 discordiam
841 759 960 799 inter
986 758 1315 810 Aragonenses
1342 762 1387 800 et
1413 758 1630 811 Anglicos
1657 758 1715 800 de
1741 758 1997 800 honoribus

227 831 270 869 et
300 828 376 880 qui
406 828 751 881 preferrentur3
783 841 867 881 pro
896 841 985 881 qua
1015 828 1221 871 sedanda
1252 829 1391 882 legati
1422 829 1545 882 regis
1577 829 1769 871 Francie
1800 828 1997 871 admise-

228 902 332 940 runt
356 898 476 940 inter
499 911 548 939 se
573 899 852 951 interpolate
876 899 1054 951 legatos
1078 900 1202 952 regis
1226 900 1506 952 Aragonum,
1529 902 1576 941 ut
1600 912 1742 952 supra
1765 900 1812 941 in
1834 911 1994 941 mense

225 969 449 1021 Octobris,
482 970 731 1011 insunione
762 969 1133 1022 Aragonensium
1165 983 1265 1011 cum
1298 970 1504 1012 concilio.
1550 969 1675 1012 Dixit
1705 970 1842 1023 ultra,
1874 969 1997 1023 quod

226 1040 405 1081 nullum
433 1040 588 1082 fuerat
615 1040 660 1081 in
689 1040 883 1082 concilio
911 1041 1195 1094 scandalum,
1223 1041 1312 1083 nisi
1341 1041 1464 1093 quod
1492 1040 1671 1094 Anglici
1699 1040 1924 1094 fecerant,
1952 1043 1998 1083 et

226 1111 435 1152 recitavit
469 1111 526 1152 de
559 1110 640 1152 illo
671 1114 807 1164 portu
840 1124 1088 1163 armorum,
1121 1124 1257 1164 quem
1292 1111 1500 1154 fecerant
1532 1111 1578 1153 in
1612 1124 1773 1154 mense
1806 1111 1998 1154 Novem-

226 1181 378 1235 brisfl)
416 1181 517 1224 Hiis
539 1185 584 1223 et
606 1181 883 1234 quibusdam
908 1182 1012 1224 aliis
1036 1182 1207 1225 auditis
1230 1195 1313 1224 rex
1336 1182 1562 1234 turbatur,
1587 1185 1782 1235 repente
1804 1181 1997 1235 repeciit

225 1252 451 1304 cedulam,
477 1265 615 1305 quam
643 1252 850 1304 dederat,
877 1255 922 1295 et
950 1254 1142 1295 recessit
1170 1253 1431 1295 insalutatis
1460 1253 1568 1295 illis.
1608 1253 1787 1295 Cedula
1813 1252 1900 1295 fuit
1926 1266 1997 1295 re-

226 1326 406 1375 portata
430 1323 748 1366 cardinalibus
771 1326 817 1365 et
842 1324 1021 1376 legatis,
1047 1324 1123 1376 qui
1149 1337 1235 1377 pro
1258 1336 1370 1377 pace
1398 1324 1520 1377 regis
1546 1323 1827 1365 addiderunt
1848 1335 1996 1378 pauca

226 1394 382 1446 verba,
408 1406 497 1447 que
523 1394 789 1436 scribuntur
815 1395 861 1435 in
886 1394 1108 1447 margine,
1133 1398 1178 1436 et
1202 1394 1288 1436 fuit
1313 1395 1411 1448 regi
1438 1397 1673 1447 reportata
1696 1407 1782 1448 per
1804 1393 1996 1437 eosdem

224 1465 488 1507 cardinales
514 1468 559 1507 et
583 1466 774 1518 legatos,
801 1465 878 1518 qui
905 1465 1116 1518 recipere
1142 1466 1303 1518 noluit,
1330 1468 1399 1507 set
1424 1465 1534 1507 fecit
1560 1465 1704 1518 recipi
1728 1478 1814 1518 per
1839 1465 1995 1507 alium.

225 1536 302 1578 Set
327 1536 508 1589 Anglici
534 1537 665 1577 nullo
692 1536 827 1577 modo
855 1536 1103 1578 voluerunt
1130 1536 1209 1578 illa
1238 1536 1380 1578 verba
1410 1536 1566 1578 addita
1595 1535 1866 1595 admittere.⁴
1894 1535 1997 1578 Fuit

225 1610 379 1648 tamen
405 1607 505 1649 sine
531 1606 624 1649 illis
648 1607 806 1649 verbis
830 1608 980 1660 posita
1008 1608 1053 1648 in
1078 1607 1365 1659 nacionibus,
1390 1610 1438 1648 ut
1462 1607 1796 1648 decerneretur
1822 1607 1869 1648 in
1892 1617 1997 1649 con-

225 1677 349 1729 cilio;
388 1690 473 1719 nec
512 1677 792 1720 resistebant
830 1679 969 1731 legati
1010 1678 1133 1731 regis
1173 1678 1383 1730 Francie,
1420 1678 1554 1720 nacio
1592 1677 1744 1720 Ytalie
1784 1677 1996 1730 credens,

225 1748 347 1801 quod
378 1749 586 1801 placeret
618 1748 823 1801 Gallicis,
857 1749 1109 1790 Germanie
1141 1752 1186 1790 et
1216 1748 1403 1802 Anglie3
1437 1761 1554 1802 pure
1587 1748 1824 1802 Hyspanie
1855 1748 1997 1791 distu-

226 1820 394 1871 lerunt,
423 1819 568 1861 donec
596 1820 781 1871 scirent,
809 1820 919 1872 quid
947 1823 1106 1871 ageret
1131 1819 1263 1862 nacio
1292 1819 1457 1864 Gallie.
1498 1819 1594 1871 Que
1622 1818 1834 1862 cedulam
1861 1831 1997 1872 repu-

225 1891 336 1932 tavit
373 1890 623 1943 captiosam
662 1894 705 1932 et
742 1891 891 1932 noluit
926 1891 1167 1943 expedire.
1217 1890 1351 1933 Unde
1390 1903 1474 1932 rex
1510 1890 1823 1933 Romanorum
1858 1890 1996 1932 vehe-

226 1964 406 2003 menter
444 1964 602 2003 contra
641 1961 767 2003 illam
804 1962 1017 2003 turbatus
1053 1965 1137 2003 est.
1187 1962 1259 2004 Sic
1297 1961 1520 2004 remansit
1556 1961 1812 2015 negocium,
1849 1960 1996 2004 donec

225 2032 437 2085 proxime
463 2032 655 2074 dicetur.

343 2103 442 2145 Hiis
462 2103 608 2144 eciam
630 2103 811 2155 diebus,
833 2106 877 2144 et
899 2103 1097 2144 maxime
1121 2103 1196 2145 die
1218 2104 1404 2145 veneris
1426 2103 1590 2145 XXVI.
1615 2103 1874 2156 Februarii,
1895 2105 1995 2146 orta

224 2177 295 2215 est
326 2173 465 2226 fama,
499 2173 621 2226 quod
655 2174 798 2226 aliqui
831 2174 998 2226 prelati
1032 2174 1211 2215 concilii
1246 2174 1531 2226 scripserant
1563 2173 1762 2226 quedam
1794 2173 1996 2226 capitula

226 2247 405 2286 secreta
429 2247 473 2285 et·
496 2244 731 2286 faciebant
755 2244 886 2296 alios,
912 2257 1026 2296 quos
1052 2247 1280 2296 poterant,
1306 2245 1461 2286 iurare
1488 2247 1666 2286 secrete
1691 2247 1737 2286 et
1761 2256 1811 2287 se
1837 2243 1996 2286 inscri-

225 2315 352 2367 bere,
376 2315 498 2367 quod
520 2314 601 2357 illa
623 2315 823 2368 capitula
848 2318 1104 2357 servarent.
1142 2315 1194 2356 Et
1218 2315 1278 2357 ita
1301 2315 1481 2357 fiebant
1503 2316 1622 2357 tales
1645 2314 1995 2358 coniuraciones

225 2386 397 2428 illicite.
443 2386 495 2427 Et
527 2385 781 2438 dicebatur,
811 2386 933 2438 quod
969 2387 1087 2427 inter
1116 2388 1270 2427 cetera
1302 2385 1624 2427 continebatur
1654 2386 1701 2427 in
1732 2385 1840 2438 illis,
1872 2385 1996 2439 quod

225 2457 391 2498 electio
413 2456 552 2498 fieret
574 2456 631 2498 ad
652 2457 934 2498 voluntatem
958 2457 1082 2510 regis
1103 2457 1414 2498 Romanorum
1436 2459 1480 2498 et
1502 2456 1592 2498 alia
1615 2456 1815 2498 maxime
1836 2459 1995 2498 contra

225 2527 503 2579 cardinales,
529 2531 573 2568 et
601 2527 685 2569 fuit
712 2528 795 2569 hoc
823 2527 983 2568 scitum
1012 2540 1037 2569 a
1063 2527 1291 2580 pluribus,
1318 2539 1513 2580 quorum
1541 2527 1683 2580 aliqui
1712 2527 1900 2569 fuerant
1925 2539 1996 2569 re-

225 2598 381 2651 quisiti
416 2598 586 2649 iurare,
621 2601 665 2639 et
699 2599 963 2639 noluerunt.
1010 2597 1165 2650 Aliqui
1200 2597 1415 2639 viderunt
1450 2597 1650 2651 capitula
1684 2601 1730 2640 et
1764 2597 1995 2651 subscrip-

225 2669 382 2710 ciones
402 2669 621 2722 plurium,
644 2672 834 2721 propter
856 2669 979 2721 quod
1000 2668 1264 2710 cardinales
1286 2668 1592 2721 collegialiter
1613 2668 1996 2711 deliberaverunt

225 2739 413 2781 obviare
450 2740 621 2781 talibus
658 2739 878 2781 indebitis
913 2739 1061 2782 modis
1096 2742 1141 2780 et
1176 2739 1402 2781 miserunt
1438 2739 1495 2781 ad
1531 2738 1739 2792 singulas
1773 2738 1994 2781 naciones

226 2810 282 2851 ad
307 2810 634 2863 exponendum
660 2811 739 2852 illa
763 2814 807 2852 et
829 2810 1184 2861 exhortandum,
1208 2809 1330 2863 quod
1346 2809 1518 2852 talibus
1534 2812 1869 2852 occurreretur.
1895 2809 1995 2851 Fie-

227 2881 334 2922 bant
357 2880 480 2922 enim
502 2880 559 2922 de
581 2884 728 2932 nocte,
751 2880 895 2923 eciam
917 2884 1021 2933 post
1043 2881 1243 2922 mediam
1265 2882 1443 2922 noctem
1467 2883 1646 2922 secreta
1667 2880 1863 2922 concilia
1884 2892 1994 2934 quo-

227 2951 437 3003 rundam,
474 2952 551 3004 qui
591 2951 908 3003 sequebantur
953 2949 1203 3006 [regem]¹')
1242 2954 1287 2992 et
1324 2962 1409 3003 per
1446 2963 1642 3003 quorum
1679 2949 1872 2993 consilia
1909 2962 1994 2993 rex

295 3035 310 3036 ἶ
330 3034 406 3081 asc!
424 3034 528 3081 Li'lcke
550 3055 609 3087 fili·
630 3055 886 3082 Jllonatznamen.
926 3055 957 3083 b>
981 3053 1061 3087 fehlt
1083 3055 1121 3087 Β,
1143 3056 1172 3087 ζ’,
1195 3055 1232 3081 L).
