2102 3444
308 133 392 175 7⁸20
745 128 810 161 ΙΙΙ.
844 125 1052 160 Absclmitt.
1096 123 1249 158 Reform
1282 124 1357 157 und
1391 123 1639 168 Versassung.

311 250 516 292 ultimum
550 260 640 289 11011
675 246 887 287 videatur
918 243 1146 296 expedire
1181 243 1307 285 iuxta
1341 243 1538 295 apostoli
1572 242 1826 284 doctrinam
1861 234 2088 284 dicentis:-

309 321 470 361 Omnia
504 319 635 359 michi
671 317 821 367 licent,
850 320 923 358 set
954 327 1045 355 non
1079 313 1232 355 omnia
1262 313 1534 366 expediunt.

425 389 635 431 Secunda
661 400 773 428 vero
799 399 900 428 mea
924 385 1133 426 asseroio
1159 384 1246 426 furit
1267 384 1375 426 ista:
1416 383 1570 426 Gladii
1600 418 1609 426 .
1627 418 1635 426 .
1653 417 1662 426 .
1686 384 2075 439 execucionem.¹)

310 461 401 502 Hec
426 460 483 501 de
509 472 556 500 se
581 459 704 500 clara
731 460 813 509 est,
828 455 1046 509 quoniam
1063 468 1184 508 papa
1197 454 1519 508 illegitimatus
1535 458 1611 496 aut
1627 454 1867 508 depositus
1880 458 2078 508 utraque

310 535 447 582 caret,
487 534 531 571 ut
567 532 691 582 patet
726 529 772 569 in
808 527 1016 580 pre-senti
1055 539 1164 568 casu
1201 526 1258 567 de
1295 526 1509 568 Johanne
1546 526 1657 568 olim
1693 538 1817 579 papa
1852 528 1898 568 et
1933 525 2079 568 Bene-

310 602 427 644 dicto
453 601 581 641 XIII.

427 672 587 713 Tereia
624 682 724 712 mea
760 669 963 711 assercio
997 668 1084 710 fuit
1115 667 1221 710 ista:
1270 667 1424 710 Gladii
1460 701 1469 710 .
1505 701 1513 709 .
1549 701 1557 709 .
1591 671 1637 710 et
1671 668 1764 709 non
1795 679 1855 710 eo
1888 680 1998 710 casu
2032 667 2079 710 in

309 742 502 783 concilio
547 741 813 795 generali.')
880 740 969 782 Ista
1016 738 1221 781 assercio
1266 739 1476 791 sequitur
1523 751 1582 780 ex
1627 739 1780 791 prIma
1823 737 2079 780 secundum

310 813 591 854 intellectum
626 811 687 853 ibi
717 811 888 863 datum,
921 809 1153 862 quoniam,
1184 812 1232 851 ut
1264 809 1433 851 dictum
1463 812 1547 862 est,
1577 810 1719 852 talem
1750 810 2080 852 execucionem

308 883 504 924 ecclesia
539 895 630 924 non
666 882 805 924 habet
840 881 930 923 nisi
964 893 1021 923 ea
1054 893 1176 933 papa
1211 883 1398 922 carente
1431 883 1513 922 <aut
1546 880 1836 933 illegitimato
1870 880 1973 934 ipso
2005 881 2080 922 vel

311 954 522 1007 deposito
562 957 607 995 et
648 953 709 995 sic
751 964 835 993 nec
878 951 1121 993 concilium
1163 951 1401 1004 generale.
1460 951 1551 993 Ista
1592 950 1828 993 conclusio
1864 954 1938 993 est
1977 951 2079 993 fere

310 1026 513 1066 omnium
546 1027 811 1066 sanctorum
850 1023 906 1064 de
945 1025 1172 1075 potestate
1209 1034 1331 1075 pape
1370 1025 1414 1064 et
1450 1022 1647 1063 ecclesie
1686 1022 1996 1076 loquencium,
2033 1024 2081 1064 ut

310 1099 433 1148 patet
467 1095 512 1136 in
544 1107 704 1137 eorum
739 1093 937 1136 decretis
969 1105 1054 1146 per
1086 1096 1230 1135 totum
1263 1105 1431 1145 corpus
1462 1092 1579 1135 iuris
1610 1092 1821 1135 canonici
1854 1092 2081 1146 dispar-sis

307 1170 350 1207 ct
372 1166 584 1207 similiter
605 1165 807 1207 omnium
824 1164 1066 1206 *doctorum
1085 1164 1407 1217 theologorum
1427 1164 1736 1216 antiquorum,
1757 1166 1805 1205 ut
1823 1163 2080 1206 Alexandri

311 1236 366 1277 de
395 1237 552 1288 Halys,
581 1236 724 1277 sancti
753 1235 926 1277 Thome
955 1235 1011 1276 de
1039 1234 1238 1287 Aquino,
1267 1234 1309 1276 d.
1340 1234 1563 1288 Durandi,
1588 1234 1634 1276 d.
1663 1235 1789 1277 Petri
1818 1234 1875 1276 de
1903 1233 2080 1276 Palude-

310 1310 354 1349 et
403 1306 608 1360 magistri
657 1306 857 1359 Hervey,
907 1309 955 1348 ut
1002 1309 1130 1358 patet
1180 1305 1536 1358 inspicientibus
1585 1318 1748 1347 eorum
1796 1304 1931 1348 dicta.
1990 1304 2080 1348 Ubi

310 1378 489 1419 noviter
526 1378 598 1431 (⁶3)
637 1377 732 1418 dixi
768 1389 917 1430 „papa
952 1376 1156 1430 legitime
1191 1376 1462 1429 presidente
1492 1379 1541 1419 et
1574 1375 1857 1429 resid·ente“,
1889 1378 2081 1430 propter

310 1448 647 1489 restrictionem
706 1451 751 1490 et
811 1447 1212 1489 modificacionem
1274 1448 1461 1489 illorum
1522 1447 1718 1489 duorum
1777 1447 2081 1489 terminorum

313 1523 524 1571 respectu
548 1532 660 1561 usus
686 1518 969 1560 auctoritatis
995 1518 1161 1560 summi
1183 1517 1421 1572 pontificis
1452 1517 1614 1573 [dixi],
1640 1518 1872 1571 quoniam,
1898 1517 1937 1561 si
1959 1529 2080 1572 papa

311 1593 434 1631 esset
460 1590 515 1631 de
541 1589 697 1632 heresi
722 1590 1025 1631 vehementer
1051 1592 1295 1642 suspectus
1320 1592 1365 1631 et
1390 1589 1489 1631 sive
1514 1601 1640 1642 vere,
1666 1588 1765 1631 sive
1787 1588 1936 1631 eciam
1960 1588 2079 1631 false

310 1661 487 1702 notorie
515 1661 571 1702 de
598 1660 754 1702 heresi
779 1659 1047 1714 infamatus,
1074 1673 1132 1702 eo
1155 1663 1311 1702 tamen
1336 1660 1546 1702 heretico
1570 1672 1663 1702 non
1686 1659 1934 1713 existente,
1959 1661 2079 1712 tunc,

310 1731 346 1772 si
376 1731 579 1784 legitime
608 1731 885 1784 presideret,
915 1731 1022 1784 quia
1051 1734 1177 1773 esset
1205 1743 1341 1784 papa,
1370 1743 1463 1772 non
1491 1733 1647 1773 tamen
1676 1731 1829 1784 quoad
1856 1730 1941 1773 hoc
1970 1730 2079 1784 legi-

308 1802 414 1843 tIme
445 1802 688 1855 resideret,
717 1814 817 1843 cum
847 1802 893 1843 in
923 1802 1003 1844 tali
1034 1815 1174 1844 causa
1201 1814 1295 1844 non
1321 1806 1482 1854 posset
1511 1814 1619 1844 esse
1646 1801 1803 1855 iudex,
1832 1804 1902 1844 set
1929 1801 2077 1843 solum

308 1872 563 1925 concilium,
596 1872 718 1925 quod
751 1873 797 1914 in
831 1873 950 1915 dicto
983 1885 1092 1915 casu
1123 1872 1453 1915 execucionem
1484 1873 1625 1915 habet
1655 1872 1858 1914 similem
1891 1884 2077 1925 cognos-

309 1943 440 1984 cendi
467 1947 510 1985 et
536 1956 637 1985 ewam
663 1943 942 1985 iudicialiter
967 1944 1246 1996 exequendi.
1283 1943 1433 1986 Simili
1457 1943 1594 1986 modo
1619 1943 1866 1996 diceretur,
1892 1942 1931 1986 si
1954 1944 2078 1985 esset

309 2027 427 2066 papa
466 2014 680 2057 detentus
718 2015 926 2067 captivus
964 2015 1088 2068 apud
1122 2014 1348 2057 infideles
1384 2016 1459 2056 vel
1496 2014 1705 2057 furiosus
1737 2013 1944 2057 effectus
1978 2013 2076 2055 sive

309 2085 499 2127 demens
533 2089 608 2127 aut
640 2085 898 2127 destructor
930 2085 1243 2128 ecclesiastice
1275 2085 1477 2139 pollicie,
1509 2085 1728 2138 quoniam
1760 2085 1808 2126 in
1839 2085 1924 2127 hoc
1955 2095 2076 2137 casm,

310 2156 345 2196 si
370 2156 571 2208 legitime
593 2156 869 2210 presideret,
890 2157 999 2209 quia
1019 2169 1141 2210 papa
1161 2156 1297 2209 foret,
1317 2169 1411 2199 non
1431 2160 1587 2198 tamen
1608 2156 1813 2209 legitime
1834 2154 2076 2207 resideret,

310 2227 417 2278 quia
441 2239 533 2268 non
558 2230 715 2279 posset
736 2228 1069 2269 execucionem
1092 2227 1167 2270 sui
1192 2227 1432 2280 regiminis
1455 2238 1698 2280 exercere,
1723 2227 1772 2268 in
1794 2238 1889 2280 quo
1919 2223 2068 2280 [casu]

309 2296 548 2338 concilium
579 2299 800 2349 generale
828 2298 932 2340 sine
964 2298 1144 2352 dubiost)
1175 2298 1509 2340 execucionem
1538 2298 1680 2340 habet
1711 2297 1767 2339 de
1797 2295 2077 2339 necessariis

312 2367 354 2407 ἰ11
390 2368 483 2409 fide
517 2371 561 2409 et
593 2368 798 2410 moribus
832 2369 1030 2411 ecclesie
1063 2369 1329 2422 providere,
1362 2372 1412 2411 ut
1442 2381 1501 2410 ex
1534 2368 1666 2411 dictis
1699 2371 1908 2421 apparet.
1954 2357 2008 2410 Et
2039 2365 2076 2409 si

310 2437 498 2490 ditatur,
530 2439 639 2491 quid
672 2438 756 2481 fiet
788 2440 833 2480 in
865 2452 988 2492 casu,
1021 2437 1153 2494 quo¹‘)
1186 2452 1310 2493 papa
1340 2440 1487 2481 nollet
1520 2439 1652 2492 sequi
1685 2437 2076 2481 deliberacionem

310 2511 353 2549 ct
378 2509 619 2550 consilium
645 2510 839 2562 concilii,
864 2510 1190 2563 respondetur,
1217 2510 1353 2563 quod,
1379 2510 1458 2552 ubi
1483 2522 1605 2563 papa
1629 2509 1800 2552 habeat
1823 2507 2076 2552 racionabi-

314 2579 400 2619 lem
430 2592 612 2621 causam
641 2583 685 2622 et
712 2584 974 2622 moventem
1001 2581 1058 2622 ad
1086 2582 1185 2634 hoc,
1213 2581 1457 2622 concilium
1486 2580 1625 2623 debet
1652 2579 1819 2622 melius
1847 2579 2007 2621 videre
2035 2579 2078 2620 et

311 2648 590 2702 deliberare,
620 2651 741 2702 quod
772 2651 897 2694 Deus
926 2652 1126 2694 fortasse
1156 2652 1362 2693 secundo
1392 2650 1653 2704 inspirabit,
1682 2663 1773 2704 quo
1802 2649 2005 2702 retinuit,
2033 2650 2077 2690 et

314 2719 649 2771 interponende
675 2725 779 2763 sunt
805 2723 1047 2765 oraciones
1072 2725 1116 2764 et
1140 2722 1313 2764 ieiunia
1338 2735 1423 2775 pro
1446 2721 1768 2764 conformitate
1793 2721 2076 2763 voluntatum

319 2788 479 2843 [pape]
511 2794 555 2831 et
577 2791 720 2834 tocius
744 2793 924 2833 concilii
947 2793 993 2834 in
1017 2806 1111 2835 uno
1134 2793 1287 2835 volito.
1323 2793 1481 2846 Neque
1501 2791 1814 2835 estimandum
1838 2794 1921 2844 est,
1942 2788 2076 2844 spi-ri-

311 2862 403 2899 tum
438 2866 658 2914 sanctum,
692 2874 781 2914 quo
814 2866 971 2906 sancta
1004 2864 1208 2916 synodus
1242 2864 1432 2917 regitur,
1466 2863 1512 2904 in
1545 2862 1811 2905 huiusmodi
1842 2874 1953 2904 casu
1983 2871 2075 2902 non

416 2983 445 3001 ul
471 2977 512 3001 ΙΙκ
534 2984 594 3002 non
617 2976 762 3003 dubium.
838 2978 869 3004 bb
893 2979 937 3004 lss
958 2979 1053 3012 quod.

432 3025 459 3066 ¹)
491 3025 571 3067 Vgl.
599 3026 709 3059 oben.
