2227 3434
902 129 992 164 1417
1014 129 1093 164 Juli
1117 129 1172 163 11.
1835 127 1920 169 503

156 250 240 292 bus
269 248 640 302 prestantissima
670 247 921 289 devocione
951 247 1204 299 antiquitus
1232 259 1478 288 concessas
1506 249 1552 287 et
1578 258 1699 287 nunc
1729 248 1920 298 ruptura

155 319 235 362 vili
271 319 545 370 confractaS,
582 318 690 371 quia
726 319 940 370 neglectu
977 319 1091 359 sicut
1128 322 1173 360 et
1210 317 1294 358 Dei
1331 318 1480 359 cultus
1515 316 1746 358 habentur
1782 319 1828 357 et
1863 315 1921 356 de

154 390 285 433 novis
317 389 600 432 indumentis
632 389 798 430 decore
831 388 1092 430 divinorum
1123 388 1309 440 penitus
1341 387 1571 430 suffocato
1601 386 1789 428 minime
1818 398 1922 439 pro-

154 460 351 503 videtur.
399 460 573 503 Confer
608 461 708 512 ista,
744 472 901 512 queso,
939 459 997 501 ad
1031 459 1321 500 honestatem
1358 458 1567 500 albarum
1604 461 1649 499 et
1684 456 1921 499 habituum

154 531 540 584 edificiorumque
573 530 926 572 condecenciam
959 530 1004 570 in
1038 529 1270 582 religiosis
1304 529 1517 571 domibus
1553 526 1922 569 Mendicantium.

155 602 324 644 Eorum
351 601 584 644 beneficia
612 600 990 643 commendatarii
1017 613 1110 642 non
1137 603 1391 652 emungunt
1417 612 1502 641 nec
1530 599 1728 640 ministri
1756 597 1923 651 princi-

155 673 288 725 pales
308 672 505 715 fratrum
529 672 888 724 substantacula,
912 672 1027 713 sicut
1049 671 1103 712 fit
1125 671 1248 723 apud
1271 683 1352 711 vos
1376 670 1638 721 monachos,
1663 669 1855 711 abbates
1879 673 1924 711 et

154 743 351 797 priores,
385 743 442 785 ad
476 744 545 785 sui
582 745 726 785 status
760 741 1167 784 immoderanciam
1201 741 1401 783 trahunt.
1450 741 1610 793 Itaque
1645 739 1814 792 vidisti,
1848 738 1923 790 ait,

155 813 400 856 sordiciem
425 817 561 866 atque
587 816 827 866 rupturam
853 812 1227 854 indumentorum
1254 812 1298 852 in
1325 810 1534 854 ecclesiis
1559 815 1604 853 et
1627 810 1923 853 monasteriis

155 888 200 926 et
221 885 422 927 obscena
446 884 723 937 diruptaque
746 883 921 937 pariter
945 883 1161 924 dominici
1185 883 1345 925 altaris
1368 884 1642 935 paramenta
1664 884 1711 923 et
1732 880 1855 934 quod
1877 881 1924 926 in

155 955 254 998 celo
287 958 332 997 et
363 955 410 996 in
442 958 567 997 terra
601 955 842 996 coniuncta
876 954 964 995 sibi
997 953 1237 995 divinitate
1270 965 1380 994 vere
1416 952 1603 1005 dignum
1637 955 1683 994 et
1714 953 1924 1005 prestan-

153 1025 380 1068 tissimum
418 1024 636 1078 creditur,
666 1024 843 1077 'corpus
882 1024 1029 1066 Jhesu
1069 1023 1254 1076 Christi,
1293 1023 1338 1064 in
1377 1023 1457 1064 vili
1496 1035 1651 1076 panno
1688 1021 1925 1075 negligen-

154 1097 332 1140 tissime
370 1096 602 1138 interdum
640 1099 960 1138 contractatur.
1011 1095 1136 1136 Libri
1175 1094 1372 1136 ecclesie
1410 1098 1487 1136 aut
1522 1095 1639 1135 nulli
1678 1097 1756 1135 aut
1790 1093 1924 1146 pauci

155 1171 339 1211 veteres
361 1171 497 1221 atque
521 1168 678 1220 deleti,
702 1167 866 1210 dissuti
891 1201 898 1208 .
935 1201 943 1208 .
980 1201 987 1208 .
1023 1166 1305 1208 Venerande
1330 1200 1337 1207 .
1374 1203 1380 1209 .
1418 1200 1425 1208 .
1452 1165 1649 1218 reliquie
1675 1163 1925 1207 sanctuari-

154 1251 285 1281 orum
320 1239 366 1280 in
401 1251 645 1292 capsarum
681 1238 880 1280 vasculis
915 1242 960 1280 et
993 1238 1257 1291 ymaginum
1294 1237 1458 1279 formis
1493 1237 1615 1289 olym
1651 1237 1925 1277 reverenter

153 1314 198 1353 et
239 1309 568 1352 honestissime
613 1309 849 1351 recondite
895 1309 985 1351 iam
1030 1321 1151 1349 nunc
1195 1321 1388 1361 prorsus
1435 1307 1734 1359 incurialiter,
1779 1305 1924 1358 pigre,

154 1381 373 1434 segniter,
418 1380 648 1433 indevote,
693 1380 905 1433 sparsim,
950 1379 1148 1432 dirupte,
1195 1379 1416 1431 laniatim,
1461 1377 1693 1419 interdum
1737 1377 1925 1419 vascula

154 1452 396 1507 prophane
421 1455 467 1494 et
488 1452 715 1505 sacrilege
741 1454 1025 1504 consumpta,
1049 1451 1362 1504 negliguntur.
1401 1450 1552 1502 Carte,
1577 1449 1731 1490 littere
1755 1451 1799 1490 et
1822 1448 1924 1489 fun-

155 1522 398 1565 dacionum
430 1523 668 1564 munimen
701 1556 709 1564 .
745 1556 753 1564 .
790 1556 797 1564 .
829 1535 887 1564 ex
921 1522 1059 1564 simili
1093 1534 1202 1563 casu
1233 1523 1444 1574 pereunt.
1490 1519 1714 1561 Redditus
1745 1522 1791 1561 et
1822 1531 1926 1572 pro-

154 1596 320 1637 ventus
355 1594 626 1636 nullatenus
666 1596 771 1636 sunt
809 1606 833 1635 a
872 1606 1102 1646 quoquam
1141 1592 1326 1633 defensi
1365 1595 1410 1634 et
1449 1591 1505 1633 de
1544 1591 1634 1633 hiis
1671 1603 1758 1643 pro
1795 1589 1925 1631 libito

154 1664 474 1718 unusquisque
502 1667 644 1707 curat.
686 1665 898 1717 Denique
926 1664 1020 1716 ubi,
1049 1664 1210 1716 inquit,
1239 1662 1450 1714 ecclesie,
1480 1662 1673 1704 abbacie
1701 1661 1775 1703 vel
1805 1661 1925 1713 prio—

156 1739 283 1779 ratus
321 1735 529 1789 insignes
565 1736 694 1789 gravi
733 1738 777 1777 et
816 1734 1034 1776 diuturno
1072 1735 1226 1787 rigore
1267 1734 1399 1776 istius
1437 1732 1709 1775 calamitatis
1747 1731 1922 1773 reducti

157 1811 264 1850 sunt
305 1806 362 1849 ad
401 1806 542 1848 nichil
588 1810 665 1848 aut
706 1806 862 1848 effecti
907 1809 1141 1858 tamquam
1185 1805 1301 1846 viles
1344 1805 1535 1857 grangie
1580 1807 1624 1845 et
1667 1801 1925 1844 diversoria

156 1877 334 1920 detecta
381 1877 636 1929 brutorum,
682 1879 789 1918 tunc
835 1876 1056 1928 contingit
1104 1875 1334 1917 interdum
1382 1878 1485 1927 post
1532 1886 1754 1915 nauseam
1801 1875 1925 1914 tante

156 1948 523 2002 impugnacionis
549 1947 924 1990 commendarum
952 1947 1089 1989 huius
1115 1948 1188 1988 vel
1217 1947 1344 1988 illius
1369 1946 1601 1999 prioratus
1629 1946 1701 1986 vel
1729 1944 1926 1986 ecclesie

157 2018 268 2061 alibi
291 2020 564 2061 translatam
590 2018 885 2060 fundacionis
911 2018 1223 2060 substanciam
1248 2017 1371 2059 uniri
1398 2019 1625 2069 perpetuo
1650 2018 1694 2057 et
1720 2015 1936 2067 incorpo-.

158 2090 251 2132 rari
279 2093 324 2133 et
351 2089 459 2132 inde
487 2102 653 2132 novam
680 2090 846 2142 palacii
877 2089 1258 2142 capellarumque
1286 2091 1332 2130 et
1358 2089 1760 2129 monumentorum
1788 2089 1928 2128 struc-

156 2163 306 2203 turam
338 2160 470 2214 quasi
502 2161 560 2203 de
589 2161 870 2214 patrimonio
900 2160 1017 2212 erigi
1049 2163 1095 2202 et
1124 2159 1290 2202 missas
1321 2171 1405 2211 pro
1438 2171 1486 2199 se
1519 2161 1564 2199 et
1594 2157 1689 2199 suis
1720 2155 1925 2198 ordinari

159 2244 210 2274 ac
237 2232 440 2274 extincto
465 2235 673 2273 veterum
702 2231 999 2273 fundatorum
1029 2230 1229 2281 nomine,
1258 2230 1399 2272 armis
1427 2232 1471 2270 et
1498 2229 1674 2270 honore
1704 2240 1804 2269 cum
1833 2226 1928 2269 suis

158 2302 324 2346 edibus
353 2302 674 2355 conquassatis
704 2315 887 2354 novum,
917 2305 966 2343 ut
997 2302 1054 2343 (le
1086 2314 1136 2342 re
1168 2313 1301 2352 nova,
1334 2299 1596 2341 fundatoris
1627 2311 1797 2340 nomen
1832 2331 1839 2339 .

159 2375 431 2427 arroganter
464 2374 695 2426 usurpari.
739 2372 856 2424 Quid
888 2385 1072 2414 rursum
1103 2375 1195 2414 tam
1229 2372 1307 2413 diu
1340 2371 1518 2424 loquar,
1551 2370 1612 2412 ait
1646 2369 1744 2411 iste.
1794 2369 1928 2409 Innu-

160 2457 288 2487 mera
311 2447 417 2488 sunt
440 2445 484 2486 in
509 2443 719 2486 ecclesiis
743 2447 789 2486 et
812 2443 1108 2485 monasteriis
1132 2442 1484 2495 dispendiorum
1507 2439 1795 2483 incommoda
1819 2451 1929 2480 una-

159 2527 259 2557 cum
292 2515 505 2569 neglectu
539 2518 585 2557 et
616 2515 728 2556 luxu
763 2514 1000 2557 desidioso
1032 2513 1348 2555 ministrorum
1382 2516 1641 2554 vestrorum
1679 2512 1723 2552 in
1756 2512 1930 2552 tuomet

161 2589 279 2628 statu
318 2586 526 2640 priorum
564 2589 608 2628 et
648 2586 880 2637 abbatum,
918 2598 1033 2638 quos
1071 2597 1297 2626 excusare
1338 2583 1409 2625 vel
1451 2582 1702 2624 excludere
1744 2581 1800 2623 de
1838 2580 1929 2622 hiis

160 2656 609 2699 incommoditatibus
646 2669 737 2698 non
775 2659 974 2698 autumo.
1024 2655 1169 2697 Nichil
1207 2657 1332 2696 tante
1369 2653 1605 2706 voraginis
1640 2665 1690 2694 ac
1727 2652 1929 2693 destruc-

160 2727 305 2770 cionis
347 2727 564 2780 abyssum
608 2726 937 2769 vehemencius
982 2727 1159 2768 invocat
1201 2738 1337 2778 quam
1382 2727 1526 2766 status
1571 2721 1928 2772 inmoderancia,

161 2798 291 2842 cuius
324 2801 417 2841 tam
454 2798 634 2840 curiose
673 2797 1071 2851 magnificenciam
1110 2795 1456 2847 commendasti,
1493 2794 1623 2847 quasi
1663 2794 1846 2835 illorum
1884 2795 1928 2832 et

159 2881 251 2911 non
271 2870 334 2911 tui
357 2868 535 2911 ordinis
554 2869 664 2912 talia
686 2871 957 2922 procurator
977 2867 1157 2909 offeres
1177 2870 1223 2909 et
1240 2867 1352 2909 tanti
1375 2864 1655 2907 discriminis
1675 2862 1928 2916 procellam

163 2939 395 2993 culpando
434 2939 768 2981 dissimulares.
821 2939 917 2980 Hec
960 2939 1053 2979 ille.
1107 2937 1188 2979 Cui
1232 2950 1334 2989 ego:
1389 2936 1554 2987 Audio,
1597 2934 1797 2986 inquam,
1839 2944 1927 2985 que

163 3010 391 3064 prolixius
430 3009 661 3052 invexisti.
711 3008 886 3051 Satiras
922 3008 1260 3062 predicacionis
1299 3007 1561 3049 invecturas
1598 3017 1688 3046 non
1728 3004 1928 3045 libenter
