2227 3434
546 208 583 244 B.
631 209 709 245 Der
740 210 839 245 liber
871 212 1065 255 gestorum
1100 210 1168 245 des
1201 209 1443 246 Cerretanus.
1775 212 1858 255 307

94 327 196 370 eius
235 327 483 370 adventum
523 327 734 381 fecimus,
772 329 1098 371 habundanter
1138 329 1195 371 de
1234 341 1370 382 pane,
1410 329 1531 382 vino,
1570 329 1776 382 piscibus
1816 333 1860 371 et

94 398 199 440 aliis
224 398 501 440 victualibus
528 398 664 451 misit,
691 398 923 441 licentiam
950 399 1211 453 recepimus
1236 403 1281 442 et
1306 399 1470 442 eadem
1497 400 1571 441 die
1597 403 1702 453 post
1724 413 1860 453 pran-

95 468 220 510 dium
255 481 355 510 cum
391 481 482 511 uno
517 482 600 510 suo
635 469 856 512 scutifero
891 470 1168 512 conductore
1201 470 1337 512 nobis
1372 470 1477 513 dato
1511 470 1568 512 ab
1601 470 1768 512 eodem
1802 470 1859 512 de

93 539 242 582 Olieto
277 540 377 582 loco
410 540 468 581 ad
503 539 659 582 villam
696 540 753 581 de
788 540 932 583 Stella
967 541 1088 583 circa
1121 541 1283 583 horam
1317 542 1500 583 tertiam
1533 541 1679 583 noctis
1715 541 1860 594 appli-

93 610 283 652 cuimus.
326 610 382 652 Et
413 610 582 653 deinde
615 611 689 652 die
722 611 903 653 sabbati
935 611 1107 653 XVIII.
1139 611 1317 664 Aprilis
1349 612 1505 665 vigilie
1536 611 1708 665 pasche
1739 612 1859 653 bene

94 692 227 723 mane
249 681 307 723 ad
328 681 475 723 locum
498 681 555 722 de
577 681 815 724 Cabesson
838 682 895 724 ab
915 683 999 724 hoc
1022 683 1121 724 loco
1142 682 1323 725 duabus
1343 683 1501 736 parvis
1523 683 1668 726 leucis
1690 682 1861 725 distan-

92 755 183 794 tem
214 752 514 804 pervenimus
547 752 662 795 duos
694 752 750 794 de
782 753 990 795 numeris
1021 766 1121 794 cum
1153 766 1246 795 uno
1277 754 1369 796 alio
1398 766 1483 807 per
1516 754 1556 795 d.
1590 766 1748 807 regem
1777 754 1861 795 Na-

93 835 228 865 varre
253 823 474 865 scutifero
499 827 543 865 et
567 823 844 865 conductore
871 825 917 865 in
942 824 1026 866 hac
1051 824 1178 865 curia
1207 825 1324 866 bene
1348 828 1457 866 noto
1481 825 1615 866 nobis
1640 837 1861 867 concesso

92 893 149 936 ad
170 894 291 936 hunc
314 894 578 936 Vallisoleti
601 895 765 947 locum,
781 907 918 948 quem
935 895 1037 948 ipsa
1053 895 1142 947 die,
1155 896 1196 936 si
1213 895 1537 947 voluissemus,
1555 896 1860 938 intrassemus

91 977 176 1018 pro
201 964 456 1007 intimando
485 965 670 1006 domine
700 966 861 1019 regine
888 969 1099 1007 nostrum
1128 966 1390 1019 adventum,
1419 966 1732 1019 permittendo
1758 979 1859 1008 cum

93 1036 210 1078 alias
251 1048 335 1078 seu
376 1036 511 1078 aliter
553 1037 914 1079 ambassiatores
957 1049 1040 1078 seu
1082 1036 1293 1078 homines
1337 1040 1481 1079 status
1524 1037 1699 1079 intrare
1741 1037 1859 1079 hanc

91 1107 264 1149 curiam
294 1119 388 1149 non
418 1107 476 1148 sit
506 1110 776 1149 consuetum
806 1119 905 1160 nec,
937 1107 1052 1149 sicut
1081 1107 1215 1150 nobis
1246 1108 1415 1149 dictum
1445 1107 1545 1160 fuit,
1577 1108 1751 1149 intrare
1782 1120 1860 1161 po-

90 1178 359 1230 tuissemus;
399 1177 521 1219 unde
558 1177 741 1231 prefate
780 1178 964 1220 domine
1002 1179 1164 1231 regine
1202 1191 1303 1220 cum
1338 1179 1510 1221 nostris
1548 1178 1636 1221 sibi
1674 1182 1719 1220 et
1755 1178 1858 1221 aliis

91 1248 290 1290 diversis
325 1248 512 1290 directis
549 1249 697 1291 literis
730 1251 888 1291 nostro
923 1248 1162 1291 notificato
1198 1249 1400 1291 adventu
1434 1253 1479 1291 et
1513 1249 1726 1302 hospitiis
1762 1249 1858 1291 sive

90 1319 296 1372 pausatis
325 1331 454 1361 more
485 1318 753 1361 Castellano
781 1319 915 1362 nobis
945 1320 1130 1373 talibus,
1161 1320 1277 1362 sicut
1305 1320 1492 1373 placuit,
1522 1319 1754 1362 concessis
1784 1320 1858 1361 die

92 1390 200 1432 lune
241 1390 455 1444 sequenti
493 1390 588 1435 ΧΧ,
630 1391 808 1444 Aprilis
847 1390 967 1432 hunc
1007 1390 1157 1432 locum
1196 1394 1240 1432 et
1280 1391 1454 1433 curiam
1494 1390 1613 1433 circa
1651 1391 1858 1444 quintam

91 1461 251 1503 horam
291 1464 395 1514 post
435 1461 678 1503 meridiem
720 1461 1006 1504 intravimus.
1062 1462 1114 1502 In
1156 1462 1286 1504 cuius
1327 1461 1543 1514 ingressu
1582 1460 1858 1515 magnificus

90 1531 203 1575 baro
236 1531 277 1574 d.
313 1531 514 1574 Didacus
548 1531 835 1574 Ferdinandi
867 1532 924 1574 de
958 1532 1223 1585 Quinyones
1257 1532 1392 1575 nobis
1425 1532 1607 1575 obviam
1640 1531 1783 1575 exivit
1814 1535 1858 1573 et

91 1602 149 1644 ad
175 1602 377 1656 hospitia
404 1602 638 1656 assignata
666 1615 750 1645 nos
779 1602 1011 1645 conduxit.
1058 1603 1109 1644 In
1136 1603 1265 1646 cuius
1294 1604 1546 1645 crastinum
1576 1602 1761 1646 domine
1789 1615 1859 1644 re-

89 1673 196 1727 gine
228 1673 483 1727 supplicari
513 1673 710 1717 fecimus
740 1686 825 1727 pro
858 1673 1093 1716 audientia
1124 1673 1355 1727 habenda,
1388 1686 1525 1727 quam
1555 1676 1659 1727 post
1690 1674 1859 1716 multas

90 1743 333 1787 instantias
363 1743 437 1787 die
469 1744 586 1788 iovis
617 1744 830 1798 sequenti
860 1744 1058 1786 XXIIII.
1089 1744 1266 1798 Aprilis
1296 1744 1450 1797 quoad
1478 1745 1740 1786 litterarum
1769 1747 1858 1786 tra-

90 1814 309 1857 ditionem
341 1818 385 1858 et
416 1816 746 1858 salutationum
778 1815 1091 1869 imperialium
1123 1815 1295 1857 nudam
1329 1815 1688 1869 explicationem
1719 1815 1857 1857 etiam

90 1890 309 1938 presente
336 1886 378 1929 d.
405 1898 514 1940 rege
540 1889 584 1928 et
610 1898 776 1940 magno
800 1886 995 1929 consilio
1020 1886 1317 1928 obtinuimus.
1358 1886 1656 1940 Fueruntque
1685 1885 1858 1928 ibidem

88 1955 222 2000 nobis
253 1957 552 2010 presentibus
584 1961 629 1999 et
661 1957 942 2000 instantibus
973 1969 1200 2010 expresse
1231 1970 1318 2010 pro
1348 1960 1480 2011 parte
1514 1957 1555 1999 d.
1589 1957 1714 2010 regis
1745 1957 1858 1998 Ara-

89 2039 256 2080 gonum
281 2027 435 2070 littere
461 2029 780 2071 convocatorie
807 2031 1075 2081 presentate
1102 2031 1147 2070 et
1172 2028 1279 2070 licet
1304 2028 1616 2082 possethenus
1640 2027 1858 2070 institeri-

90 2109 190 2141 mus
216 2101 262 2141 et
289 2098 332 2141 d.
361 2111 447 2141 rex
476 2101 717 2141 contentus
745 2099 868 2142 foret
896 2102 940 2141 et
968 2111 1053 2152 pro
1081 2098 1216 2141 nobis
1244 2111 1356 2152 erga
1384 2098 1618 2140 dominam
1647 2098 1855 2151 reginam

90 2171 283 2211 matrem
301 2182 432 2212 suam
454 2169 661 2223 instaret,
684 2170 806 2223 quod
827 2173 999 2212 certam
1021 2170 1145 2212 diem
1165 2182 1251 2224 pro
1271 2169 1550 2222 explicando
1571 2169 1855 2211 credentiam

89 2238 368 2283 haberemus
398 2253 500 2283 eam
528 2243 684 2282 tamen
713 2241 770 2283 ab
803 2242 903 2294 ipsa
932 2241 1118 2283 domina
1149 2241 1311 2293 regina
1340 2253 1432 2282 non
1462 2239 1716 2282 meruimus
1744 2239 1856 2282 obti-

88 2321 200 2352 nere
229 2323 315 2353 nec
343 2311 484 2364 aliud,
513 2311 603 2353 nisi
633 2311 755 2364 quod
784 2311 885 2364 ipsa
915 2311 1039 2353 diem
1067 2314 1112 2353 et
1140 2312 1316 2364 horam,
1346 2310 1513 2364 quibus
1544 2323 1627 2352 nos
1658 2310 1855 2362 audiret,

89 2380 222 2424 nobis
251 2381 453 2424 intimari
481 2382 670 2423 faceret.
714 2382 767 2423 Et
797 2382 1007 2434 quamvis
1036 2382 1082 2423 in
1112 2382 1313 2424 crastino
1343 2384 1386 2423 et
1416 2381 1521 2424 aliis
1551 2381 1854 2434 sequentibus

90 2449 255 2494 diebus
294 2452 336 2494 d.
378 2452 777 2506 archiepiscopum
820 2452 1141 2505 Tholetanum,
1183 2452 1453 2505 magistrum
1496 2451 1641 2494 sancti
1680 2451 1854 2503 Jacobi,

88 2520 237 2564 filium
264 2522 370 2564 dicti
398 2523 440 2565 d.
467 2522 592 2576 regis
619 2522 886 2575 Aragonum
913 2527 959 2565 et
984 2523 1101 2566 alios
1129 2523 1185 2564 de
1213 2522 1407 2565 consilio
1433 2521 1705 2576 singillatim
1729 2522 1855 2575 prin-

88 2590 332 2645 cipaliores
365 2605 525 2635 eorum
558 2593 792 2646 aliquibus
826 2594 1004 2636 litteras
1037 2594 1307 2646 imperiales
1339 2592 1567 2635 tradendo
1599 2591 1854 2634 visitaveri-

89 2673 203 2716 mus,
238 2675 330 2705 non
364 2666 519 2705 tamen
554 2676 701 2717 usque
738 2664 796 2706 ad
831 2664 953 2705 diem
990 2664 1206 2705 mercurii
1242 2666 1514 2716 sequentem
1548 2662 1852 2716 penultimam

88 2732 264 2786 Aprilis
297 2733 580 2777 audientiam
616 2734 876 2787 habuimus,
911 2746 1000 2787 qua
1038 2735 1082 2775 in
1119 2733 1356 2787 presentia
1390 2734 1575 2776 domine
1612 2733 1772 2786 regine
1808 2735 1852 2773 et

86 2802 281 2857 consilii,
308 2804 415 2857 quia
440 2817 532 2847 non
561 2804 789 2846 valuimus
817 2804 1043 2857 obtinere,
1071 2805 1193 2857 quod
1220 2817 1303 2845 rex
1330 2804 1592 2856 interesset,
1620 2802 1848 2845 constituti

89 2876 191 2925 post
214 2874 403 2917 iteratas
428 2876 602 2918 salutes
628 2875 910 2928 imperiales,
936 2875 1291 2928 regratiationes
1315 2877 1360 2915 et
1385 2874 1644 2916 oblationes
1671 2872 1851 2914 debitas

92 2942 214 2986 iuxta
241 2943 346 2988 data
372 2945 507 2988 nobis
536 2946 582 2987 in
610 2945 839 2988 mandatis
867 2949 1062 2998 quatuor
1090 2944 1410 2998 principaliter
1437 2943 1672 2997 petiimus:
1703 2942 1851 2995 primo

89 3013 211 3065 quod
236 3014 585 3058 subtraxionem
611 3015 699 3058 iam
726 3016 894 3058 factam
920 3028 1005 3068 per
1031 3016 1072 3057 d.
1100 3027 1257 3068 regem
1283 3026 1422 3056 manu
1448 3014 1639 3066 propria
1665 3012 1849 3054 domine

90 3083 249 3136 regine
282 3085 587 3138 subscriptam
623 3087 668 3127 in
704 3086 986 3138 Perpiniano
1019 3085 1314 3138 publicatam,
1347 3096 1484 3136 quam
1517 3083 1657 3125 habet
1691 3083 1732 3124 d.
1766 3095 1849 3124 rex

1559 3164 1635 3205 ΞΟ*
