2227 3434
532 187 576 222 A.
616 186 814 222 Fillastres
843 186 959 222 Gesta
985 187 1136 222 concilii
1163 186 1477 222 Constantiensis.
1806 188 1885 230 131

240 305 414 348 Eodem
454 305 528 347 die
566 305 795 347 dominica
835 305 962 347 venit
1001 305 1058 346 de
1097 304 1328 347 Auinione
1368 304 1587 358 magister
1628 305 1887 346 Ludovicus

123 376 368 420 Alamandi
404 376 557 429 legum
592 375 748 417 doctor
782 389 840 417 ex
874 378 1005 428 parte
1042 375 1083 417 d.
1119 388 1240 428 pape
1276 375 1528 417 residentis
1563 375 1609 416 in
1643 375 1887 427 Avinione,

123 447 201 501 qui
242 447 414 488 dudum
458 446 720 488 instituerat
762 446 1072 499 patriarcham
1117 446 1454 493 Antiochenum
1499 446 1886 487 locumtenentem

123 530 255 560 suum
282 517 329 558 in
355 516 516 559 officio
542 528 725 558 camere
752 516 798 557 in
827 516 1101 558 Constancia
1128 519 1173 557 et
1201 517 1247 556 in
1274 516 1486 568 concili03
1516 519 1561 557 et
1588 516 1738 557 attulit
1765 516 1886 557 idem

123 588 382 630 Ludovicus
405 587 584 629 litteras
609 586 650 628 d.
676 587 919 629 camerarii
946 586 1257 628 revocatorias
1283 586 1389 627 dicti
1413 586 1677 639 patriarche
1701 589 1746 627 et
1771 586 1888 628 alias

52 658 56 659 ⁷
123 658 425 702 institutorias
453 658 560 699 dicti
590 657 808 699 Ludovici
838 658 885 698 in
912 656 1071 699 officio
1100 657 1456 698 locumtenentis
1485 656 1603 698 dicte
1632 668 1815 698 camere
1843 659 1888 697 et

122 729 227 772 illas
259 729 431 771 vocatis
463 728 644 770 clericis
677 740 874 780 camere,
907 727 1140 770 advocatis
1173 731 1218 769 et
1250 726 1629 780 procuratoribus
1661 726 1889 780 presenti-

122 800 207 842 bus
232 799 458 842 intimavit
484 799 526 840 d.
552 798 870 841 cardinalibus
897 798 954 840 ad
979 799 1064 840 hoc
1089 798 1379 851 congregatis
1405 800 1449 839 et
1474 797 1626 840 statim
1650 801 1753 851 post
1779 797 1886 838 fecit

122 871 227 914 illas
254 869 456 912 intimari
484 869 604 911 dicto
630 869 908 922 patriarche,
937 869 993 910 de
1022 882 1112 922 qua
1138 868 1438 917 revocacione
1466 871 1758 922 penetotum
1785 880 1887 909 con-

120 941 276 983 cilium
301 940 509 994 gavisum
538 943 622 994 est,
650 939 757 993 quia
785 940 865 981 ille
894 940 1157 993 patriarcha
1185 939 1488 981 communiter
1515 941 1706 992 propter
1733 951 1887 980 mores¹

119 1015 165 1054 et
194 1014 320 1054 actus
353 1024 461 1054 suos
493 1011 600 1053 odio
632 1010 892 1052 habebatur
923 1013 967 1052 et
999 1010 1192 1051 multum
1224 1010 1379 1052 fuerat
1410 1009 1709 1052 adversarius
1742 1008 1886 1051 cardi-

119 1082 304 1125 nalibus
333 1081 532 1124 tendens
561 1094 663 1123 cum
694 1081 972 1134 quibusdam
1003 1080 1116 1123 aliisi
1137 1081 1195 1122 ad
1225 1093 1386 1122 eorum
1416 1083 1461 1122 et
1492 1080 1617 1122 illius
1649 1082 1794 1122 status
1824 1083 1886 1121 to-

122 1153 258 1196 talem
286 1152 745 1204 exterminacionem,
776 1154 824 1194 ut
855 1151 1108 1193 dicebatur.
1153 1152 1232 1193 Est
1262 1163 1438 1204 verum,
1470 1151 1592 1203 quod
1623 1150 1886 1192 cardinales

119 1227 308 1278 propter
338 1224 421 1266 hoc
451 1223 579 1265 illam
612 1223 946 1265 revocatoriam
978 1222 1356 1275 impetraverant,
1388 1225 1457 1264 set
1487 1221 1565 1263 diu
1596 1224 1700 1263 ante
1733 1221 1886 1263 amici-

119 1295 235 1337 ciam
270 1297 549 1336 contractam
585 1306 687 1335 cum
724 1305 834 1346 rege
872 1293 1183 1335 Romanorum
1221 1293 1444 1334 miserant
1481 1295 1672 1345 propter
1707 1291 1792 1333 hoc
1827 1291 1885 1333 ad

119 1364 436 1408 camerarium.
488 1364 626 1406 Istam
661 1364 1011 1406 revocacionem
1044 1363 1308 1416 patriarche
1344 1375 1428 1404 rex
1463 1362 1774 1404 Romanorum
1810 1362 1886 1403 do-

120 1435 376 1479 lentissime
398 1436 504 1478 tulit
526 1438 571 1477 et
594 1448 653 1477 ex
677 1434 758 1477 illa
781 1434 1085 1476 vehementer
1108 1434 1319 1476 turbatus
1345 1436 1414 1475 est
1439 1436 1597 1475 contra
1621 1432 1884 1474 cardinales

120 1510 165 1549 et
187 1506 309 1548 misit
332 1505 391 1549 ad
413 1518 495 1548 eos
518 1506 757 1559 principes
782 1508 826 1547 et
850 1505 1057 1558 prelatos
1082 1504 1343 1557 requirens,
1370 1503 1493 1556 quod
1518 1504 1597 1544 ille
1622 1501 1884 1556 patriarcha

120 1577 456 1630 restitueretur,
489 1576 686 1618 dicendo
718 1575 841 1629 quod
871 1576 957 1617 hec
989 1576 1199 1617 fecerant
1233 1575 1279 1616 in
1313 1587 1443 1616 suam
1477 1572 1693 1615 iniuriam
1727 1575 1884 1614 contra

120 1647 370 1690 amiciciam
393 1649 686 1689 contractam.
724 1647 778 1688 Et
803 1647 872 1688 illi
897 1645 1134 1699 principes
1159 1645 1438 1686 videbantur
1462 1644 1722 1696 imminere,
1747 1643 1883 1696 quod,

118 1717 207 1760 nisi
234 1718 314 1760 ille
340 1717 680 1770 restitueretur,
707 1717 850 1759 multa
878 1717 1000 1758 mala
1028 1718 1351 1768 sequerentur.
1392 1713 1668 1756 Cardinales
1694 1725 1884 1766 respon-

120 1787 299 1841 derunt,
330 1788 453 1842 quod
483 1788 626 1829 nichil
659 1787 868 1829 fecerant
900 1789 1058 1829 contra
1088 1787 1314 1827 honorem
1344 1798 1430 1826 nec
1461 1784 1714 1826 amiciciam
1746 1783 1884 1836 regis,

120 1859 226 1912 quia
257 1858 350 1912 diu,
382 1861 630 1911 antequam
663 1858 720 1899 de
754 1858 835 1900 illa
867 1857 1007 1899 fieret
1038 1857 1233 1909 mencio,
1266 1855 1457 1898 miserat
1488 1855 1546 1897 ad
1577 1853 1882 1897 camerarium

119 1941 204 1982 pro
224 1928 305 1972 illa
328 1930 629 1971 revocacione
653 1932 698 1970 et
722 1928 874 1970 littere
899 1931 1032 1970 erant
1056 1927 1160 1969 date
1184 1927 1231 1968 in
1254 1926 1485 1968 Auinione
1511 1925 1567 1967 de
1593 1925 1699 1967 data
1721 1925 1881 1978 priori.

119 2000 210 2042 Nec
230 2000 311 2042 illa
332 1999 571 2042 revocacio
592 2002 694 2041 erat
714 1999 835 2041 facta
857 2011 942 2052 per
964 2011 1059 2051 eos,
1082 2010 1167 2039 nec
1191 1997 1249 2039 ad
1271 1996 1593 2050 reponendum
1617 2008 1721 2037 eum
1743 1995 1883 2036 habe-

119 2069 228 2112 bant
254 2073 543 2124 potestatem,
573 2073 617 2112 et
647 2069 770 2123 quod
800 2082 883 2110 rex
914 2069 1055 2110 vellet
1085 2067 1326 2111 attendere
1356 2067 1528 2109 famam
1559 2066 1726 2108 malam
1757 2065 1882 2106 illius

119 2140 394 2194 patriarche,
419 2141 496 2194 qui
521 2141 664 2183 multa
689 2140 809 2182 mala
833 2136 1010 2182 fecerat
1035 2139 1082 2180 in
1107 2138 1282 2191 officio,
1308 2138 1364 2179 de
1390 2137 1559 2190 quibus
1585 2135 1882 2185 camerarius,

119 2211 195 2263 qui
227 2210 357 2253 illum
387 2214 622 2265 posuerat,
654 2210 914 2253 tenebatur.
964 2209 1073 2251 Ideo
1107 2209 1195 2250 sibi
1228 2207 1428 2262 providit
1461 2208 1680 2249 breviter.
1726 2205 1883 2248 Cardi-

120 2281 250 2325 nales
281 2284 507 2324 steterunt
539 2282 700 2334 fortes,
733 2280 874 2322 nichil
909 2280 1037 2322 aliud
1071 2280 1151 2321 illa
1187 2279 1284 2321 vice
1318 2278 1466 2332 potuit
1498 2278 1556 2320 ab
1589 2277 1658 2319 eis
1692 2277 1881 2318 habere.

119 2350 172 2393 Et
198 2351 404 2406 deputati
431 2352 567 2394 trium
595 2352 839 2394 nacionum
868 2350 1035 2403 Ytalie,
1063 2349 1216 2392 Gallie
1243 2352 1289 2391 et
1315 2347 1539 2401 Hispanie
1567 2349 1796 2389 venerunt
1823 2345 1879 2388 ad

117 2432 198 2464 eos
228 2425 273 2464 et
305 2422 613 2465 laudaverunt
647 2418 817 2464 factum
851 2424 897 2463 et
930 2420 1284 2473 responsionem
1320 2421 1536 2472 rogantes
1572 2417 1630 2459 de
1664 2428 1879 2470 perseve-

119 2492 287 2545 rancia,
310 2495 356 2535 et
379 2493 502 2546 quod
526 2493 606 2534 ille
632 2492 896 2546 patriarcha
922 2503 1159 2544 nunquam
1186 2490 1525 2531 restitueretur.

234 2563 302 2604 Ex
354 2563 446 2606 hiis
501 2566 635 2616 rupta
691 2566 760 2605 est
816 2561 896 2604 illa
953 2561 1159 2603 amicicia
1214 2560 1419 2612 desuper
1475 2561 1705 2600 contracta
1760 2557 1880 2598 inter

119 2643 274 2685 regem
297 2636 342 2675 et
367 2633 644 2686 cardinales,
670 2632 873 2675 nondum
899 2636 1054 2674 tamen
1080 2633 1361 2673 consumata.
1401 2629 1454 2671 Et
1479 2642 1564 2671 rex
1589 2628 1742 2670 intulit
1767 2627 1879 2668 mul-

118 2703 188 2744 tas
215 2702 362 2746 minas
390 2703 573 2756 prefato
601 2703 820 2756 magistro
848 2702 1081 2744 Ludovico
1110 2702 1258 2742 locum
1288 2700 1465 2742 tenenti
1493 2710 1675 2741 camere
1706 2697 1878 2748 dicenS,

117 2772 240 2824 quod
269 2773 420 2826 ipsum
452 2774 553 2827 capi
587 2773 777 2826 faceret,
811 2776 1003 2826 propter
1036 2772 1159 2825 quod
1192 2770 1405 2824 pluribus
1439 2769 1605 2811 diebus
1638 2780 1729 2809 non
1762 2779 1878 2808 com-

119 2842 269 2893 paruit
295 2855 447 2896 neque
477 2845 602 2886 stetit
632 2844 678 2885 in
709 2844 844 2885 domo
874 2855 971 2884 sua.
1015 2843 1068 2884 Et
1099 2854 1198 2894 rex,
1228 2844 1276 2882 ut
1307 2840 1500 2891 solebat,
1532 2838 1781 2890 resumpsit
1813 2837 1874 2878 uti

118 2912 321 2956 consiliis
345 2914 471 2957 illius
494 2914 756 2967 patriarche
779 2917 824 2955 et
849 2914 1045 2956 aliorum
1071 2912 1353 2964 sequacium.
1395 2909 1477 2951 Ivit
1500 2912 1633 2950 extra
1657 2908 1877 2950 Constan-

120 2981 233 3024 ciam
269 2986 314 3025 et
349 2983 458 3026 fecit
492 2985 647 3027 omnia
685 2997 767 3026 sua
804 2983 1111 3036 transportari
1150 2981 1386 3033 nichilque
1426 2978 1647 3020 remansit
1685 2977 1741 3019 de
1781 2976 1877 3018 suis

120 3050 272 3095 rebus.
314 3053 370 3096 Et
399 3054 689 3108 credebatur,
723 3054 846 3107 quod
879 3054 967 3095 iret
999 3053 1058 3094 ad
1090 3052 1266 3093 bellum
1300 3053 1458 3092 contra
1490 3061 1647 3101 regem
1683 3047 1875 3088 Francie

1615 3128 1663 3168 9*
