2227 3434
634 210 673 245 B.
697 208 944 245 Avisamente
965 209 1034 244 der
1054 208 1372 244 Reformatorien.
1800 208 1886 252 675

116 329 264 372 nostri
289 327 379 370 iam
406 327 525 370 facte
551 327 717 369 dictam
744 327 984 370 materiam
1010 330 1307 380 concernunt,
1335 327 1373 369 si
1399 339 1491 380 que
1518 326 1622 379 sint,
1648 326 1884 378 tollantur,

145 432 181 442 ..
218 402 264 440 et
301 398 454 451 quoad
492 399 780 440 solucionum
817 398 1041 441 terminos
1080 410 1130 441 se
1169 397 1339 440 reffert
1375 397 1509 440 nacio
1544 397 1605 440 ad
1642 396 1885 439 articulum

116 469 430 512 reformatorii
454 469 540 511 sub
564 468 714 511 modis
735 472 781 510 et
802 468 1151 510 condicionibus
1175 468 1467 521 supradictis.

231 539 428 592 Super
474 539 548 582 IV.
592 534 899 581 articulo.'
924 539 1062 581 Nacio
1094 551 1237 592 super
1265 539 1351 581 hoc
1379 551 1473 580 non
1504 538 1794 580 deliberavit.

230 609 429 663 Super
490 609 710 662 quinto
770 608 1074 662 articulo,
1138 608 1449 652 videlicet
1509 609 1580 651 de
1645 607 1883 650 confir-

113 680 392 723 macione
440 680 847 722 eleccionum.
902 680 953 721 In
991 679 1202 722 ecclesiis
1240 679 1610 733 metropolitanis
1649 682 1695 722 et
1733 679 1882 721 cathe-

111 751 322 794 dralibus
351 763 403 794 ac
431 750 728 793 monasteriis
756 753 802 792 et
832 750 936 792 aliis
967 750 1225 803 collegiatis
1252 753 1299 792 et
1329 750 1633 792 conventibus
1662 750 1881 791 seculari-

111 822 197 865 bus
223 825 267 864 et
294 821 590 875 regularibus
615 821 826 864 ecclesiis
852 820 1082 873 exemptis
1107 823 1154 862 et
1178 833 1272 862 non
1297 821 1528 873 exemptis
1557 833 1609 863 ac
1633 819 1880 862 beneficiis

109 886 492 946 quibuscumque,
523 892 571 934 in
600 891 769 944 quibus
800 891 856 933 de
884 891 1004 944 iure,
1035 890 1385 944 consuetudine,
1414 890 1710 944 fundacione,
1740 890 1880 944 privi-

108 963 231 1017 legio
265 966 347 1006 aut
385 966 554 1006 statuto
591 963 730 1004 debet
767 975 854 1015 per
891 961 1173 1003 eleccionem
1211 961 1415 1015 procedi,
1453 961 1756 1015 provideatur
1792 973 1878 1014 per

107 1033 389 1076 eleccionem
413 1037 491 1076 aut
510 1033 880 1086 postulacionem
902 1031 1160 1074 secundum
1182 1031 1300 1074 iuris
1324 1031 1521 1074 formam
1546 1035 1592 1074 et
1614 1032 1710 1074 illis
1735 1031 1878 1074 omni-

105 1104 193 1147 bus
218 1104 336 1147 fiant
361 1103 748 1146 confirmaciones
771 1115 858 1156 per
884 1103 1155 1156 superiores
1180 1102 1446 1144 immediate
1474 1103 1692 1156 proprios
1716 1114 1876 1144 secun-

106 1175 214 1217 dum
239 1175 356 1221 iuris
381 1174 578 1217 formam
603 1177 649 1216 et
674 1173 927 1216 secundum
953 1173 1199 1226 privilegia
1224 1173 1452 1215 ordinum.

220 1245 419 1298 Super
453 1245 531 1287 VI.
568 1245 870 1298 articulo,
906 1243 1217 1286 videlicet
1250 1243 1320 1285 de
1358 1243 1569 1286 causis
1606 1243 1664 1284 in
1700 1242 1874 1286 curia

102 1316 369 1358 Romana
412 1315 772 1358 tractandis
817 1316 915 1356 vel
958 1327 1089 1357 non.
1136 1313 1347 1367 Videtur,
1382 1314 1505 1367 quod
1539 1326 1700 1356 omnes
1735 1325 1873 1356 cause

101 1390 192 1429 tam
221 1386 491 1440 spirituales
517 1389 563 1429 et
588 1385 895 1429 beneficiales
923 1398 1060 1438 quam
1087 1385 1248 1428 civiles
1275 1388 1320 1427 et
1346 1384 1612 1427 criminales
1639 1397 1724 1438 per
1751 1384 1871 1426 viam

100 1457 324 1510 simplicis
354 1457 550 1510 querele
578 1457 626 1498 in
653 1457 806 1509 prima
833 1459 879 1498 et
909 1455 1115 1498 secunda
1142 1455 1369 1498 instancia
1399 1456 1446 1497 in
1474 1455 1688 1509 partibus
1716 1467 1870 1497 coram

99 1527 328 1570 iudicibus
359 1527 456 1570 suis
486 1531 534 1570 et
561 1527 610 1569 in
640 1527 784 1569 tercia
815 1526 1042 1569 instancia
1073 1527 1120 1568 in
1150 1526 1488 1568 ammonicione
1520 1538 1673 1568 coram
1704 1526 1870 1578 legatis

97 1599 173 1641 vel
205 1598 300 1642 alio
330 1610 415 1642 seu
446 1598 550 1641 aliis
584 1611 611 1640 a
643 1597 754 1640 sede
789 1597 1042 1650 apostolica
1075 1596 1356 1650 deputandis
1386 1595 1710 1649 terminentur,
1742 1595 1870 1637 curia

97 1669 304 1712 Romana
326 1670 451 1712 ultra
472 1672 653 1711 montes
678 1669 924 1721 existente,
949 1669 1041 1710 nisi
1067 1667 1124 1709 de
1151 1668 1359 1721 parcium
1383 1679 1612 1720 expresso
1637 1679 1867 1708 consensu

97 1729 209 1782 alibi
254 1740 311 1782 de
357 1740 452 1783 illis
497 1742 888 1792 cognoscerentur
931 1742 977 1781 et
1019 1737 1398 1780 terminarentur.
1455 1737 1669 1780 Predicta
1711 1739 1867 1779 tamen

95 1811 430 1864 intelligantur,
460 1811 553 1852 nisi
583 1822 723 1852 cause
752 1812 911 1852 essent
941 1808 1143 1851 maiores
1172 1809 1291 1851 tales
1321 1807 1552 1862 videlicet,
1583 1820 1672 1861 que
1705 1807 1762 1849 de
1795 1806 1866 1849 sui

93 1885 261 1924 natura
296 1881 359 1924 ad
399 1881 559 1924 sedem
600 1880 900 1934 apostolicam
941 1879 1170 1922 deberent
1209 1878 1401 1921 deferri.
1456 1878 1569 1921 Item
1608 1878 1701 1920 nisi
1739 1880 1865 1920 esset

94 1952 220 1994 racio
245 1951 516 2006 spiritualis,
540 1954 591 1994 ut
616 1954 767 1993 metus
794 1954 871 1993 aut
894 1950 1326 2004 perhorrescencie.
1368 1949 1483 1991 Item
1509 1949 1557 1990 in
1584 1961 1696 1991 casu
1720 1947 1864 2001 negli-

90 2023 253 2076 gencie
279 2021 698 2064 administracionis
724 2022 904 2064 iusticie
928 2033 1014 2074 per
1039 2021 1221 2074 laicum,
1246 2021 1294 2062 in
1316 2020 1486 2073 quibus
1511 2019 1697 2062 casibus
1720 2020 1862 2071 impe-

91 2096 220 2136 trans
257 2096 473 2136 teneatur
511 2105 697 2135 causam
736 2091 1003 2145 exprimere
1042 2091 1089 2133 in
1128 2103 1211 2134 sua
1250 2090 1581 2144 impetracione
1622 2092 1668 2132 et
1705 2089 1861 2131 iurare

90 2175 192 2206 eam
216 2176 324 2207 esse
351 2176 509 2206 veram
537 2197 546 2206 .
581 2196 589 2205 .
625 2197 634 2205 .
675 2163 790 2205 Item
816 2162 940 2216 quod
963 2163 1094 2204 nulla
1119 2174 1258 2204 causa
1282 2161 1341 2203 de
1368 2163 1525 2203 cetero
1551 2160 1719 2202 debeat
1743 2172 1860 2202 com-

90 2234 205 2277 mitti
231 2235 279 2276 in
304 2234 433 2277 curia
456 2234 677 2287 Romana,
702 2246 792 2286 que
819 2233 876 2275 de
903 2233 974 2276 sui
999 2235 1167 2275 natura
1192 2233 1241 2274 in
1265 2231 1431 2274 eadem
1455 2244 1549 2273 non
1574 2230 1717 2273 fuerit
1744 2243 1860 2272 com-

90 2305 313 2348 mittenda
336 2308 383 2348 et
403 2304 656 2347 tractanda.
698 2304 810 2346 Item
835 2304 873 2347 si
897 2304 1130 2357 contingat
1153 2315 1339 2345 causam
1363 2302 1567 2356 legitime
1588 2314 1676 2355 per
1701 2301 1859 2354 appel-

91 2375 318 2418 lacionem
363 2375 421 2418 ad
464 2375 639 2418 curiam
681 2375 935 2417 Romanam
980 2373 1179 2427 devolvi,
1224 2386 1314 2427 que
1357 2372 1405 2414 in
1447 2372 1659 2426 partibus
1703 2383 1857 2414 coram

87 2446 316 2488 iudicibus
338 2445 481 2489 fuerit
503 2445 685 2499 agitata,
707 2457 957 2499 processus
978 2456 1063 2486 seu
1083 2443 1320 2486 sentencia
1342 2443 1544 2485 iudicum
1565 2455 1658 2484 non
1682 2442 1856 2494 impug-

85 2519 222 2559 netur
246 2529 333 2559 nec
358 2516 504 2558 eciam
529 2516 736 2569 vicietur,
764 2517 802 2558 si
830 2516 948 2559 alias
975 2515 1168 2557 iuridice
1194 2514 1344 2557 factus
1369 2513 1526 2567 fuerit,
1552 2525 1646 2555 non
1671 2513 1855 2555 obstan-

87 2587 210 2630 tibus
231 2587 407 2640 forsan,
430 2587 553 2640 quod
573 2587 760 2629 termini
783 2590 830 2629 et
854 2587 947 2629 alia
969 2586 1018 2627 in
1040 2585 1167 2628 curia
1190 2585 1397 2627 Romana
1421 2583 1673 2627 secundum
1699 2583 1854 2625 stilum

87 2657 204 2700 dicte
229 2657 357 2700 curie
376 2657 560 2700 servari
583 2658 720 2700 solita
740 2669 834 2699 non
858 2656 1036 2699 fuerint
1059 2655 1105 2697 in
1129 2655 1340 2709 partibus
1364 2655 1624 2697 observata.

200 2726 399 2781 Super
435 2727 562 2770 VII.
598 2727 903 2781 articulo,
929 2725 1242 2769 videlicet
1278 2725 1347 2767 de
1385 2723 1597 2767 causis
1636 2722 1852 2776 appel-

83 2796 383 2840 lacionum
430 2798 500 2840 ad
544 2798 868 2840 Romanam
914 2796 1147 2839 curiam
1193 2795 1462 2838 emissis.
1508 2795 1751 2847 Nunquam
1785 2793 1851 2834 in-

83 2867 299 2910 hibeatur
326 2868 374 2910 in
399 2868 529 2910 curia
556 2868 762 2910 Romana
790 2868 837 2910 in
866 2880 1004 2910 causa
1032 2866 1383 2920 appellacionis‚
1410 2865 1501 2907 nisi
1529 2864 1659 2918 prius
1688 2862 1851 2905 consti-

82 2939 190 2981 terit
215 2938 366 2992 ipsam
394 2939 765 2992 appellacionem
794 2938 999 2991 legitime
1029 2937 1307 2979 devolutam.
1352 2936 1465 2977 Item
1491 2935 1665 2976 emisso
1692 2933 1850 2986 appel-

30 3022 38 3028 ·
83 3008 275 3051 lacionis
303 3008 497 3051 articulo
521 3009 653 3051 nullo
677 3008 814 3050 modo
839 3010 1141 3061 cognoscatur
1166 3006 1212 3048 in
1238 3006 1365 3048 curia
1392 3004 1599 3058 predicta
1625 3003 1685 3046 de
1709 3014 1848 3044 causa

80 3078 330 3133 principali
360 3078 452 3122 nisi
485 3079 543 3121 de
575 3078 784 3132 parcium
817 3090 1045 3132 expresso
1077 3088 1322 3119 consensu.
1373 3075 1486 3117 Item
1519 3075 1557 3116 si
1590 3086 1619 3116 a
1649 3084 1847 3115 censura

1553 3153 1635 3194 43*
