2102 3444
269 135 325 177 48
792 136 815 169 l.
857 136 1068 171 Abschnitt.
1123 136 1521 182 Konzilstagebficher.

391 253 471 295 Die
503 254 682 296 sabbati
715 255 943 308 sequenti,
973 268 1063 308 que
1093 256 1180 298 fuit
1210 257 1288 299 Vl.
1319 258 1444 311 Julii,
1475 259 1594 301 sedit
1623 259 1867 301 concilium
1897 271 2039 312 super

273 324 513 367 erroribus
544 325 749 378 magistri
785 326 1011 368 Johannis
1046 327 1226 380 Wiclef,
1260 328 1439 381 Anglici
1473 330 1694 382 defuncti,
1730 331 1855 373 illius
1887 330 2045 384 damp—

273 395 427 437 nanda
463 396 686 437 memoria
722 399 858 449 atque
896 409 1037 450 super
1074 398 1271 441 ferenda
1308 400 1545 442 sentencia
1580 403 1739 443 contra
1774 400 2042 454 magistrum

273 466 534 507 dohannem
574 467 671 508 Hus
710 467 945 509 Boemuni.
997 469 1051 510 Et
1089 469 1192 511 tulit
1230 474 1503 522 sequentem
1543 471 1846 513 sentenciam:
1888 471 2044 514 Primo

273 537 330 578 de
366 537 535 579 Wiclef
569 538 925 591 condempnavit
961 539 1082 581 XLV
1119 540 1351 594 articulos,
1389 554 1583 594 quorum
1618 545 1808 584 tenores
1843 542 2044 584 inferius

273 608 543 650 inseruntur
572 609 618 650 in
647 622 739 651 una
766 613 899 662 parte
928 613 972 652 ct
1001 610 1224 654 ducentos
1253 613 1495 665 sexaginta
1523 613 1569 654 in
1599 613 1690 654 alia
1718 615 1851 666 parte
1879 625 2044 666 appro-

274 679 491 732 bavitque
534 681 820 723 sentenciam
861 681 1055 723 Romani
1098 682 1277 724 concilii
1319 683 1573 736 novissimi,
1614 685 1661 725 in
1703 697 1794 737 quo
1835 683 1943 726 libri
1984 684 2043 726 de

271 750 440 792 Wicles
471 751 709 804 dampnati
741 752 930 794 fuerant
962 755 1100 805 atque
1134 753 1260 795 illius
1293 754 1562 807 dampnavit
1596 755 1880 800 memoriam.
1928 755 2043 797 Item

271 821 436 863 eadem
468 822 544 863 die
575 822 678 864 tulit
709 823 995 865 sentenciam
1027 827 1185 866 contra
1217 825 1487 878 magistrum
1517 826 1780 867 Jol1an11e1n
1811 826 1909 868 Hus
1940 838 2044 879 pre-

272 896 450 934 sentem
487 893 733 946 ipsumque
770 894 827 936 de
865 895 1021 937 heresi
1057 895 1428 948 condempnavit,
1466 896 1740 949 degradavit
1774 900 1820 938 et
1854 896 2043 939 tradidit

270 964 397 1006 curie
427 964 641 1006 seculari.
683 965 767 1016 Qui
798 965 844 1006 in
872 966 970 1008 suis
997 966 1239 1009 erroribus
1266 967 1526 1020 persistens
1554 970 1599 1009 et
1627 967 1674 1008 in
1701 967 1822 1009 dicto
1850 967 2044 1009 concilio

272 1048 321 1076 se
345 1035 546 1088 erigens,
570 1025 671 1077 cum
696 1037 1064 1089 persuaderetur
1087 1037 1190 1090 sibi,
1215 1038 1337 1090 quod
1362 1039 1608 1091 peniteret,
1633 1041 1873 1080 revocaret
1898 1041 1942 1081 et
1967 1039 2043 1081 ab·

271 1107 459 1159 iuraret,
493 1107 585 1149 alta
621 1119 729 1148 voce
766 1107 882 1149 dixit
918 1119 967 1150 se
1002 1120 1094 1149 non
1130 1112 1467 1161 revocaturum,
1503 1110 1611 1162 quia
1645 1108 1859 1151 crederet
1893 1109 2042 1151 Deum

270 1177 518 1218 offendere
545 1181 590 1219 et
616 1181 798 1220 sanctos
824 1182 869 1220 et
894 1179 1016 1231 quod
1041 1179 1230 1221 nolebat
1256 1179 1574 1221 scandalizare
1601 1183 1777 1222 tantum
1803 1180 2040 1233 populum,

269 1249 340 1289 cui
369 1249 498 1290 illam
526 1248 781 1290 doctrinam
810 1248 1134 1302 predicaverat
1161 1250 1208 1291 in
1236 1250 1439 1292 Boemia.
1480 1251 1534 1292 Et
1562 1250 1727 1292 eodem
1757 1250 1832 1292 die
1860 1263 1946 1304 per
1973 1262 2042 1293 se-

269 1320 474 1361 cularem
506 1320 681 1362 curiam
714 1323 847 1362 extra
878 1321 1110 1363 civitatem
1143 1320 1410 1374 inpenitens
1443 1320 1628 1374 ignibus
1660 1321 1926 1364 combustus
1957 1323 2041 1364 est.

270 1391 422 1433 Tenor
459 1394 613 1433 autem
651 1391 888 1433 sentencie
926 1404 1068 1444 super
1104 1392 1344 1434 erroribus
1382 1393 1489 1434 dicti
1526 1392 1696 1434 Wiclef
1730 1395 1775 1434 et
1810 1393 1914 1435 eius
1950 1404 2042 1434 me-

269 1462 416 1504 moria
444 1462 654 1515 sequitur
682 1465 728 1504 et
755 1465 827 1505 est
854 1462 977 1505 talis:

386 1533 686 1576 Sacrosancta
722 1568 730 1576 .
767 1567 775 1575 .
811 1568 819 1576 .
855 1534 1100 1576 ecclesiam
1135 1534 1405 1576 catholicam
1439 1537 1775 1587 representans
1806 1534 1868 1576 ad
1901 1534 2042 1576 extir-

268 1604 511 1656 pacionem
541 1605 776 1657 presentis
807 1604 1035 1647 scismatis
1067 1639 1076 1647 .
1111 1638 1120 1646 .
1156 1605 1204 1659 .¹)

386 1675 539 1717 Tenor
567 1678 721 1718 autem
748 1676 869 1718 XLV
898 1676 1198 1718 articulorum
1227 1675 1583 1729 dampnatorum
1608 1676 1719 1719 talis
1742 1679 1814 1718 est
1842 1709 1850 1718 .
1887 1709 1895 1718 .
1931 1709 1939 1717 .

386 1747 539 1789 Tenor
572 1749 726 1789 autem
758 1748 996 1788 sentencie
1029 1750 1188 1789 contra
1221 1747 1389 1789 dictum
1421 1747 1522 1790 Hus
1552 1747 1660 1790 talis
1691 1749 1779 1790 est:

385 1818 688 1860 Sacrosancta
712 1852 720 1860 .
833 1818 949 1870 Quia
969 1821 1088 1860 teste
1112 1818 1307 1860 veritate
1332 1852 1340 1860 .
1376 1856 1383 1862 .
1421 1852 1429 1860 .
1452 1817 1858 1872 procedendum2).

390 1890 502 1931 Item
533 1889 699 1932 eadem
731 1889 805 1931 die
839 1889 925 1931 fuit
957 1889 1207 1942 dampnata
1239 1889 1546 1942 quorumdam
1579 1889 1784 1932 assercio
1817 1890 1864 1930 in
1895 1901 2040 1942 regno

270 1961 463 2003 Francie
484 1961 725 2014 predicata
747 1960 987 2003 occasione
1010 1960 1245 2002 homicidii
1268 1960 1526 2014 perpetrati
1549 1961 1598 2002 in
1618 1972 1869 2014 personam
1892 1959 2040 2002 Ludo-

267 2033 354 2074 vici
390 2032 520 2075 ducis
556 2031 914 2074 Aurelianensis
950 2031 1111 2074 fratris
1147 2032 1272 2084 regis
1310 2031 1518 2084 Francie,
1553 2031 1684 2074 cuius
1721 2030 1959 2074 sentencie
1994 2033 2039 2072 et

268 2102 549 2146 assercionis
578 2106 712 2145 tenor
742 2103 952 2155 sequitur
981 2106 1027 2144 et
1056 2105 1127 2144 est
1154 2102 1278 2144 talis:

386 2174 613 2227 Precipua
638 2174 952 2216 sollicitudine
974 2174 1060 2215 hec
1085 2177 1377 2215 sacrosancta
1402 2173 1607 2225 synodus
1632 2206 1640 2214 .
1676 2206 1684 2214 .
1721 2206 1729 2215 .
1753 2171 2038 2226 puniendiss).

385 2246 470 2287 Die
499 2246 611 2287 lune
639 2245 735 2287 XV.
766 2244 879 2287 Julii
899 2232 993 2286 'rex
1020 2257 1106 2297 pro
1134 2256 1324 2286 recessu
1354 2257 1437 2286 suo
1465 2247 1510 2285 et
1538 2256 1728 2286 accessu
1755 2243 1815 2285 ad
1842 2255 2039 2285 conven-

267 2318 447 2358 cionem
475 2329 577 2358 cum
605 2328 715 2369 rege
744 2316 1010 2369 Aragonum
1038 2318 1083 2357 et
1113 2315 1250 2357 Petro
1277 2315 1335 2356 de
1364 2315 1494 2356 Luna
1523 2314 1698 2367 recepit
1724 2313 1965 2356 licenciam
1994 2316 2039 2355 et

271 2387 621 2430 benedicionem
647 2400 672 2429 a
698 2387 893 2428 consilio
917 2389 1194 2439 congregato
1218 2389 1410 2439 propter
1435 2386 1518 2427 hoc
1544 2386 1590 2426 in
1618 2386 1725 2427 loco>
1740 2385 1969 2428 sessionis
1993 2387 2039 2426 et

265 2472 350 2512 pro
375 2458 636 2500 direccione
653 2460 698 2499 et
713 2457 1024 2510 prosperitate
1041 2460 1084 2498 et
1100 2456 1227 2498 felici
1244 2469 1294 2498 ac
1309 2469 1538 2509 prospero
1553 2456 1729 2498 effectu
1743 2455 1924 2509 quesite
1938 2455 2039 2497 uni-

267 2529 369 2571 onis
394 2529 482 2571 fuit
505 2529 647 2571 missa
673 2528 986 2581 solemniter²²)
1015 2527 1251 2569 celebrata
1276 2530 1320 2569 et
1346 2528 1392 2568 in
1417 2527 1515 2568 fine
1540 2527 1703 2580 plures
1727 2525 1969 2569 oraciones
1993 2528 2038 2568 et

266 2600 495 2653 suffragia
521 2599 641 2641 dicto
664 2611 775 2652 rege
791 2601 952 2640 orante
969 2611 1122 2640 coram
1139 2598 1273 2640 altari
1291 2597 1433 2640 flexis
1447 2598 1646 2650 genibus
1660 2597 1944 2650 fueruntque
1959 2595 2038 2639 de-

267 2669 455 2724 putati'')
481 2683 540 2712 ex
563 2673 694 2723 parte
719 2670 901 2711 concilii
925 2669 1093 2722 prelati
1119 2672 1163 2711 et
1186 2669 1398 2711 doctores
1422 2669 1480 2710 de
1503 2668 1711 2721 qualibet
1733 2667 1927 2710 nacione
1950 2679 2037 2709 nec

266 2754 359 2783 non
387 2741 532 2794 aliqui
562 2740 906 2782 ambaxiatores
935 2752 1096 2793 regum
1126 2739 1326 2792 dataque
1355 2739 1450 2781 illis
1478 2741 1684 2792 potestas
1713 2736 2036 2790 conveniendi,

371 2858 401 2885 a)
421 2856 502 2889 fehlt
525 2857 556 2889 0,
578 2857 616 2883 D.
655 2857 687 2888 b)
708 2864 816 2883 coram
839 2876 844 2881 .
865 2877 872 2882 .
893 2877 898 2883 .
920 2856 1071 2890 deputati
1092 2856 1173 2888 fehlt
1195 2857 1231 2883 B.

386 2906 417 2948 1)
444 2905 564 2940 Hardc
589 2905 655 2947 111,
678 2906 765 2947 40&
794 2905 919 2940 Mansz·
943 2904 1101 2946 XXVII,
1126 2905 1204 2940 751.

385 2965 416 3007 2)
445 2965 566 2998 Harclt
593 2963 659 3006 IV,
685 2964 754 3000 435
767 2963 819 3007 ῘΪ;
848 2964 974 2998 Man-si
1001 2961 1159 3005 XXVII,
1187 2962 1255 2998 752
1267 2962 1294 3006 f.

385 3024 416 3066 ³)
446 3023 566 3057 Hardt
593 3022 659 3064 IV,
684 3023 753 3058 439
767 3022 800 3066 Ϊ;
831 3023 955 3057 Mansi
982 3022 1051 3056 XX
1064 3022 1142 3063 1³11,
1169 3023 1246 3056 765.
