2102 3444
226 138 282 180 22
748 139 773 172 Ι.
813 138 1024 173 Abschnitt.
1077 138 1478 184 Konzilstagebiicher.

228 256 315 297 fuit
339 256 458 298 dicta
482 258 733 299 convencio
758 258 882 311 regis
905 258 1217 300 Romanorum
1240 271 1342 300 cum
1366 272 1476 312 rege
1499 260 1766 313 Aragonum
1789 263 1835 302 et
1859 260 1998 303 Petro

228 326 286 367 de
316 327 445 369 Luna
473 327 519 368 in
548 327 674 370 Nicia
705 329 751 369 in
781 341 942 370 mense
972 328 1097 370 Junii
1128 342 1214 382 per
1242 329 1594 384 iuramentumfl)
1627 330 1820 384 firmata,
1848 330 1999 384 primo

229 410 314 449 per
340 410 496 451 regem
522 398 833 440 Romanorum
857 402 902 440 et
927 400 1098 441 deinde
1124 413 1209 453 per
1234 400 1378 442 dictos
1403 402 1748 444 ambaxiatores
1773 401 1820 443 in
1845 401 1998 444 anima

228 468 520 510 dominorum
547 482 750 522 suorum,
776 473 821 512 et
848 471 925 523 qui
951 471 1186 512 habebant
1211 471 1270 513 ad
1295 472 1390 513 hoc·
1404 472 1605 513 maxime
1632 472 1757 514 Petri
1783 472 1842 514 de
1868 472 1998 515 Luna

190 567 196 571 -
229 539 432 592 speciale
462 540 741 585 mandatum.
785 541 839 582 Et
867 541 975 582 inde
1006 541 1127 583 facta
1155 542 1341 594 publica
1369 542 1691 584 instrumenta.

346 611 514 653 Postea
546 612 622 653 die
656 611 816 654 martis
850 613 1010 664 quinta
1047 612 1203 654 Marcii
1236 616 1468 655 venerunt
1499 613 1844 657 ambaxiatores
1876 613 2000 668 regis

231 682 439 735 Francie,
469 682 547 735 qui
578 682 699 725 facta
731 683 929 735 simplici
961 686 1032 725 ter
1064 684 1336 726 reverencia
1366 697 1487 737 pape
1518 685 1785 737 petiverunt
1814 685 2000 738 publice

230 753 381 794 audiri
407 754 453 794 in
479 754 662 796 solenni
688 754 913 807 sessione,
939 754 1061 807 quod
1086 767 1177 796 non
1202 754 1290 796 suit
1314 767 1599 807 concessum,
1625 756 1733 808 quia
1757 768 1851 798 non
1875 755 2000 798 vide-

230 824 366 866 batur
397 825 582 877 iustum,
614 825 737 877 quod
766 838 852 878 pro
882 825 962 867 illa
994 826 1093 867 sola
1123 838 1262 867 causa
1293 826 1443 868 sessio
1472 826 1626 879 fieret,
1658 827 1705 868 in
1736 839 1827 879 qua
1858 827 2002 869 multa

230 895 442 938 solennia
469 895 785 948 requiruntur.
825 897 902 939 Set
928 896 1016 938 fuit
1042 896 1226 950 dictum,
1255 897 1378 950 quod
1405 896 1679 939 audirentur
1706 897 1754 938 in
1779 900 1873 940 toto
1898 910 2001 940 con-

230 967 337 1008 cilio
363 970 641 1020 congregato
669 967 771 1009 sine
799 967 880 1009 illa
908 967 1200 1010 solennitate.

348 1038 702 1091 Consequenter
727 1039 803 1080 die
829 1039 1009 1081 sabbati
1036 1039 1112 1081 IX.
1139 1039 1298 1081 Marcii
1323 1051 1407 1080 rex
1431 1039 1744 1081 Romanorum
1768 1052 1869 1081 cum
1893 1051 2002 1093 qua-

229 1113 333 1152 tuor
361 1100 679 1151 cardinalibus
709 1109 942 1162 deputatis
971 1122 1057 1163 per
1084 1123 1253 1163 papam
1283 1111 1548 1152 convocavit
1578 1110 1823 1163 deputatos
1851 1110 2003 1153 nacio-

230 1193 339 1222 num
365 1183 410 1222 et
432 1180 628 1223 nuncios
651 1181 820 1234 Angeli
846 1180 1052 1223 Corario.
1089 1181 1174 1233 Qui
1199 1181 1427 1223 habentes
1453 1181 1512 1223 ad
1536 1182 1622 1223 hoc
1648 1181 1852 1234 speciale
1877 1194 2003 1224 man-

231 1252 387 1294 datum
422 1252 692 1297 obtulerunt
726 1265 812 1305 pro
849 1252 1035 1294 domino
1072 1265 1155 1294 suo
1190 1252 1449 1294 cessionem
1485 1252 1644 1306 vigore
1680 1252 1900 1295 mandati.
1948 1253 2003 1294 Et

231 1323 381 1376 agitur
406 1323 463 1365 de
488 1323 624 1365 modo
649 1326 903 1365 conventus
928 1336 1029 1364 cum
1055 1323 1160 1365 aliis
1184 1323 1231 1364 in
1256 1323 1396 1365 Nicia.

349 1394 511 1435 Nuncii
545 1396 699 1436 autem
733 1394 858 1447 regis
890 1394 1157 1447 Aragonum
1192 1397 1237 1436 et
1270 1394 1395 1435 Petri
1429 1394 1486 1435 de
1521 1394 1652 1436 Luna
1685 1398 1902 1437 asserunt
1935 1407 2004 1437 se-

233 1468 372 1518 creto,
395 1464 518 1518 quod
538 1478 632 1507 non
654 1465 742 1507 erit
763 1465 974 1507 defectus
996 1478 1055 1507 ex
1076 1468 1208 1518 parte
1232 1465 1358 1507 Petri
1380 1465 1437 1506 de
1459 1465 1604 1518 Luna,
1627 1468 1696 1508 set
1716 1464 1934 1519 graviter,
1956 1468 2005 1508 ut

232 1537 364 1590 solet,
391 1537 490 1579 vult
515 1548 670 1589 agere.

351 1608 436 1649 Die
476 1608 585 1649 lune
626 1607 840 1660 sequenti
878 1620 1001 1660 papa
1039 1620 1125 1660 pro
1162 1607 1386 1649 tribunali
1427 1607 1620 1649 sedente
1660 1606 2004 1650 ambaxiatores

232 1678 357 1732 regis
385 1678 578 1720 Francie
605 1678 796 1720 fuerunt
824 1678 968 1720 auditi
995 1678 1182 1731 publice
1211 1679 1258 1719 in
1285 1678 1484 1720 ecclesia
1509 1677 1556 1719 in
1584 1679 1684 1720 loco
1709 1678 1892 1720 concilii
1919 1691 2005 1732 per

232 1750 418 1791 modum
449 1749 710 1792 consistorii
742 1749 915 1802 publici
948 1753 1169 1802 presente
1201 1761 1312 1802 rege
1343 1749 1656 1791 Romanorum
1687 1752 1732 1791 et
1763 1749 2006 1803 proposuit

233 1821 480 1874 episcopus
507 1820 910 1863 Carcassonensis.
1188 1813 1191 1815 ’

351 1893 705 1945 Consequenter
741 1905 801 1933 ex
837 1895 969 1944 parte
1007 1892 1146 1933 trium
1182 1891 1429 1933 nacionum
1466 1891 1634 1944 Gallie,
1672 1891 1923 1934 Germanic
1960 1894 2006 1933 et

234 1964 399 2017 Anglie
428 1963 516 2005 fuit
544 1963 821 2016 suplicatum
850 1962 892 2004 d.
921 1966 1080 2004 nostro
1108 1975 1244 2015 pape,
1274 1962 1410 2015 quod,
1440 1975 1541 2004 cum
1570 1962 1671 2015 ipse
1698 1961 2005 2015 promisisset,

233 2035 434 2077 iurasset
452 2038 497 2076 et
517 2035 720 2076 vovisset
740 2034 852 2076 dare
873 2046 1034 2087 pacem
1054 2033 1252 2075 ecclesie
1271 2046 1357 2086 per
1378 2046 1507 2075 suam
1528 2033 1787 2076 cessionem
1806 2035 2005 2086 papatus

234 2108 361 2149 iuxta
396 2106 792 2148 deliberacionem
828 2104 1009 2147 concilii
1044 2104 1377 2157 videreturque
1413 2105 1623 2158 concilio,
1657 2103 1875 2146 videlicet
1909 2103 2004 2145 illis

233 2178 383 2220 tribus
405 2177 694 2229 nacionibus,
717 2177 840 2229 quod
863 2175 1123 2228 expediret,
1148 2175 1271 2228 quod
1295 2175 1353 2217 ad
1376 2176 1459 2216 hec
1482 2175 1820 2217 constituerunt
1843 2187 2006 2228 procu-

234 2252 428 2301 ratores,
464 2249 565 2301 ipse
600 2249 743 2290 vellet
778 2248 1060 2289 constituere
1095 2249 1422 2299 procuratores
1457 2246 1516 2287 ad
1550 2245 1810 2288 cedendum
1845 2258 2006 2288 secun-

234 2319 385 2374 dum¹')
415 2319 810 2361 deliberacionem
837 2318 1033 2370 concilii,
1060 2321 1105 2359 et
1131 2330 1247 2370 quos
1274 2316 1517 2359 concilium
1545 2317 1821 2358 nominaret.

351 2391 578 2443 Secundo,
611 2390 734 2443 quod
765 2390 850 2432 hoc
882 2389 1126 2431 concilium
1158 2401 1251 2430 non
1284 2388 1634 2441 dissolveretur,
1667 2387 1814 2430 donec
1846 2390 2005 2430 essent

233 2476 326 2516 pax
355 2466 400 2504 et
430 2462 702 2504 reformatio
731 2461 928 2503 ecclesie
960 2463 1130 2503 sancte.

352 2533 527 2586 Tercio,
555 2533 679 2586 quod
704 2532 862 2574 nullus
890 2533 947 2573 de
974 2531 1167 2573 concilio
1195 2530 1437 2572 recederet
1465 2530 1566 2572 sine
1594 2529 1788 2572 licencia
1815 2531 2003 2583 optenta

234 2618 335 2646 cum
366 2617 505 2647 cause
536 2603 851 2657 congnicione.

351 2677 536 2728 Quarto,
557 2675 694 2728 quod,
714 2688 816 2716 cum
837 2677 962 2716 esset
983 2686 1154 2725 rumor,
1176 2672 1299 2726 quod
1321 2672 1444 2714 idem
1467 2671 1682 2715 dominus
1702 2674 1862 2714 noster
1881 2683 2003 2725 papa

234 2748 419 2789 volebat
445 2747 683 2799 recedere,
710 2747 811 2799 ipse
837 2758 929 2787 non
957 2746 1099 2787 vellet
1125 2743 1349 2786 recedere
1375 2755 1460 2784 nec
1486 2742 1718 2785 dimittere
1745 2742 2002 2785 concilium.

352 2819 533 2870 Quinto,
570 2818 692 2871 quod
729 2817 861 2859 daret
898 2816 1078 2859 litteras
1114 2815 1200 2857 sub
1237 2815 1367 2857 bulla
1403 2814 1461 2856 de
1497 2814 1740 2856 oblacione
1777 2813 2003 2856 cessionis

235 2902 321 2943 per
342 2902 448 2931 eum
469 2889 645 2943 factast)

351 3006 381 3038 a)
404 3004 501 3037 fahlce
521 3006 586 3031 eret
612 3005 642 3037 (¹,
667 3004 716 3038 D;
735 3005 769 3031 in
794 3004 817 3031 Ο
835 3011 897 3031 von
916 3003 1006 3031 kor-r.
1030 3003 1129 3030 Hand
1148 3002 1363 3037 hinzuqefizqt.
1402 3000 1436 3034 b)
1457 3007 1512 3028 sec
1532 3022 1538 3028 .
1561 3020 1566 3026 .
1587 3020 1593 3026 .
1615 2999 1747 3028 concilii
1766 2999 1848 3034 fehlt
1869 3001 1905 3027 Β.

355 3054 386 3097 1)
419 3055 544 3088 Mansz·
573 3053 730 3095 XXVII,
759 3054 845 3096 573;
886 3052 1094 3087 Victorinus
1125 3053 1242 3087 etwas
1270 3049 1524 3085 verschieden
1549 3059 1635 3084 zum
1664 3049 1718 3085 15.
1748 3049 1862 3084 Miirz.
