2227 3434
748 91 792 125 A.
830 89 1163 124 Reformtraktate.
1754 89 1838 131 597

0 209 5 216 '
71 210 163 263 nia,
191 212 344 251 utrum
374 209 456 250 illo
484 209 651 251 intuitu
679 211 784 251 ante
813 220 905 250 non
934 212 1060 250 esset
1088 208 1224 250 aliter
1253 207 1522 259 donaturus,
1551 206 1659 259 quia
1685 208 1839 248 textus

72 292 166 322 non
205 279 400 332 requirit
440 292 525 321 nec
564 282 690 321 notat
720 283 930 321 *mentem
971 279 1187 320 donantis
1227 290 1314 319 nec
1353 278 1483 330 ponit
1523 276 1839 319 condicionem

3 340 7 345 ⁸
73 362 160 404 per
181 351 234 403 si,
256 362 342 392 nvec
366 362 551 392 causam
574 362 659 402 per
682 349 803 402 quia,
825 362 910 409 nec
935 349 1119 390 modum
1143 361 1229 401 per
1250 351 1312 400 ut,
1336 349 1410 390 vel
1434 348 1525 390 alia
1546 347 1733 399 similia,
1757 347 1841 389 sed

73 421 224 464 solum
253 420 424 462 factum
457 419 695 462 dumtaxat
724 423 852 462 notat
884 453 892 461 .
928 453 936 461 .
972 453 980 460 .
1025 420 1114 461 Nec
1143 419 1522 472 distinguendum
1557 418 1594 461 si
1627 421 1734 460 ante
1766 417 1839 464 vel

72 494 177 545 post
201 491 517 544 provi-sionem
547 523 777 534 ......

191 574 319 616 Nunc
352 572 638 626 ostendetur,
674 573 797 626 quod
832 585 918 614 nec
954 573 1078 614 accio
1113 573 1159 613 in
1195 584 1294 613 rem
1330 574 1408 614 aut
1443 571 1571 614 aliud
1602 571 1676 613 *ius
1712 571 1841 612 reale

73 645 201 687 nasci
228 647 306 687 aut
330 644 523 698 produci
551 644 598 685 in
623 644 708 686 hoc
730 646 885 696 pote-st
911 676 919 685 .
955 676 963 684 .
1000 677 1008 685 .

189 727 317 768 Nunc
351 726 583 768 veniendo
617 726 675 768 ad
706 725 963 768 secundum
1000 725 1258 767 membrum
1293 724 1566 777 ostenditur,
1602 723 1725 777 quod
1758 736 1844 764 nec

73 810 134 840 ex
174 800 306 851 parte
350 810 533 840 camere
578 797 830 850 apostolice
873 796 960 838 fuit
1002 795 1300 848 consensusss)
1347 795 1588 848 imponere
1632 794 1842 836 ecclesiis

74 868 198 911 istud
237 881 354 910 onus
395 868 539 910 eciam
579 869 710 910 reale
746 871 795 910 et
834 867 1082 920 presertim
1124 867 1183 908 ad
1221 870 1500 919 perpetuum
1540 866 1614 907 vel
1655 865 1843 918 longum

74 942 270 992 tempus.
318 939 414 981 Hoc
445 939 600 992 primo
633 938 858 991 probatur
892 951 952 980 ex
988 940 1150 980 tenore
1188 937 1448 979 litterarum
1482 936 1844 978 introducoionis

76 1011 268 1052 istarum
310 1010 648 1061 vacanciarum,
691 1009 771 1051 ubi
814 1021 1040 1061 expresse
1082 1009 1213 1061 ponit
1250 1008 1311 1049 de
1354 1007 1569 1050 triennio.
1626 1007 1747 1060 Ergo
1786 1019 1844 1048 eo

74 1080 210 1123 fini-to
236 1080 341 1124 finit
366 1093 483 1122 onus
512 1113 521 1122 .
557 1113 565 1122 .
601 1114 609 1122 .
653 1080 766 1121 Item
792 1092 886 1121 non
914 1079 1052 1121 debet
1079 1078 1202 1131 fieri,
1229 1078 1320 1121 nisi
1347 1090 1405 1119 ex
1434 1078 1553 1120 iusta
1580 1090 1719 1120 causa
1747 1111 1755 1119 .
1791 1111 1799 1118 .

191 1151 429 1204 Preterea,
466 1151 590 1204 quod
621 1154 697 1193 est
732 1150 920 1203 sorcius,
958 1150 1081 1203 quod
1117 1162 1211 1191 non
1248 1149 1336 1191 fuit
1371 1161 1503 1191 mens
1540 1161 1722 1191 camere
1758 1160 1845 1189 nec

74 1222 366 1264 dominorum
393 1221 700 1264 cardinalium
725 1221 837 1264 istas
863 1221 1105 1263 vacancias
1132 1221 1424 1273 exigencium
1449 1220 1536 1262 hoc
1558 1219 1733 1261 habere
1760 1231 1846 1272 pro

75 1293 176 1335 iure
202 1293 334 1336 reali.
374 1293 505 1335 Patet
531 1292 773 1335 evidenter
800 1305 859 1334 ex
887 1292 1023 1334 modo
1049 1291 1283 1344 exigendi,
1311 1291 1419 1344 quia
1447 1290 1699 1343 exigebant
1725 1290 1845 1331 solu-

75 1363 253 1407 cionem
279 1364 354 1405 vel
381 1363 733 1416 obligacionem,
761 1363 884 1416 quod
908 1362 1032 1404 idem
1059 1365 1143 1415 est,
1170 1365 1219 1404 ut
1245 1361 1462 1415 superius
1489 1365 1559 1403 est
1585 1361 1845 1414 probatum,

76 1434 228 1478 saltim
253 1438 358 1488 post
383 1434 691 1477 introductum
718 1434 898 1486 scisma,
926 1437 1031 1476 ante
1059 1434 1316 1488 bularuma)
1344 1432 1649 1474 tradicionem
1674 1436 1720 1475 et
1743 1444 1846 1484 pro-

74 1506 301 1549 cessionis
328 1505 650 1558 recepcionem
677 1508 723 1548 et
748 1506 1054 1547 communiter
1077 1508 1187 1546 ante
1213 1503 1447 1546 fructuum
1476 1502 1844 1556 peroepcionem.

74 1577 144 1619 Ex
171 1589 264 1630 quo
291 1576 514 1630 sequitur,
544 1576 667 1629 quod
694 1589 788 1618 non
818 1575 1123 1618 intendebant
1152 1575 1269 1616 illud
1298 1575 1426 1616 reale
1456 1586 1562 1616 esse
1591 1574 1715 1626 quia,
1745 1585 1846 1615 cum

74 1648 206 1690 nulla
241 1647 366 1690 accio
401 1647 543 1690 realis
581 1648 716 1689 detur
750 1648 842 1689 nisi
880 1650 1039 1689 contra
1075 1657 1398 1699 possessorem
1435 1658 1521 1687 nec
1557 1645 1658 1687 dari
1692 1647 1846 1698 potest

77 1719 369 1762 obstantibus
410 1718 654 1772 principiis
694 1719 815 1761 iuris
860 1752 867 1759 .
903 1755 910 1762 .
948 1752 955 1759 .
998 1721 1046 1760 *et
1088 1718 1305 1770 provisus
1349 1720 1454 1758 ante
1500 1715 1846 1768 possessionem

77 1789 293 1844 ade-ptam
316 1802 410 1832 non
435 1790 492 1832 sit
513 1801 778 1842 possessor:
817 1789 937 1842 Ergo
962 1788 1086 1830 accio
1108 1788 1195 1830 ista
1219 1787 1361 1830 realis
1385 1787 1590 1829 nondum
1615 1789 1716 1828 erat
1739 1789 1847 1827 nata

75 1863 121 1903 et
148 1861 250 1903 sine
278 1861 465 1903 accione
493 1872 632 1903 nemo
657 1861 914 1913 experitur.
957 1860 1076 1912 Ergo
1105 1862 1175 1901 est
1200 1858 1492 1911 *impossibile
1523 1858 1693 1910 dicere,
1724 1855 1845 1910 quod

76 1932 263 1974 racione
290 1932 448 1974 oneris
474 1932 619 1974 realis
647 1931 763 1973 illud
790 1930 1033 1984 pecierunt
1060 1931 1133 1971 vel
1162 1930 1354 1983 exigere
1381 1932 1633 1982 potuerunt
1661 1962 1669 1970 .
1705 1961 1713 1970 .
1749 1962 1757 1970 .

193 2013 285 2057 Sed
309 2013 367 2056 ad
389 2013 583 2055 tercium
606 2013 853 2066 veniendo,
877 2013 999 2066 quod
1025 2026 1082 2055 ex
1106 2015 1237 2065 parte
1262 2012 1345 2065 rei,
1370 2011 1427 2053 de
1451 2024 1542 2064 qua
1567 2010 1729 2064 agitur,
1753 2022 1847 2051 non

77 2083 164 2128 fuit
191 2084 367 2128 inistis
397 2084 679 2137 adquisitum
710 2084 781 2126 ius
810 2084 954 2126 reale.
997 2084 1051 2125 Et
1080 2084 1232 2136 primo
1259 2083 1344 2124 hoc
1374 2083 1597 2135 probatur
1626 2094 1684 2123 ex
1714 2084 1846 2134 parte

77 2155 269 2198 materie
298 2158 343 2198 et
370 2155 517 2208 ipsius
546 2154 923 2208 indisposicionis
952 2188 960 2196 .
997 2188 1004 2196 .
1041 2188 1049 2196 .

195 2238 251 2280 Et
281 2238 405 2280 ultra
438 2238 523 2280 hoc
558 2237 704 2291 magis
738 2237 941 2279 laxando
977 2236 1217 2278 materiam
1251 2236 1399 2277 eciam
1435 2235 1493 2277 ad
1530 2234 1762 2286 materias,
1800 2234 1846 2275 in

78 2309 247 2362 quibus
285 2321 379 2351 non
419 2308 607 2351 caderet
644 2308 911 2361 ¹symoniaca
952 2309 1026 2349 vel
1069 2307 1195 2349 aliud
1237 2306 1418 2358 vicium,
1460 2308 1635 2348 certum
1675 2308 1748 2348 est
1788 2317 1845 2346 ex

78 2378 491 2422 determinacione-
516 2379 695 2421 concilii
740 2379 977 2432 generalis
1022 2377 1367 2430 Lateranensis‚
1412 2376 1470 2418 de
1516 2389 1608 2429 quo
1649 2375 1848 2418 habetur

78 2453 212 2493 extra
234 2450 293 2492 de
316 2449 535 2493 censibus
558 2463 593 2493 c.
618 2450 936 2503 prohibemus,
960 2449 1083 2502 quod
1106 2447 1435 2491 ecclesiastici-s
1460 2446 1705 2489 beneficiis
1729 2446 1846 2488 nulli

78 2520 186 2563 novi
212 2532 380 2564 census
406 2521 480 2562 vel
509 2533 652 2563 onera
681 2521 977 2574 imponantur
1005 2553 1013 2562 .
1050 2554 1058 2562 .
1094 2554 1102 2562 .

199 2637 208 2645 .
243 2641 250 2647 .
286 2637 295 2646 .
336 2603 405 2645 Ex
444 2615 535 2656 quo
574 2603 797 2655 sequitur,
836 2602 958 2655 quod
999 2601 1084 2643 etsi
1127 2601 1378 2654 aliquan-do
1417 2600 1506 2642 fuit
1547 2600 1664 2642 iuste
1705 2603 1749 2642 et
1788 2610 1847 2639 ex

81 2685 220 2716 causa
249 2674 520 2716 racionabili
552 2673 801 2726 inductum,
833 2673 940 2726 quia
971 2676 1125 2715 tamen
1156 2674 1318 2725 vergat
1348 2671 1405 2713 ad
1436 2682 1604 2712 nexam
1634 2673 1682 2712 et
1709 2672 1773 2712 tot
1803 2672 1848 2710 et

81 2744 208 2798 tanti,
234 2744 351 2787 nulli
379 2744 503 2786 fines
530 2747 575 2786 et
600 2745 754 2786 exitus
780 2746 1018 2796 sequntur,
1045 2755 1103 2784 ex
1129 2745 1222 2784 toto
1248 2739 1496 2795 tollenda'¹)
1526 2744 1610 2793 est,
1637 2741 1782 2782 eciam
1809 2739 1847 2780 si

82 2814 200 2858 alias
219 2815 443 2857 valuisset
465 2848 474 2857 .
510 2848 518 2856 .
554 2849 562 2857 .
595 2815 685 2857 Ubi
706 2815 901 2856 vertitur
923 2813 1192 2856 scandalum
1217 2814 1262 2854 in
1283 2814 1409 2854 clero
1429 2815 1474 2853 et
1494 2812 1680 2864 populo,
1698 2811 1846 2852 eciam

83 2884 122 2927 si
164 2885 281 2928 alias
323 2888 447 2928 esset
489 2885 678 2938 licitum,
722 2888 791 2927 est
834 2884 1130 2937 tollendum)
1177 2883 1358 2924 dicente
1403 2882 1629 2935 apostolo:
1686 2879 1847 2922 Onmia

189 3000 219 3033 a)
239 2999 279 3027 So
300 2999 355 3026 Ile.
413 2998 447 3031 b)
469 2999 514 3025 Hs
535 2998 731 3026 tolleranda.
787 2999 815 3031 c)
837 2998 883 3026 Ha
903 2996 1135 3025 tollerendum.
