2102 3444
207 148 292 191 302
743 149 768 182 1.
794 148 1005 183 Abschnitt.
1045 147 1445 193 Konzilstagebiicher.

240 242 291 259 *ru

212 258 413 309 bandum
447 271 491 309 et
526 267 868 319 ratificandum,
903 279 991 320 que
1028 267 1073 308 in
1109 267 1273 309 eodem
1308 271 1406 310 acta
1439 271 1547 310 sunt
1578 271 1622 310 et
1656 272 1807 321 erunt,
1841 268 1980 311 desti-

209 337 347 380 navit.
382 338 478 389 Qua
501 342 692 390 propter
714 350 799 379 nos
823 338 892 380 sui
917 351 974 380 ex
997 341 1128 390 parte
1154 339 1321 380 vestris
1346 338 1630 392 dignissimis
1652 342 1979 392 presentamus

208 409 532 460 conspectibus
562 408 894 461 concludendo,
924 409 1046 462 quod
1076 409 1255 451 iusticia
1283 410 1386 452 eius
1414 413 1569 452 manet
1598 411 1714 453 sicut
1741 411 1811 453 sol
1838 410 1886 452 in
1915 411 1980 452 lu-

209 479 369 532 cendo,
406 492 496 532 que
532 479 666 520 fuere
704 479 847 521 verba
884 481 1052 522 vestris
1089 480 1484 523 metuendissimis
1520 480 1880 534 paternitatibus
1915 482 1980 523 sic

209 549 427 592 debiliter
461 548 719 592 introducta
756 584 763 591 .
800 584 808 591 .
845 584 852 591 .
889 550 1157 603 altissimus,
1193 551 1269 604 qui
1303 564 1388 604 per
1422 552 1608 594 infinita
1643 555 1806 605 regnat
1840 552 1980 594 bene-

209 620 368 663 dictus.
401 621 564 663 Amen.

326 692 432 734 Post
469 695 622 734 autem
658 692 973 745 predictorum
1010 696 1244 735 oratorum
1280 694 1628 747 exposicionem
1666 693 1978 747 supradictam

209 775 302 804 rev.
330 763 378 804 in
405 763 510 805 Chr.
537 776 581 817 p.
611 763 652 804 d.
681 763 929 816 episcopus
955 763 1301 807 Salisbiriensis
1329 777 1448 807 unus
1476 777 1534 806 ex
1563 764 1827 807 oratoribus
1854 765 1978 818 regis

208 833 373 886 Anglie
406 833 562 886 aliqua
594 847 619 876 a
652 847 702 876 se
735 834 837 888 ipso
869 838 913 876 et
946 836 1046 876 iure
1080 835 1272 888 speciali
1305 835 1419 877 dixit
1454 836 1497 876 in
1531 835 1978 878 commendationem

207 904 497 946 serenissimi
528 905 569 947 d.
599 906 725 959 regis
755 905 1021 959 Portugalie
1051 910 1097 948 et
1124 906 1349 960 Algarbii.

326 976 380 1018 Et
418 975 587 1017 deinde
628 988 724 1019 rev.
765 977 812 1018 in
851 977 957 1020 Chr.
995 990 1039 1030 p.
1079 978 1121 1020 d.
1164 978 1435 1020 Franciscus
1475 979 1783 1020 miseracione
1823 977 1979 1020 divina

207 1050 468 1088 sanctorum
502 1046 668 1089 Cosme
701 1051 745 1089 et
778 1048 992 1090 Damiani
1025 1048 1246 1091 diaconus
1279 1049 1530 1091 cardinalis
1562 1061 1622 1090 ex
1655 1048 1978 1091 commissione

208 1118 326 1159 sacri
361 1119 545 1172 collegii
581 1128 814 1160 revmorum
849 1132 893 1172 p.
930 1119 970 1163 d.
1009 1123 1165 1162 sancte
1200 1119 1250 1161 R.
1286 1132 1325 1161 e.
1361 1120 1669 1162 cardinalium
1703 1123 1748 1161 et
1782 1119 1977 1162 aliorum

206 1189 493 1241 prelatorum
533 1190 652 1232 sacri
693 1189 1071 1233 Constanciensis
1112 1190 1292 1232 concilii
1332 1191 1401 1233 eis
1440 1192 1682 1244 eleganter
1722 1191 1978 1244 respondit,

207 1263 254 1302 ut
279 1260 506 1313 sequitur:

322 1331 660 1374 Excellentiam
688 1335 734 1374 et
761 1332 919 1375 inclita
945 1335 1076 1385 gesta
1103 1332 1408 1374 illustrissimi
1436 1334 1562 1386 regis
1591 1333 1873 1386 Portugalie‚
1900 1345 1979 1386 pa-

206 1405 300 1445 tres
329 1402 503 1455 optimi,
532 1403 662 1445 cuius
690 1403 763 1444 hic
791 1403 976 1446 adstant
1001 1404 1204 1457 preclari
1233 1407 1442 1446 oratores
1471 1407 1517 1446 et
1542 1403 1779 1458 magnifici
1807 1403 1978 1456 nuncii,

206 1485 298 1515 non
323 1473 462 1516 facile
487 1473 624 1516 video
650 1474 809 1517 verbis
834 1475 995 1527 paucis
1020 1474 1247 1528 explicari
1273 1488 1426 1528 posse.
1470 1474 1592 1516 Illud
1615 1478 1771 1517 tamen
1798 1474 1979 1516 videtur

206 1544 406 1586 maxime
438 1544 526 1587 sibi
556 1545 820 1598 convenire,
851 1545 974 1599 quod
1004 1545 1061 1587 de
1093 1545 1293 1598 sapienti
1324 1558 1435 1599 rege
1467 1545 1654 1599 scripsit
1680 1558 1766 1587 rex
1796 1546 1979 1599 sapien-

206 1615 426 1669 tissimus,
451 1628 552 1657 cum
578 1616 656 1658 ait:
694 1616 795 1658 Rex
820 1617 1010 1670 sapiens
1036 1616 1402 1658 stabilimentum
1425 1616 1588 1670 populi
1615 1617 1742 1672 (Sap.
1768 1617 1873 1671 VI),
1897 1616 1977 1658 ubi

207 1686 296 1728 duo
325 1687 526 1730 maxima
553 1687 685 1729 brevi
714 1699 931 1729 sermone
960 1688 1196 1741 conclusit,
1225 1687 1400 1730 scilicet
1427 1700 1627 1741 causam,
1657 1700 1747 1741 qua
1773 1688 1903 1730 nulla
1931 1688 1978 1729 in

206 1757 421 1801 humanis
447 1758 607 1812 maior,
633 1761 678 1800 et
702 1758 940 1812 effectum,
966 1772 1056 1812 quo
1080 1759 1239 1802 nullus
1265 1759 1386 1801 inter
1410 1759 1624 1801 homines
1649 1758 1828 1800 melior.
1865 1758 1977 1800 Nam

207 1829 331 1881 quod
352 1829 410 1871 ad
432 1829 632 1881 primum
655 1830 873 1883 pertinet,
898 1830 936 1872 si
959 1830 1184 1883 queritur,
1208 1842 1297 1883 que
1322 1829 1380 1872 sit
1401 1842 1540 1872 causa
1563 1830 1684 1872 bone
1705 1829 1979 1883 gubernaci-

206 1899 308 1942 onis
337 1899 560 1954 universi,
588 1912 726 1943 nemo
755 1904 839 1953 est,
869 1902 947 1954 qui
978 1913 1072 1943 non
1102 1904 1284 1943 retente
1314 1901 1611 1954 respondeat,
1643 1900 1767 1954 quod
1796 1901 1979 1954 sapien-

206 1969 274 2012 cia
306 1970 624 2023 gubernantis.
673 2005 680 2012 .
717 2005 724 2013 .
761 2005 769 2013 .
814 1971 958 2023 Quam
993 1973 1147 2025 ampla
1181 1984 1292 2014 vero
1326 1973 1384 2015 sit
1415 1971 1553 2014 huius
1585 1971 1709 2025 regis
1743 1970 1978 2025 sapiencia

205 2041 345 2083 facile
370 2041 602 2095 colligitur
625 2055 684 2083 ex
705 2043 850 2095 gestis
874 2043 975 2084 eius
1000 2043 1316 2096 amplissimis.
1352 2043 1451 2085 Non
1475 2043 1600 2084 enim
1623 2054 1819 2096 regnum
1844 2054 1977 2084 suum

206 2112 394 2154 fortuna
420 2112 508 2155 sibi
533 2113 723 2155 contulit
747 2125 832 2154 nec
857 2113 1184 2166 relinquerunt
1208 2117 1430 2167 parentes
1455 2117 1533 2156 aut
1557 2113 1758 2156 maiores
1785 2113 1869 2167 sui,
1895 2112 1979 2156 sed

206 2182 373 2225 virtute
401 2196 484 2226 sua
511 2184 599 2226 sibi
627 2184 923 2237 comparavit,
952 2185 999 2225 in
1025 2197 1116 2237 quo
1142 2185 1281 2227 etiam
1308 2184 1482 2227 tuendo
1509 2184 1815 2238 augendoque
1843 2185 1979 2226 mira-

205 2253 314 2296 bilis
341 2254 540 2306 quedam
567 2255 668 2296 eius
698 2254 934 2307 sapiencia
961 2255 1250 2308 virtutesque
1278 2268 1360 2298 sue
1388 2255 1645 2297 clarissime
1673 2255 1976 2297 refulserunt.

208 2324 310 2367 Fuit
331 2325 454 2366 enim
479 2328 525 2367 et
545 2329 616 2368 est
639 2326 685 2367 in
708 2326 1041 2378 propulsandis
1064 2326 1275 2368 hostibus
1299 2329 1343 2368 et
1367 2326 1582 2369 arcendis
1605 2327 1837 2368 bellorum
1859 2326 1979 2368 cala-

207 2395 441 2437 mitatibus
476 2396 611 2438 fortis
645 2399 689 2438 et
725 2399 957 2449 strenuus,
994 2398 1040 2438 in
1076 2397 1408 2450 componendis
1445 2397 1733 2439 subditorum
1770 2396 1978 2439 dissidiis

207 2467 354 2509 iustus
384 2470 428 2509 et
458 2479 621 2520 equus,
652 2467 698 2508 in
728 2467 1030 2520 protegendis
1061 2468 1279 2520 inopibus
1309 2471 1353 2510 et
1383 2468 1733 2510 miserabilibus
1762 2466 1978 2521 personis

204 2540 447 2590 promptus
477 2541 522 2579 et
550 2537 656 2591 pius
687 2538 734 2579 in
765 2538 983 2591 omnique
1015 2551 1157 2591 opere
1189 2538 1318 2591 regio
1348 2537 1624 2591 magnificus
1655 2541 1700 2580 et
1730 2538 1888 2592 largus
1917 2540 1976 2591 et,

206 2608 328 2660 quod
358 2611 428 2651 est
457 2621 599 2662 super
630 2609 785 2651 omnia
813 2609 1081 2662 gloriosum,
1113 2608 1364 2651 christiane
1394 2609 1509 2651 fidei
1539 2611 1856 2662 propugnator
1885 2608 1978 2651 fer-

206 2679 505 2721 ventissimus
531 2682 576 2722 et
602 2679 812 2721 invictus.
852 2679 942 2721 Pro
968 2692 1058 2732 qua
1083 2680 1223 2721 etiam
1250 2679 1346 2721 fide
1373 2680 1564 2733 propria
1591 2682 1755 2732 sponte
1782 2679 1899 2722 mari
1926 2691 1975 2721 se

205 2749 493 2793 committens
525 2753 571 2792 et
604 2749 868 2792 Maurorum
899 2753 1050 2793 terras
1083 2750 1323 2803 ingressus
1356 2750 1519 2792 urbem
1553 2763 1713 2792 eorum
1746 2750 1976 2804 amplissi-

205 2832 325 2862 mam
355 2820 639 2874 expugnavit
667 2821 866 2874 egitque,
896 2824 957 2873 ut,
986 2820 1065 2862 ubi
1095 2821 1305 2873 impurus
1335 2821 1617 2863 adorabatur
1651 2820 1975 2873 Machometus,

205 2890 269 2932 ibi
303 2891 571 2944 redemptor
604 2895 763 2934 noster
795 2891 1085 2944 glorificetur
1120 2891 1345 2933 Christus.
1391 2891 1532 2934 Beata
1566 2891 1721 2945 itaque
1754 2892 1976 2934 universa

207 2962 337 3014 regni
369 2961 720 3015 Portugalensis
750 2965 890 3016 terra,
921 2962 1051 3005 cuius
1082 2974 1166 3003 rex
1196 2962 1268 3003 hic
1301 2962 1423 3004 idem
1456 2963 1557 3016 ipse
1588 2974 1673 3004 rex
1702 2961 1874 3004 nobilis
1904 2963 1976 3004 est

209 3031 495 3084 (Ecclesiast.
527 3032 590 3086 X)
626 3066 633 3075 .
669 3066 678 3075 .
714 3067 722 3076 .
767 3033 984 3075 Ceterum
1014 3044 1100 3086 pro
1130 3032 1305 3074 affectu
1335 3031 1683 3075 ferventissimo
1713 3032 1840 3074 illius
1872 3032 1975 3074 illu-
