2102 3444
258 149 341 192 152
791 149 817 184 Ι.
843 149 1053 185 Abschnitt.
1092 148 1494 195 Konzilstagebiicher.

256 267 400 309 vellet
434 266 735 320 Germanum,
771 267 993 310 Germani
1027 269 1208 310 nollent
1244 268 1486 322 Ytalicum,
1521 272 1570 312 ut
1604 269 1911 312 ostenderunt
1945 270 2028 312 eli-

256 337 408 391 gendo
438 337 576 381 istum
607 337 807 380 modum.
850 338 1009 381 Restat
1038 339 1172 381 nacio
1202 339 1466 393 Hyspanica
1494 343 1541 382 et
1570 340 1715 393 aliqui
1745 339 1803 382 de
1831 339 2026 382 nacione

258 407 514 462 Gallicana,
544 409 622 462 qui
651 421 745 451 non
774 412 881 451 sunt
909 409 966 451 de
996 421 1141 463 regno
1170 409 1381 463 Francie,
1410 410 1585 453 scilicet
1613 409 1817 453 Sabaudi
1846 413 1891 453 et
1918 410 2028 453 Pro-

257 478 495 522 vinciales.
542 479 598 521 Et
631 480 693 522 ita
727 480 786 522 ad
816 479 1162 522 excludendum
1195 493 1335 522 unam
1368 480 1610 523 nacionem
1644 484 1842 534 quatuor
1873 481 2028 523 exclu-

258 549 430 592 duntur
453 552 498 592 et
520 549 816 603 restringitur
840 551 1034 593 multum
1057 550 1252 594 libertas
1275 551 1493 605 eligendi.
1530 552 1704 593 Verum
1727 551 1867 594 nacio.
1886 550 2029 595 Galli-

255 632 371 663 cana
409 623 531 663 mota
571 624 641 663 est
679 621 738 663 ad
777 621 948 664 iustum
987 621 1187 674 modum,
1226 622 1398 664 nedum
1438 626 1630 676 propter
1668 622 2025 676 prerogativam,

256 703 395 745 quam
415 691 557 734 habet
577 691 711 734 nacio
732 691 911 734 Ytalica
933 693 982 734 in
1002 704 1199 734 numero
1220 692 1541 746 cardinalium,
1563 693 1647 736 sed
1666 692 1817 735 eciam
1835 695 2028 747 propter

259 761 548 815 suspiciones
584 765 875 816 tractatuum,
911 762 990 816 qui
1026 763 1207 805 fiebant
1244 764 1434 817 occulte,
1470 767 1516 805 et
1552 762 1892 817 requisiciones
1925 775 2030 806 con-

257 844 424 875 sensus
455 832 716 886 aliquorum
746 845 832 886 pro
861 833 1081 887 episcopo
1108 834 1429 876 Vinctoniensi
1458 833 1666 888 Anglico,
1695 836 1745 876 ut
1773 834 2029 888 suprascri-

256 903 395 946 bitur.
443 899 688 946 Timebant
723 907 876 946 autem
912 903 1175 948 cardinales
1210 908 1403 958 propter
1438 904 1744 947 difficultates
1777 903 1858 964 vix
1888 916 2029 959 posse

257 986 363 1017 esse
389 974 681 1017 concordiam
706 974 754 1016 in
778 974 997 1017 conclavi.
1038 975 1150 1018 Ideo
1175 975 1401 1018 timebant
1423 975 1586 1029 plures
1611 975 1803 1029 intrare,
1828 975 2029 1018 maxi-me

259 1045 307 1087 in
329 1045 496 1098 hyeme
519 1048 565 1087 et
588 1044 779 1098 regione
803 1045 975 1099 frigida
999 1049 1044 1088 et
1067 1045 1167 1089 sine
1192 1046 1313 1100 igne,
1337 1049 1383 1088 et
1404 1045 1672 1089 verosimile
1695 1048 1780 1100 est,
1800 1045 1928 1100 quod
1949 1045 2030 1089 diu

258 1115 351 1158 sint
377 1115 544 1159 inclusi
575 1118 769 1170 propter
798 1115 1056 1159 discordias
1087 1129 1147 1159 ex
1177 1116 1328 1159 causis
1359 1116 1596 1170 predictis.

374 1187 551 1229 Verum
580 1186 671 1229 hiis
703 1185 1062 1230 difficultatibus
1091 1199 1186 1230 non
1216 1187 1509 1230 obstantibus
1540 1187 1804 1230 cardinales
1834 1200 1929 1230 non
1960 1200 2032 1230 re-

258 1257 512 1311 spicientes
543 1257 602 1300 ad
633 1257 735 1300 iura
767 1270 851 1300 sua
881 1270 1036 1311 neque
1066 1257 1270 1312 propriis
1302 1258 1520 1301 sensibus
1550 1258 1672 1300 vinci
1702 1259 1915 1301 volentes
1946 1257 2032 1301 sed

257 1330 401 1371 totum
430 1328 674 1381 negocium
706 1328 955 1371 eleccionis
985 1328 1084 1371 Deo
1116 1329 1494 1372 commendantes
1524 1332 1570 1371 et
1599 1329 1648 1371 in
1678 1328 1760 1372 illo
1791 1341 1924 1383 spem
1952 1341 2032 1384 po-

258 1401 425 1442 nentes
460 1398 844 1441 deliberaverunt
877 1399 947 1441 illi
980 1399 1053 1441 vie
1089 1400 1368 1452 consentire,
1403 1400 1441 1441 si
1477 1412 1640 1442 omnes
1673 1399 1895 1443 naciones
1927 1412 2032 1443 con-

260 1469 502 1513 sentirent.

378 1540 464 1583 Die
494 1540 612 1583 iovis
641 1540 858 1584 XXVIII.
889 1540 1098 1584 Octobris
1128 1541 1250 1584 inter
1279 1541 1524 1594 deputatos
1553 1554 1640 1595 pro
1666 1541 1753 1584 hac
1783 1541 2032 1585 eleccionis

260 1611 454 1655 materia
489 1611 696 1665 deputati
727 1612 976 1663 nacionum
1011 1611 1269 1665 Gallicane,
1305 1611 1483 1654 Ytalice
1517 1614 1563 1654 et
1595 1611 1859 1666 Hyspanice
1891 1614 2032 1666 atque

260 1682 444 1736 collegii
476 1682 782 1725 cardinalium
814 1695 873 1724 ex
903 1686 1036 1736 parte
1069 1695 1258 1725 suarum
1289 1683 1536 1725 nacionum
1566 1685 1613 1725 et
1642 1682 1827 1737 collegii
1856 1682 1928 1726 illi
1957 1683 2032 1726 vie

261 1752 366 1795 date
392 1765 478 1807 per
504 1752 708 1796 Gallicos
733 1753 781 1795 in
806 1754 994 1796 nomine
1021 1753 1197 1796 domini
1222 1757 1575 1807 consenserunt,
1602 1756 1648 1796 et
1672 1754 1736 1796 ita
1759 1766 1847 1807 per
1870 1766 2033 1797 omnes

259 1824 483 1867 naciones
504 1826 550 1866 et
569 1824 816 1877 collegium
839 1827 910 1867 est
930 1824 1220 1877 concordata,
1241 1824 1366 1866 unde
1389 1825 1472 1867 illa
1491 1837 1676 1867 camera
1697 1823 1745 1866 in
1767 1824 1904 1868 domo
1923 1824 2034 1867 Pre-

261 1893 530 1948 dicatorum,
554 1906 644 1948 que
669 1898 740 1937 est
764 1895 931 1948 stupha
954 1896 1116 1948 maior,
1139 1898 1299 1937 vocata
1323 1898 1394 1938 est
1417 1895 1531 1937 edes
1556 1895 1814 1938 concordie.

378 1966 434 2008 Et
461 1965 729 2019 notandum,
759 1966 882 2019 quod
910 1966 1000 2009 hiis
1030 1966 1211 2019 diebus,
1242 1966 1410 2020 quibus
1440 1967 1504 2009 sic
1533 1969 1683 2009 actum
1711 1969 1783 2009 est
1811 1966 1869 2009 de
1897 1965 2034 2009 modo

261 2036 525 2090 eleccionis,
552 2049 638 2078 rex
663 2036 976 2079 Romanorum
1004 2037 1092 2079 fuit
1120 2037 1306 2091 absens,
1334 2037 1391 2079 de
1419 2050 1510 2090 quo
1537 2037 1668 2080 multi
1693 2036 1974 2091 gaudebant.

378 2107 465 2150 Die
504 2107 685 2150 sabbati
721 2108 957 2150 tricesima
994 2107 1205 2150 Octobris
1244 2120 1365 2150 anno
1403 2108 1578 2150 domini
1616 2107 1953 2151 MCCCCXVII
1988 2110 2035 2150 et

261 2178 443 2221 concilii
470 2178 613 2220 tercio
641 2177 760 2221 sedit
787 2178 1032 2220 concilium
1060 2191 1161 2220 cum
1190 2179 1498 2221 solemnitate.
1539 2178 1754 2221 Presedit
1780 2177 2034 2222 cardinalis

260 2248 490 2292 Ostiensis
516 2252 562 2291 et
587 2248 676 2291 fuit
701 2249 1059 2302 pronunciatum
1086 2249 1323 2291 decretum
1351 2249 1408 2291 de
1436 2249 1572 2292 modo
1596 2252 1643 2291 et
1670 2248 1834 2303 forma,
1861 2249 1963 2292 loco
1989 2252 2034 2291 et

259 2322 471 2373 tempore
504 2319 753 2363 eleccionis
785 2320 979 2362 Romani
1012 2319 1249 2374 pontificis
1283 2323 1329 2362 et
1361 2320 1451 2362 duo
1485 2320 1591 2373 alia,
1624 2332 1715 2374 que
1747 2319 1899 2374 primo
1928 2333 2034 2375 pro-

260 2390 479 2433 nunciata
498 2390 704 2443 fuerunt,
727 2394 774 2433 et
796 2391 878 2433 illa
901 2390 1014 2445 legit
1036 2390 1288 2433 cardinalis
1311 2391 1455 2433 sancti
1482 2390 1637 2434 Marci.
1673 2391 1876 2443 Quorum
1898 2394 2034 2434 tenor

262 2462 490 2516 sequitur:

377 2531 680 2575 Sacrosancta
709 2535 754 2575 et
782 2532 1018 2586 generalis
1049 2532 1254 2586 synodus
1286 2532 1664 2576 Constanciensis
1693 2533 1852 2576 statuit
1879 2535 1928 2576 et
1955 2532 2033 2576 de-

261 2603 422 2657 cernit,
456 2603 579 2657 quod
613 2603 798 2646 futurus
834 2637 842 2645 .
878 2640 885 2647 .
923 2637 931 2645 .
965 2615 1059 2646 non
1093 2603 1384 2646 obstantibus
1419 2603 1830 2659 quibuscunque.¹)

378 2674 488 2717 Post
508 2674 695 2716 illorum
718 2674 1011 2716 decretorum
1033 2673 1282 2716 leccionem
1306 2677 1353 2716 et
1373 2674 1746 2727 responsionem:
1770 2674 1929 2717 Placet
1945 2686 2034 2729 per

260 2745 579 2798 presidentem
612 2758 698 2800 pro
729 2747 822 2788 toto
855 2745 1049 2788 concilio
1080 2744 1332 2788 cardinalis
1366 2746 1510 2787 sancti
1544 2744 1701 2799 Marci,
1734 2746 1813 2800 qui
1845 2745 2037 2788 decreta-

261 2816 454 2870 legerat,
484 2816 740 2870 proposuit,
773 2816 896 2870 quod
927 2828 1029 2858 cum
1061 2815 1219 2869 vigore
1252 2815 1360 2857 dicti
1393 2815 1567 2858 decreti
1599 2815 1750 2859 forme
1782 2816 2032 2859 eleccionis

262 2887 489 2930 electores
525 2887 698 2929 debent
734 2889 909 2929 certum
945 2889 1158 2940 prestare
1195 2887 1519 2931 iuramentum.
1573 2886 1639 2929 Ita
1674 2885 1920 2930 videbatur
1953 2899 2053 2929 exv

262 2957 442 3010 pedire,
465 2957 588 3011 quod
611 2958 657 2999 in
681 2957 877 3011 singulis
899 2957 1174 3000 nacionibus
1198 2956 1383 3010 singuli,
1407 2958 1485 3010 qui
1509 2957 1656 3001 dictos
1677 2970 1737 3000 ex
1757 2957 2032 3001 nacionibus

380 3049 414 3093 1)
445 3049 568 3086 Hardt
598 3030 666 3092 IV,
698 3050 901 3094 1452—55‚·
933 3050 1062 3086 Mansi
1091 3049 1251 3093 XXVII,
1283 3050 1479 3086 1164—66.
