2102 3444
293 132 349 176 96
820 133 845 167 Ι.
881 133 1091 168 Abschnitt.
1139 133 1540 179 Konzilstagebiicher.

414 251 540 293 Tunc
568 251 817 305 presidens
844 252 1079 294 mandavit
1108 253 1199 306 legi
1228 253 1575 296 ordinacionem
1603 254 1783 296 concilii
1814 266 1956 307 super
1981 254 2068 296 hoc

295 320 466 363 editam
513 326 558 364 et
602 335 686 375 per
730 322 994 365 cardinales
1040 327 1084 365 et
1129 323 1348 365 naciones
1395 326 1712 377 approbatam,
1758 325 1888 367 cuius
1934 327 2067 366 tenor

296 393 403 435 talis
435 396 522 435 est:

413 464 507 505 Hec
537 467 829 506 sacrosancta
860 464 1064 517 synodus
1092 466 1329 518 generalis
1360 466 1528 509 auditis
1558 470 1601 508 et
1631 465 1938 509 consideratis
1969 500 1977 508 .
2013 500 2021 508 .
2057 499 2065 508 .

296 534 459 587 quovis
488 535 677 588 modo.¹)

416 605 498 647 Die
536 606 715 648 sabbati
758 606 838 648 Ill.
876 606 1053 660 Aprilis
1089 610 1195 649 ante
1233 607 1509 650 dominicam
1545 609 1590 649 in
1629 607 1770 650 ram-is
1804 607 2066 661 palmarum

296 675 416 718 sedit
452 676 696 718 concilium
733 677 833 719 sine
872 678 1165 720 solemnitate
1204 681 1248 719 et
1285 682 1447 732 parata
1485 678 1596 721 sede
1634 691 1781 732 prope
1820 678 2066 721 ambonem

294 750 639 800 proposuerunt
668 748 806 800 legati
835 749 960 801 regis
987 751 1032 790 et
1059 748 1219 802 regine
1250 749 1468 802 Castelle,
1496 748 1713 791 videlicet
1740 749 1902 791 matris
1928 751 1974 792 et
2000 752 2067 791 tu·

294 817 406 860 toris
434 818 571 871 regis,
601 819 678 870 qui
709 819 984 861 adolescens
1012 822 1095 872 est,
1125 823 1168 861 et
1196 823 1588 872 presentaverunt
1615 820 1794 862 litteras
1822 820 2065 873 utriusque

294 888 612 931 credenciales
653 889 802 931 solum
843 902 944 931 cum
985 890 1149 932 salute.
1203 891 1449 944 Proposuit
1490 891 1738 944 episcopus
1780 890 2066 933 Conchensis

294 962 476 1012 sumpto
497 958 718 1001 themate:
755 959 908 1002 Unum
931 964 1001 1003 est
1022 962 1397 1015 necessarium.²)
1422 962 1568 1003 Nichil
1591 961 1699 1004 dicit
1720 961 1778 1003 de
1802 961 2064 1003 intencione

294 1031 418 1083 regis
451 1030 542 1072 nisi
577 1031 833 1084 generalia,
868 1031 1085 1074 videlicet
1120 1032 1406 1074 desiderium
1441 1033 1499 1074 ad
1533 1032 1753 1074 unionem
1788 1032 1986 1075 ecclesie
2020 1034 2066 1074 et

293 1101 416 1154 quod
441 1101 685 1143 informari
710 1102 896 1144 volebat
920 1102 976 1144 de
1003 1102 1237 1155 aliquibus
1261 1104 1650 1145 concernentibus
1676 1105 1843 1145 statum
1867 1102 2064 1145 concilii.

292 1172 388 1223 Que
414 1175 569 1214 tamen
596 1184 761 1226 parum
789 1172 1055 1215 declaravit.
1094 1173 1403 1226 Respondens
1430 1173 1682 1216 cardinalis
1709 1173 1936 1217 Ostiensis
1961 1186 2065 1227 pre-

294 1242 452 1284 sidens
477 1246 522 1285 et
545 1243 751 1285 laudavit
774 1255 932 1296 regem
956 1247 1001 1285 et
1026 1245 1088 1286 ita
1112 1244 1239 1287 finis.

412 1313 495 1356 Die
525 1314 635 1356 lune
664 1314 824 1367 quinta
852 1314 1044 1368 Aprilis,
1073 1320 1163 1368 que
1191 1315 1279 1357 fuit
1307 1315 1560 1358 crastinum
1588 1314 1816 1358 dominice
1846 1315 1894 1357 in
1921 1315 2064 1357 ramis

292 1385 567 1437 palmarum,
608 1397 692 1426 rex
732 1385 1045 1428 Romanorum
1085 1385 1320 1428 mandavit
1360 1386 1525 1439 legatis
1567 1385 1785 1439 Castelle,
1826 1386 1949 1439 quod
1989 1398 2065 1427 ve-

293 1456 448 1498 nirent
470 1456 528 1498 ad
549 1469 668 1498 eum.
705 1456 759 1498 Et
779 1457 907 1498 venit
929 1456 1010 1498 illo
1033 1469 1169 1498 mane
1193 1457 1250 1498 de
1275 1457 1434 1509 Cellis,
1458 1457 1537 1498 ubi
1563 1458 1723 1499 iverat.
1759 1457 1813 1499 Et
1833 1459 2064 1498 venerunt

292 1526 431 1579 legati
459 1527 517 1569 ad
544 1539 664 1579 eum,
692 1540 718 1569 a
745 1527 914 1581 quibus
941 1527 1082 1581 peciit
1109 1527 1166 1569 de
1194 1527 1457 1569 intencione
1487 1528 1686 1572 illorum.
1727 1527 1812 1579 Qui
1839 1539 2064 1581 proposu-

292 1601 427 1639 erunt
458 1597 627 1651 aliqua,
657 1611 746 1651 que
777 1598 900 1640 idem
929 1611 1013 1639 rex
1041 1598 1181 1651 peciit
1209 1598 1310 1640 dari
1338 1598 1385 1639 in
1414 1599 1618 1651 scriptis;
1648 1601 1693 1640 et
1721 1598 1953 1640 dederunt
1982 1598 2063 1640 illa

292 1668 367 1710 die
401 1669 447 1710 in
481 1668 631 1711 forma
666 1669 897 1722 sequenti:

296 1751 601 1794 Invictissime
623 1751 843 1805 princeps
864 1755 910 1794 et
933 1753 1236 1794 serenissime
1260 1764 1345 1794 rex
1366 1755 1411 1794 et
1434 1751 1620 1794 domine
1643 1764 1831 1806 semper
1854 1753 2062 1805 auguste.

408 1833 636 1887 Capitula,
652 1833 709 1876 de
732 1834 901 1887 quibus
923 1837 1133 1877 oratores
1156 1835 1447 1877 serenissimi
1469 1834 1593 1887 regis
1610 1834 1828 1887 CasteIIe,
1845 1833 2063 1887 Legionis

290 1908 372 1946 etc.
404 1904 577 1947 debent
607 1904 665 1946 de
698 1904 845 1957 ipsius
876 1905 1000 1958 regis
1032 1905 1249 1948 mandato
1280 1905 1525 1948 informari
1555 1908 1602 1948 et
1630 1905 1896 1958 certificari,
1926 1906 2063 1958 prout

290 1979 444 2018 vestre
472 1975 712 2017 serenitati
739 1988 824 2029 per
852 1976 1043 2018 eosdem
1070 1976 1335 2028 expositum
1362 1977 1513 2018 extitit
1539 1975 1644 2018 viva
1669 1988 1796 2029 voce,
1824 1978 1944 2029 sunt,
1971 1987 2061 2028 que

292 2049 524 2088 secuntur.

408 2117 626 2170 Primum,
659 2117 697 2159 si
727 2118 888 2159 civitas
921 2118 1005 2158 hec
1037 2117 1414 2160 Constanciensis
1447 2118 1505 2160 sit
1536 2129 1700 2160 secura
1732 2116 1948 2159 omnibus
1979 2115 2062 2158 ibi-

290 2188 394 2229 dem
425 2188 763 2241 congregandis
793 2192 837 2229 et
867 2189 1158 2241 congregatis
1188 2188 1356 2240 taliter,
1387 2188 1510 2241 quod
1538 2188 1731 2241 negocia
1759 2188 1972 2241 ecclesie,
2002 2186 2060 2229 de

289 2259 458 2312 quibus
490 2259 640 2312 agitur
670 2262 715 2300 et
743 2262 813 2300 est
844 2258 1089 2312 agendum,
1120 2259 1299 2312 possint
1328 2271 1414 2312 per
1445 2259 1634 2301 eosdem
1666 2257 1852 2301 tractari
1882 2261 1928 2300 et
1957 2270 2061 2300 con-

290 2329 412 2371 cludi
444 2333 489 2371 et
521 2329 580 2371 ad
612 2328 940 2371 execucionem
974 2329 1140 2371 deduci
1173 2330 1220 2370 in
1253 2330 1468 2382 plenaria
1501 2328 1716 2371 libertate
1749 2328 1809 2371 ad
1839 2329 2060 2371 unionem

290 2403 447 2442 sancte
477 2400 637 2442 matris
664 2400 860 2442 ecclesie
892 2399 1105 2452 feliciter,
1135 2399 1343 2441 fideliter
1373 2403 1417 2442 et
1446 2399 1930 2453 irreprehensibiliter
1957 2411 2061 2442 con-

291 2471 608 2523 sequendam?

411 2542 523 2583 Item
547 2541 649 2594 quis
672 2542 892 2595 princeps
915 2542 987 2583 vel
1012 2542 1226 2584 dominus
1250 2541 1388 2583 debet
1404 2553 1485 2583 eos
1501 2541 1547 2583 in
1563 2541 1683 2583 dicta
1699 2540 1881 2583 civitate
1895 2544 2058 2583 tenere

290 2624 479 2654 securos
513 2615 558 2653 et
590 2611 710 2654 tueri
746 2613 790 2653 in
824 2613 966 2665 plena
1001 2612 1248 2654 libertate?

412 2683 523 2725 Item
561 2684 598 2725 si
636 2683 726 2725 sint
762 2683 807 2724 in
844 2683 962 2726 dicta
998 2683 1179 2725 civitate
1215 2686 1543 2736 procuratores
1577 2682 1782 2725 omnium
1818 2694 1980 2736 regum
2013 2684 2060 2724 et

288 2753 549 2807 principum
573 2753 901 2796 catholicorum
926 2757 971 2796 et
996 2754 1201 2796 omnium
1225 2753 1601 2796 communitatum
1626 2752 1780 2795 Ytalie
1803 2753 1878 2795 vel
1903 2752 2057 2795 saltim

289 2824 484 2866 duarum
510 2824 715 2877 parcium
742 2825 998 2866 earundem
1023 2837 1124 2866 cum
1149 2827 1376 2878 potestate
1403 2823 1660 2866 sufficienti
1685 2823 1744 2866 ad
1767 2822 2057 2866 tractandum

407 2977 437 3018 ¹)
468 2976 670 3010 Decretum
697 2977 744 3011 de
771 2976 1024 3017 contumacia3
1052 2976 1172 3010 Hardt
1198 2975 1262 3017 IV,
1291 2975 1492 3018 1214—16;
1520 2975 1645 3010 Mansi
1670 2973 1830 3017 XXVII,
1857 2972 1986 3017 1071†.

406 3036 437 3076 ²)
466 3035 553 3068 Luc.
581 3035 634 3077 10,
659 3035 713 3068 42.
