2227 3434
324 109 606 146 Undatierbare
635 109 713 143 und
743 107 946 143 unsichere
977 106 1214 141 Konstanzer
1242 105 1448 149 Predigten
1478 105 1555 140 und
1585 105 1726 139 Reden.
1824 105 1909 147 537

263 226 675 281 Magnificate
720 238 849 277 eum
893 236 1101 267 omnes
1143 223 1363 277 populi
1411 222 1491 276 (ad
1522 222 1650 265 Rom.
1682 223 1779 264 XV.
1812 235 1909 275 cap.

144 301 189 341 et
214 299 259 341 in
283 298 482 352 epistola
507 296 735 340 dominice
760 295 1027 348 currentis).
1065 295 1236 337 Beatus
1260 294 1548 347 Augustinus
1572 294 1712 335 vitam
1739 296 1783 335 et
1808 305 1910 334 con-

143 368 371 412 dicionem
395 368 603 410 mortalis
628 366 828 409 hominis
853 366 900 407 in
925 366 1048 408 valle
1074 364 1261 406 miserie
1288 365 1532 406 existentis
1559 363 1822 406 considerat

257 439 403 491 Quam
435 439 588 480 clarus
622 437 668 479 in
703 436 912 479 docendo
945 470 954 479 .
990 470 998 478 .
1034 470 1042 478 .
1075 435 1219 477 fuerit
1251 435 1416 478 beatus
1447 438 1583 488 pater
1615 437 1774 476 noster
1806 435 1910 475 Am-

142 509 341 563 brosiuS,
366 509 612 552 advertere
635 508 819 562 poterit,
845 507 922 560 qui
948 507 1048 549 eius
1074 506 1342 558 doctrinam,
1367 506 1528 558 libros,
1554 505 1673 547 dicta
1698 508 1743 547 et
1767 517 1910 558 opera

140 580 388 634 perlegere
420 583 464 622 et
494 579 778 632 perscrutari
808 577 1022 629 voluerit,
1054 589 1143 630 que
1174 580 1329 619 tamen
1359 577 1518 618 nullus
1551 575 1727 619 sufficit
1757 575 1911 627 expri-

141 663 284 704 mere,
312 663 413 692 cum
441 650 577 703 plura
608 652 714 692 sunt
740 661 826 702 per
855 660 960 690 eum
989 647 1172 689 condita
1200 659 1293 689 non
1322 650 1523 700 reperta,
1553 659 1691 699 quam
1719 658 1789 699 ea,
1820 657 1909 699 que

140 721 264 775 apud
294 733 376 764 eos
405 720 650 762 habentur.
697 719 802 773 Ipse
834 718 957 761 enim
988 730 1184 771 ympnos
1216 718 1261 759 in
1293 717 1454 760 officio
1483 717 1703 769 Romano,
1735 720 1909 768 cantus,

140 791 414 845 psalterium
444 794 490 833 et
519 789 838 844 prefacionem
870 792 915 831 et
946 788 1156 831 officium
1188 789 1234 830 in
1267 788 1464 830 ecclesia
1498 787 1836 830 Mediolanensi
1866 789 1910 829 et

139 862 313 905 diocesi
345 861 589 914 ordinavit,
622 860 817 903 omelias
849 872 987 913 quam
1017 860 1195 912 plureS,
1229 871 1471 901 sermones
1503 858 1605 900 fere
1639 859 1909 900 innumeros

139 933 409 986 composuit,
448 931 671 985 epistolas
712 930 924 973 diversas
963 933 1007 972 et
1048 930 1217 972 multas
1257 929 1315 971 ad
1354 929 1607 972 nonnullos
1647 928 1909 979 destinavit,

139 1016 281 1058 super
308 1003 370 1046 IV
395 1002 641 1056 evangelia
662 987 978 1056 pulcherrime
1006 1001 1192 1054 scri-psit
1215 1003 1260 1042 et
1282 1000 1531 1053 presertim
1558 1012 1700 1052 super
1726 999 1909 1060 Lucam,

140 1086 282 1127 super
304 1073 484 1128 psalmo
510 1065 732 1115 Davidico
754 1073 971 1114 volumen
995 1084 1138 1113 unum
1163 1083 1393 1125 magnum,
1418 1071 1580 1113 utilem
1603 1074 1649 1113 et
1672 1070 1908 1124 egregium

138 1144 284 1188 edidit
336 1177 345 1186 .
381 1177 390 1186 .
425 1177 434 1187 .
498 1144 632 1187 Ultra
683 1143 769 1186 hec
821 1142 975 1185 omnia
1026 1142 1249 1196 predicta,
1304 1154 1392 1195 que
1447 1141 1647 1195 reperiri
1701 1144 1909 1194 possunt,

139 1215 366 1257 librorum
417 1214 653 1257 volumina
703 1213 956 1267 nonaginta
1009 1213 1101 1256 duo
1150 1216 1196 1255 et
1247 1212 1448 1266 amplius
1497 1212 1646 1256 edidit
1696 1215 1740 1254 et
1792 1224 1910 1254 com-

137 1285 304 1339 posuit,
333 1297 422 1339 que
453 1285 752 1328 innumerare
782 1284 972 1327 obmitto
999 1297 1140 1327 causa
1168 1283 1424 1336 brevitatis,
1453 1284 1561 1326 licet
1588 1283 1690 1337 ipsa
1719 1283 1831 1326 alibi
1862 1283 1909 1324 in

138 1355 380 1410 scripturis
408 1355 675 1410 redegerim
707 1389 716 1398 .
751 1389 760 1399 .
795 1389 805 1398 .

138 1472 503 1528 Anonymus.
1514 1472 1692 1525 Auyust
1722 1472 1790 1515 15.

256 1543 415 1578 Teoet:
454 1543 609 1579 W4300
629 1543 655 1587 ff.
678 1544 765 1585 23&
787 1544 881 1579 4958
900 1543 926 1587 f.
950 1544 1006 1578 61.

255 1601 499 1645 Inhalt:
538 1601 919 1656 Marienprediyt.

258 1672 450 1716 Maria
483 1673 773 1726 optimam
806 1675 1046 1726 partem
1081 1672 1280 1726 elegit
1316 1672 1642 1726 (LuC.Xetin
1663 1671 1908 1725 evangelio

137 1744 372 1797 presentis
405 1743 693 1799 festivitatis)
733 1777 742 1786 .
777 1777 786 1786 .
821 1777 830 1786 .

135 1860 502 1916 Anonymus.
1596 1860 1722 1903 Mc'irz
1749 1861 1790 1904 7.

255 1931 446 1966 Teaetss
490 1932 530 1965 W
556 1931 649 1967 4958
673 1931 699 1975 f.
726 1932 782 1967 97.

255 1990 320 2033 In
337 1991 364 2033 h
382 1991 467 2034 alt
486 2004 499 2032 .·
536 1990 848 2044 Paneqzjricus
874 1990 955 2044 auf
978 1991 1069 2034 den
1095 1991 1154 2034 hl.
1182 1991 1379 2033 Thomas
1405 2003 1494 2034 von
1518 1990 1635 2043 Aqu.

256 2060 490 2104 Mittam
564 2060 743 2105 vobis
816 2060 1222 2115 frumentum,
1297 2060 1501 2104 vinum
1575 2064 1634 2104 et
1706 2061 1907 2103 oleum

139 2131 265 2186 (Joel
297 2131 547 2186 II,19)..
582 2166 592 2175 .

64 2279 67 2282 -
135 2248 525 2302 Anglicanus
579 2261 933 2304 anonymus
1391 2250 1521 2292 Dom.
1565 2250 1612 2292 in
1655 2249 1788 2292 albis.

255 2319 413 2354 Text:
463 2318 511 2353 Ve
537 2318 603 2361 IV,
629 2318 698 2354 XX
723 2319 749 2363 Τ.
774 2320 854 2355 287.

254 2377 289 2420 Ρ
305 2389 330 2420 a
345 2391 375 2419 x
410 2377 588 2422 vobis
626 2378 750 2432 (Joh.
773 2378 858 2420 XX
880 2382 926 2421 et
947 2378 994 2420 in
1017 2378 1276 2432 ewangelio
1299 2378 1527 2422 dominice
1552 2378 1642 2421 iam
1666 2377 1903 2430 instantis)

137 2447 493 2492 Honoratissimi
517 2452 676 2502 patres
699 2452 782 2492 etc.
820 2449 942 2493 Fons
966 2450 1058 2492 vite
1085 2484 1093 2492 .
1129 2483 1138 2491 .
1173 2483 1181 2491 .

135 2563 452 2619 Anonymu
467 2579 501 2609 8.
1246 2566 1343 2609 XX.
1376 2567 1494 2609 dom.
1526 2579 1570 2620 p.
1603 2566 1787 2609 Pentec.

257 2635 414 2670 Teoet:
455 2635 506 2670 Be
531 2636 599 2671 632
622 2635 648 2679 Τ.
674 2636 754 2672 289.

255 2705 611 2749 Posuerunt
681 2718 764 2748 me
836 2706 1155 2750 custodem
1225 2706 1285 2748 in
1357 2706 1591 2759 vineis,
1663 2706 1904 2748 vineam

137 2786 322 2818 meam
362 2788 480 2818 non
522 2776 858 2819 custodivi.
902 2778 1033 2820 Nisi
1078 2778 1257 2830 signa
1298 2780 1356 2820 et
1395 2776 1689 2830 prodigia
1733 2776 1904 2818 vide-

136 2845 310 2899 ritis,
347 2859 463 2888 non
501 2846 785 2890 creditis.
835 2847 992 2890 Verba
1019 2848 1156 2900 primi
1183 2849 1398 2890 thematis
1426 2848 1690 2890 scribuntur
1717 2847 1762 2888 in
1790 2847 1904 2889 Can-

133 2915 233 2958 ticis
253 2915 546 2960 Canticorum
564 2918 769 2970 capitulo
787 2918 950 2971 primo.
983 2917 1183 2960 Secundi
1204 2930 1317 2960 vero
1334 2918 1435 2961 Joh.
1456 2921 1620 2970 quarto
1638 2921 1683 2959 et
1701 2918 1747 2959 in
1766 2929 1905 2959 evan-

135 2987 260 3039 gelio
284 2988 519 3041 presentis
545 2987 786 3031 dominice.
825 2988 949 3031 Sicut
975 2988 1082 3031 dicit
1108 2989 1346 3042 apostolus
1372 2988 1576 3032 secundo
1602 2987 1660 3030 ad
1686 2987 1788 3030 Cor.
1821 2987 1900 3031 III.
