2102 3444
259 175 345 218 250
797 174 821 210 Ι.
847 174 1059 210 Abschnitt.
1097 174 1496 220 Konzilstagebiicher.

263 292 437 335 directe
471 294 653 336 veniret
686 296 843 336 contra
880 293 1027 346 ipsam
1063 293 1336 336 cessionem.
1385 294 1530 337 Porro
1565 296 1602 338 si
1638 295 1826 338 omnino
1861 294 2030 338 dictum

263 376 443 406 sacrum
480 364 722 406 concilium
758 364 957 406 voluerit
991 365 1248 417 procedere
1285 365 1343 407 ad
1379 366 1662 408 sentenciam
1700 378 1842 419 super
1877 366 2031 408 abmo-

262 435 413 477 vendo
452 435 652 477 eundem
693 435 734 477 d.
776 436 1037 477 <Iohannem
1079 448 1104 477 3
1143 439 1330 489 papatu,
1371 436 1627 479 affirmabit
1667 440 1711 479 et
1750 437 2031 490 emologabit

262 507 385 548 omni
407 506 556 558 modo,
578 507 652 549 via
672 510 717 548 et
736 506 900 558 forma,
922 506 1091 559 quibus
1110 506 1277 549 melius
1297 510 1341 548 et
1362 508 1522 550 utilius
1543 507 1662 549 dicto
1683 520 1814 550 sacro
1835 507 2030 561 collegio

260 576 494 619 videbitur
521 576 761 629 expedire.
803 577 946 630 Rogat
973 580 1127 619 tamen
1156 577 1504 620 affectuossime
1533 591 1617 631 per
1646 578 1825 620 viscera
1852 578 2030 620 miseri-

261 648 417 689 cordie
443 648 588 690 Jhesu
617 647 785 690 Christi
813 648 854 690 d.
882 649 1089 701 prelatos
1114 652 1159 690 et
1185 648 1300 690 alios
1327 648 1516 701 quosvis
1542 649 1599 690 de
1627 648 1746 691 dicto
1771 661 1903 691 sacro
1927 660 2031 691 con-

260 717 379 771 cilio,
407 718 530 770 quod
558 718 807 771 dignentur
833 722 880 761 et
905 719 1051 761 velint
1078 719 1399 761 comendatum
1425 719 1601 761 habere
1629 719 1854 761 honorem
1882 732 2030 772 suum,

260 802 509 841 personam
534 802 584 831 ac
608 793 789 842 statum,
813 791 990 832 nullam
1013 793 1169 832 tamen
1192 803 1250 832 ex
1275 791 1360 832 hoc
1383 790 1608 833 lesionem
1634 790 1792 832 unioni
1816 791 2030 843 ecclesie,

261 860 344 901 Dei
376 859 639 913 inferendo,
671 861 1021 903 serenissimam
1051 861 1225 914 regiam
1257 861 1545 904 maiestatem
1574 862 1796 904 invocans
1822 874 1910 915 pro
1937 861 2032 903 suf-

259 932 409 984 fragio
437 934 481 973 et
510 931 685 974 auxilio
713 935 987 985 opportuno,
1017 931 1230 974 offerens
1258 945 1441 985 quoque
1471 946 1521 974 se
1550 935 1813 985 promptum
1843 932 1901 974 ad
1927 944 2031 986 pre-

261 1001 379 1044 dicta
413 1002 682 1056 peragenda
716 1003 1032 1055 personaliter
1067 1003 1123 1045 ad
1161 1003 1564 1045 Constantiensem
1600 1003 1828 1045 civitatem
1863 1003 1938 1045 vel
1972 1003 2031 1046 ad

261 1073 402 1114 alium
433 1074 596 1125 locum,
626 1076 764 1126 prout
792 1073 994 1126 placebit
1024 1073 1142 1116 dicto
1173 1087 1304 1116 sacro
1333 1074 1528 1127 collegio
1557 1077 1695 1127 atque
1726 1074 1818 1116 alia
1846 1085 2030 1128 quoque

259 1147 389 1196 grata
417 1144 536 1186 dicto
563 1157 695 1187 sacro
721 1144 917 1187 concilio
944 1144 1216 1197 adimplere.
1258 1145 1562 1187 Presentibus
1589 1158 1684 1187 rev.
1711 1158 1754 1198 p.
1784 1145 1826 1187 d.
1853 1144 2032 1198 predic-

258 1215 315 1258 tis
349 1218 395 1257 et
426 1215 622 1258 Alberto
655 1215 843 1258 Astensi
877 1215 1110 1269 episcopis
1145 1216 1591 1269 venerabilibusque
1625 1216 1667 1258 d.
1703 1216 1923 1270 magistro
1957 1216 2031 1259 Jo-

259 1286 413 1328 hanne
441 1286 474 1328 F
479 1289 587 1340 yton
615 1286 880 1340 supradicto
906 1290 952 1329 et
977 1286 1197 1340 magistro
1222 1287 1473 1329 Wilhelmo
1501 1287 1677 1340 Clinck‚
1704 1299 1834 1330 sacre
1860 1286 2030 1341 pagine

259 1357 544 1411 professore,
575 1358 808 1411 Raynerio
840 1358 1053 1400 Dedecus
1084 1358 1130 1399 in
1162 1358 1361 1400 decretis
1392 1358 1647 1411 licenciam,
1678 1358 1720 1401 d.
1750 1358 1945 1401 Alberto
1974 1358 2031 1400 de

258 1429 548 1482 Rittenburg‚
586 1429 725 1472 Petro
761 1429 958 1482 Gaytani
998 1429 1044 1471 in
1082 1429 1281 1472 decretis
1317 1429 1553 1472 bacalario
1589 1433 1635 1472 et
1670 1429 1817 1472 Ponto
1852 1429 2030 1472 Gaude.

262 1501 313 1542 In
353 1513 548 1553 quorum
588 1500 902 1543 testimonium
942 1500 1155 1554 prefatus
1197 1500 1238 1543 d.
1279 1500 1518 1542 Johannes
1558 1513 1680 1553 papa
1719 1499 1791 1542 hic
1831 1500 2031 1543 inferius

259 1583 398 1613 manu
429 1570 620 1625 propria
653 1584 702 1614 se
735 1571 1023 1624 subscripsit.
1069 1571 1212 1614 Cuius
1244 1570 1607 1624 subscripcionis
1638 1574 1772 1613 tenor
1803 1571 1910 1614 talis
1939 1574 2029 1614 est:

259 1643 354 1695 Ego
384 1642 623 1686 Johannes
652 1655 773 1696 papa
803 1643 975 1685 XXIII.
1006 1642 1266 1696 prelibatus
1295 1642 1504 1696 predicta
1533 1655 1620 1696 per
1648 1642 1790 1685 alium
1819 1642 1877 1684 de
1907 1654 2032 1685 man-

260 1713 366 1756 dato
389 1726 493 1756 meo
518 1713 689 1767 scripta
714 1714 936 1768 approbo,
963 1713 1190 1756 confirmo
1215 1727 1266 1756 ac
1290 1713 1491 1757 scienter
1515 1716 1562 1756 et
1585 1713 1734 1756 libere
1759 1713 1865 1756 volo
1890 1713 2032 1756 adim-

260 1785 392 1837 plere
448 1798 548 1827 cum
606 1784 782 1828 effectu
838 1789 884 1828 et
939 1785 997 1828 ad
1053 1785 1196 1828 robur
1252 1785 1588 1838 premissorum
1645 1797 1785 1827 manu
1840 1785 2032 1839 propria

261 1857 442 1899 subscri
479 1857 530 1900 si.

375 1868 686 1971 Se1I‘Jenissime
713 1928 973 1982 princeps¹)
1005 1963 1012 1970 .
1049 1962 1056 1969 .
1093 1962 1101 1970 .
1139 1928 1389 1970 Nunciatus
1415 1926 1502 1969 fuit
1528 1927 1638 1969 mihi
1667 1961 1675 1969 .
1711 1960 1719 1968 .
1756 1961 1763 1969 .
1802 1926 2030 1980 Scriptum

261 2011 399 2041 manu
422 1999 613 2052 propria
637 1999 834 2041 XXIIII.
860 1999 933 2041 die
958 2000 1136 2052 Aprilis
1162 2033 1169 2040 .
1206 2037 1212 2042 .
1250 2033 1258 2041 .
1284 1998 1610 2041 Ferdinandus
1633 2011 1731 2041 rex.

378 2081 464 2123 Die
493 2081 673 2124 sabbati
701 2081 797 2123 XV.
827 2082 1003 2124 mensis
1035 2081 1140 2124 Maii
1171 2116 1178 2123 .
1215 2115 1223 2123 .
1260 2116 1267 2123 .
1297 2081 1538 2135 copioso.²)
1582 2081 1790 2124 Tenores
1816 2093 1929 2123 vero
1953 2093 2032 2134 pe-

260 2153 477 2195 ticionum
514 2153 814 2195 articulorum
850 2152 1225 2195 commissionum
1261 2156 1305 2195 et
1341 2152 1494 2194 littere
1530 2152 1733 2205 missive,
1769 2151 1826 2194 de
1863 2151 2031 2206 quibus

262 2236 403 2277 supra
436 2224 491 2266 fit
523 2224 702 2266 mencio
736 2227 993 2276 sequuntur
1027 2227 1071 2266 et
1106 2226 1212 2265 sunt
1244 2224 1380 2266 tales:

379 2295 544 2337 Coram
567 2295 698 2337 vobis
722 2329 729 2336 .
767 2329 774 2336 .
811 2329 818 2336 .
842 2295 1232 2349 inexcusabilis.⁷‘)
1270 2295 1490 2337 Articulis
1513 2294 1870 2348 approbacionis
1892 2293 2032 2347 scrip-

260 2369 468 2408 turarum
520 2365 975 2419 prothonotariorum
1029 2379 1114 2418 per
1172 2365 1262 2407 IIII
1304 2365 1526 2408 naciones
1567 2365 1890 2418 deputatorum
1934 2402 1941 2409 .
1978 2398 1987 2406 .
2022 2398 2030 2406 .

262 2436 523 2492 diffinitaf)

376 2507 665 2551 Charissimo
696 2508 742 2549 in
776 2506 958 2550 Christo
987 2507 1090 2549 filio
1123 2541 1130 2548 .
1167 2541 1174 2548 .
1211 2542 1219 2549 .
1263 2507 1391 2549 Licet
1421 2506 1694 2549 charissime
1724 2506 1795 2549 fili
1829 2541 1837 2549 .
1873 2541 1881 2549 .
1917 2540 1926 2549 .
1958 2507 2032 2550 Jo-

262 2579 442 2622 hannes
474 2591 595 2632 papa
628 2578 800 2621 XXIII.
834 2590 974 2620 manu
1007 2577 1253 2631 proprias‘)

379 2733 411 2775 1)
445 2731 737 2776 Αυῆονιίθνιιηῃ
770 2731 895 2775 Κὸηῖ9
928 2731 1168 2766 Ferdinands
1202 2742 1272 2766 rou
1307 2730 1528 2773 Αναῃοηίεη
1561 2742 1609 2765 (ιη
1642 2729 1768 2773 Kortia
1801 2729 2032 2773 Siqismumt,

263 2793 354 2825 troi:
380 2790 552 2825 Johanns
580 2791 713 2825 Flueh!
739 2790 874 2825 4ινρὶἰθν·
899 2801 943 2825 :m¹
970 2790 1138 2831 stc-{rhem
1168 2790 1293 2824 Mansa*
1320 2788 1499 2831 XXVIII,
1524 2789 1609 2833 38r.

380 2850 412 2891 ²)
449 2849 598 2884 Bericlzl
633 2849 727 2884 iiber
759 2849 822 2884 die
854 2848 917 2883 XI.
951 2848 1096 2890 Sessz'o,·
1130 2847 1300 2883 wbrllich
1336 2848 1409 2882 πίε
1442 2847 1562 2883 Hardl
1595 2847 1660 2889 IV,
1691 2847 1871 2889 235-37‚·
1907 2845 2032 2881 Manst'

264 2906 421 2948 XXVII,
450 2907 622 2942 682-84.

381 2967 413 3006 ⁷³)
449 2966 569 3000 Har-dl
601 2965 667 3007 Il',
697 2965 870 3001 237—48.

381 3024 412 3065 4)
447 3024 567 3058 Hardt
600 3024 664 3064 11',
695 3025 876 3066 254—565
911 3023 1037 3058 Mansi
1068 3022 1227 3060 XXVII,
1259 3022 1366 3066 539?-

382 3082 413 3120 r.)
439 3081 542 3125 Brief
561 3082 733 3116 ‚lolianus
754 3092 800 3116 an
824 3082 1061 3125 siglismnnd;
1084 3082 1202 3116 Hardl
1225 3081 1241 3114 I
1255 3081 1288 3117 l'.
1308 3081 1488 3119 259-62.·
1513 3081 1638 3116 Mansz'
1657 3079 1816 3121 XXVII,
1837 3079 2030 3116 699—701.
