2102 3444
293 181 377 222 714
731 176 794 209 III.
828 173 1036 208 Abschnitt.
1079 172 1232 207 Reform
1264 172 1342 206 und
1374 171 1622 216 Verfassung.

295 300 440 349 potest
473 294 789 346 unusquisque
821 304 905 345 per
935 304 984 333 se
1014 290 1190 343 videre,
1219 289 1309 332 nisi
1340 290 1463 342 quod
1491 291 1682 344 paritas,
1713 304 1802 344 qua
1833 290 1960 335 visus
1988 293 2059 334 est

294 367 503 408 Flu-istus
537 364 784 417 parificare
817 365 996 404 ceteros
1030 361 1278 413 apostolos,
1313 360 1358 402 id
1389 364 1460 403 est
1492 360 1751 414 ecclesiam,
1783 362 1935 415 Petro,
1966 374 2059 404 non

291 441 359 478 cst
389 435 654 488 accipienda
684 433 833 485 quoad
864 436 1011 474 actum
1040 435 1110 473 set
1138 431 1291 484 quoad
1314 431 1639 485 aptitudinem,
1665 444 1759 474 non
1783 432 2060 486 simpliciter

293 511 360 548 sct
401 507 443 547 in
481 519 589 547 casu
628 503 932 554 necessitatis,
970 502 1156 555 quando
1195 502 1371 544 scilicet
1407 496 1754 556 emergentibus
1793 503 1978 546 casibus
2014 506 2060 546 et

293 576 510 629 periculis
541 576 584 616 in
615 574 809 616 ecclesia
837 576 972 626 caput
998 573 1249 626 providere
1277 585 1370 614 non
1397 576 1564 626 potest,
1594 573 1710 615 sicut
1737 585 1859 627 papa
1887 574 1934 615 in
1961 573 2059 616 fide

292 647 539 688 deficiente
573 648 649 687 aut
680 658 736 686 eo
767 643 1115 686 racionabiliter
1147 643 1449 696 illegitimam,
1482 644 1612 685 verbi
1645 643 1838 698 gracica,
1866 644 1908 687 si
1939 656 2060 698 papa

292 718 349 759 sit
383 717 615 758 hereticus
652 719 727 757 aut
765 715 1101 758 scandalizator
1135 714 1349 768 ecclesie,
1384 715 1566 757 notorie
1603 714 1879 758 criminosus
1914 718 1960 757 et
1995 715 2060 758 in-

291 786 567 839 corrigibilis
596 789 644 828 ut
673 786 718 827 in
748 798 782 827 c.
824 785 869 828 Si
899 798 1020 838 papa
1048 785 1093 827 4⁰
1123 785 1182 827 di.
1225 785 1319 827 Hoc
1347 788 1419 827 est
1446 787 1604 838 totum,
1633 785 1757 838 quod
1783 785 1848 828 ibi
1877 785 1987 828 dicit
2012 785 2061 828 in

291 857 478 900 effectu.
513 856 825 899 Probaciones
846 859 998 898 autem
1020 856 1093 898 hic
1114 856 1263 909 posite
1284 855 1415 898 salva
1440 856 1712 899 reverencia
1734 855 1879 910 magis
1901 856 2061 899 obscu-

292 932 394 970 rant
420 941 555 981 quam
583 927 821 971 declarant
846 930 923 969 aut
948 927 1148 980 probant
1174 927 1480 969 asserciones.
1518 926 1598 969 Set
1620 927 1952 970 nichilominus
1975 940 2061 981 pro
2085 940 2100 950 ”

292 999 653 1051 investigacione
687 998 849 1040 maiori
882 997 1064 1040 videtur
1097 1010 1155 1039 ex
1187 997 1291 1050 hiis,
1326 1010 1414 1051 que
1449 997 1730 1051 colliguntur
1761 1011 1820 1040 ex
1851 997 1934 1041 illo
1965 1011 2061 1041 ser-

291 1082 439 1122 mone,
472 1069 594 1122 quod
623 1082 716 1111 non
749 1069 806 1111 sit
837 1081 1056 1122 suprema
1084 1071 1292 1121 potestas
1325 1069 1371 1110 in
1400 1069 1616 1122 ecclesia,
1648 1068 1771 1122 quod
1801 1072 1873 1112 est
1903 1071 2061 1112 contra
2093 1125 2101 1130 .

291 1141 487 1193 primam
510 1140 836 1182 assercionem.
871 1140 984 1181 Nam
1006 1140 1052 1181 in
1074 1152 1290 1182 sermone
1313 1139 1494 1193 dicitur,
1515 1143 1564 1182 ut
1580 1152 1727 1193 supra
1746 1139 1916 1193 notavi,
1937 1139 2060 1193 quod

291 1211 487 1253 ecclesie
522 1223 615 1253 non
651 1214 721 1253 est
756 1211 861 1253 data
896 1213 1102 1264 potestas
1139 1210 1424 1264 simpliciter,
1460 1211 1535 1253 vel
1571 1210 1695 1264 quod
1729 1210 1831 1264 ipsa
1862 1223 1958 1254 non
1991 1213 2090 1259 est,

289 1282 533 1334 parificata
564 1282 702 1324 Petro
730 1281 1015 1335 sim-pliciter,
1040 1285 1116 1324 set
1143 1281 1190 1323 in
1219 1294 1328 1324 casu
1355 1281 1664 1324 necessitatis.
1709 1281 1844 1324 Modo
1871 1273 2060 1336 constat,

291 1352 426 1405 quod,
464 1353 501 1394 si
541 1353 720 1395 duobus
756 1352 1096 1395 committantur
1132 1352 1312 1405 eadem,
1351 1355 1421 1395 set
1456 1353 1537 1394 uni
1576 1352 1860 1406 simpliciter,
1899 1352 1979 1396 alii
2014 1352 2060 1395 in

291 1424 665 1476 supplementum
693 1423 999 1476 necessitatis,
1025 1423 1171 1466 maior
1197 1426 1268 1466 est
1289 1426 1499 1476 potestas
1522 1424 1662 1467 unius
1689 1436 1825 1477 quam
1853 1424 2060 1477 alterius,

290 1495 328 1535 si
362 1507 457 1535 non
490 1494 641 1547 quoad
675 1507 823 1547 casus,
858 1498 1013 1537 tamen
1048 1495 1201 1547 quoad
1233 1497 1417 1547 tempus
1452 1497 1498 1536 et
1530 1494 1734 1547 modum,
1769 1507 1857 1548 pro
1891 1496 2061 1549 quanto

290 1577 381 1607 una
411 1570 482 1608 est
512 1565 783 1618 simpliciter
809 1566 934 1619 data,
965 1566 1057 1608 alia
1087 1578 1188 1607 cum
1219 1565 1514 1619 limitacione,
1545 1565 1668 1626 quod
1697 1568 1852 1608 tamen
1883 1566 1930 1607 in
1958 1577 2060 1619 pro-

290 1635 440 1688 posito
466 1648 559 1677 non
589 1640 784 1689 apparet
812 1650 869 1679 ex
898 1636 1070 1691 verbis,
1099 1636 1267 1690 quibus
1296 1636 1402 1679 data
1431 1639 1503 1679 est
1528 1639 1725 1690 utraque
1752 1639 1973 1690 potestas.

408 1707 588 1749 Deinde
623 1719 782 1760 quero,
816 1707 927 1760 quid
961 1708 1249 1761 intelligatur
1279 1720 1366 1761 per
1399 1707 1481 1750 illa
1513 1707 1676 1749 verba:
1718 1720 1847 1761 *papa
1878 1706 2060 1750 irracio-

290 1778 510 1819 nabiliter
539 1777 840 1831 illegitimato,
868 1791 954 1832 per
982 1791 1070 1831 que
1100 1778 1234 1820 datur
1263 1778 1475 1832 intelligi,
1503 1777 1639 1832 quod,
1663 1779 1707 1821 -si
1735 1791 1858 1832 papa
1883 1790 1977 1821 non
2004 1778 2061 1822 sit

292 1848 637 1891 racionabiliter
675 1849 1006 1902 illegitimatus,
1044 1853 1151 1892 tunc
1189 1850 1387 1892 ecclesia
1423 1862 1517 1891 non
1554 1849 1697 1893 habet
1733 1849 2078 1892 execucionem·

290 1923 335 1962 et
377 1919 439 1961 sic
487 1919 575 1974 [in]
627 1920 949 1973 illegitimante
987 1923 1144 1973 ¹potest
1182 1933 1291 1962 esse
1334 1933 1481 1973 error,
1524 1920 1711 1973 quando
1753 1919 1928 1964 scilicet
1967 1931 2059 1963 non

292 1989 637 2032 racionabiliter
663 1991 936 2044 illegitimat.
973 1991 1125 2042 Quero
1151 2004 1275 2045 ergo,
1302 1991 1406 2045 quis
1431 1994 1503 2034 est
1526 1991 1605 2033 ille
1631 1990 1977 2044 illegitimator‘?
2013 1989 2059 2034 Si

292 2060 481 2113 dicatur,
513 2062 634 2113 quod
665 2062 875 2115 ecclesia,
905 2066 1011 2104 tunc
1042 2075 1163 2116 papa
1195 2062 1516 2115 illegitimatur
1545 2075 1631 2116 per
1660 2062 1921 2115 ecclesiam,
1949 2073 2060 2115 ergo

292 2132 487 2174 ecclesia
519 2145 611 2174 non
640 2133 782 2175 habet
810 2133 1196 2186 iurisdictionem,
1230 2137 1299 2176 set
1330 2133 1476 2175 eciam
1510 2132 1839 2175 execucionem
1868 2132 1931 2175 ad
1962 2132 2060 2175 ille-

291 2203 592 2255 gitimandum
620 2216 787 2257 papam
818 2207 862 2246 et
888 2217 974 2257 per
1001 2217 1294 2258 consequens
1318 2217 1415 2246 *non
1440 2204 1594 2246 solum
1622 2216 1744 2257 papa
1770 2204 2059 2258 illegitimato

291 2274 430 2316 habet
468 2274 794 2317 execucionem
832 2288 994 2316 verum
1033 2276 1178 2318 eciam
1219 2275 1277 2317 ad
1313 2276 1465 2328 ipsum
1503 2274 1904 2328 illegitimandum.
1953 2274 2059 2316 Pre-

291 2348 419 2386 terea
451 2344 488 2386 si
520 2346 716 2387 ecclesia
750 2345 1140 2388 irracionabiliter
1169 2346 1433 2400 illegitimat
1460 2358 1646 2399 papam,
1678 2358 1838 2399 quero,
1869 2344 1972 2398 quis
2003 2343 2063 2386 de

291 2415 375 2456 hoc
406 2415 547 2457 habet
579 2428 871 2469 cognoscere,
904 2420 1058 2459 utrum
1092 2418 1150 2460 sit
1180 2416 1532 2460 racionabiliter
1563 2419 1641 2459 aut
1668 2415 2060 2459 irracionabiliter

292 2485 638 2538 illegitimatus‘?
682 2487 726 2529 Si
759 2491 911 2530 autem
941 2488 1132 2540 dicatur,
1162 2488 1285 2541 quod
1314 2500 1436 2541 papa
1462 2487 1784 2541 illegitimatur
1812 2500 1839 2530 a
1864 2499 1918 2530 se
1946 2485 2059 2540 ipso,

293 2556 399 2608 quia
424 2570 517 2598 non
545 2557 718 2612 daturss)
750 2558 882 2611 alius,
911 2572 936 2601 a
963 2572 1052 2612 quo
1079 2559 1226 2611 possit
1250 2558 1518 2601 humanitus
1544 2558 1844 2612 illegitimari,
1869 2557 1960 2600 nisi
1985 2555 2058 2600 vel

294 2628 351 2668 ab
375 2628 571 2670 ecclesia
594 2630 666 2670 vel
693 2642 717 2671 a
743 2642 791 2671 se
818 2630 935 2682 ipso:
974 2630 1019 2672 Si
1044 2643 1156 2683 ergo
1176 2629 1498 2683 illegitimatur
1518 2642 1546 2672 a
1569 2642 1619 2671 se
1643 2629 1759 2683 ipso,
1780 2631 1888 2671 tunc
1905 2627 2059 2681 ‹sequi-

296 2701 379 2749 tur,
417 2699 522 2751 quia
561 2712 759 2752 semper,
798 2700 984 2753 quando
1019 2713 1140 2754 papa
1177 2704 1248 2742 est
1283 2701 1570 2754 illegitimus,
1604 2702 1679 2742 *est
1714 2698 2059 2742 racionabiliter
2091 2708 2101 2715 ‘

293 2768 622 2822 illegitimatus,
658 2771 766 2822 quia
800 2784 892 2813 non
930 2771 1191 2824 illegitimat
1222 2784 1290 2823 se,
1324 2771 1415 2813 nisi
1449 2783 1536 2824 per
1571 2783 1735 2813 causas
1768 2769 2058 2813 sufficientes

294 2839 350 2880 ad
387 2840 790 2893 illegitimandum3
828 2842 943 2884 alias
977 2855 1070 2884 non
1107 2842 1436 2896 illegitimaret,
1466 2845 1541 2884 set
1575 2853 1762 2895 semper
1793 2843 1920 2884 esset
1951 2837 2058 2893 legi-

293 2909 442 2952 timus.
486 2911 606 2963 Ergo
636 2912 672 2953 si
704 2911 1012 2965 illegitimavit
1042 2926 1106 2965 se,
1140 2914 1239 2966 ipse
1267 2916 1340 2955 est
1370 2912 1687 2965 illegitimatus
1714 2914 1762 2954 et
1790 2924 1877 2965 per
1904 2921 2058 2953 conse-

294 2993 441 3032 quens
479 2982 824 3026 racionabiliter
863 2984 1195 3036 illegitimatus.
1244 2983 1379 3026 Unde
1419 2984 1485 3025 sic
1516 2982 1717 3027 'dicendo
1754 2981 1896 3026 nichil
1935 2978 2058 3025 addit

400 3085 430 3115 a)
455 3084 497 3110 Ils
518 3086 568 3110 ost
589 3066 676 3111 darc„
