2102 3444
271 118 356 163 164
804 117 830 154 Ι.
853 118 1066 155 Abschnitt.
1103 117 1507 165 Konzilstagebiicher.

389 237 474 280 Die
498 237 728 281 dominica
750 237 891 280 XXX.
915 238 1128 281 Januarii
1152 238 1194 281 d.
1223 238 1406 281 Martini
1427 251 1548 293 pape
1574 239 1722 293 quinti
1744 251 1869 282 anno
1887 239 2040 293 primo

271 312 316 351 et
341 308 523 351 concilii
550 312 714 362 quarto
741 312 971 351 venerunt
997 321 1118 351 nova
1143 312 1284 363 certa,
1311 309 1435 363 quod
1460 322 1546 352 rex
1573 314 1617 352 et
1644 311 1807 364 regina
1835 309 2040 353 Castelle

269 379 571 433 prestiterant
601 379 922 422 obedienciam
953 393 1038 433 pro
1070 392 1120 423 se
1151 383 1196 422 et
1227 381 1385 434 regnis
1417 381 1514 424 suis
1545 381 1664 423 dicto
1696 381 1738 423 d.
1769 392 1892 434 pape
1922 379 2042 423 Mar-

269 451 379 493 tino.
432 450 545 492 Item
581 451 638 492 de
673 451 908 504 Aragonia
943 450 1081 504 idem,
1116 454 1162 493 et
1197 451 1321 504 quod
1354 451 1617 494 cardinales
1655 451 1780 493 Petri
1817 451 1875 493 de
1909 450 2041 493 Luna

269 521 401 563 illum
431 521 725 575 dimiserant,
748 533 808 563 ex
836 521 1004 574 quibus
1032 534 1199 575 magna
1227 522 1314 564 fuit
1341 522 1574 564 exultacio
1603 525 1647 564 et
1677 522 1752 564 die
1781 522 1943 565 martis
1970 534 2041 565 se-

269 592 454 645 quentis
480 592 631 646 prima
660 592 906 634 Februarii
934 595 1127 646 propter
1154 593 1239 635 hoc
1266 593 1354 635 fuit
1382 594 1525 636 missa
1553 592 1762 635 solennis
1790 592 2040 646 celebrata,

269 663 318 704 in
345 675 435 716 qua
461 663 548 705 fuit
572 675 696 717 papa
723 666 768 705 et
793 676 880 705 rex
905 663 1218 706 Romanorum
1245 667 1290 706 et
1317 664 1391 706 die
1419 664 1529 706 lune
1558 667 1602 706 et
1628 663 1790 706 martis
1815 663 2040 718 predictis

267 734 449 788 pluries
475 745 699 787 campane
724 734 924 788 pulsate.

389 804 515 846 Inter
544 804 630 846 hec
662 816 775 858 sepe
807 808 957 847 actum
987 808 1058 847 est
1089 805 1147 847 de
1178 805 1521 847 reformacione
1551 817 1695 859 super
1726 804 1932 848 articulis
1963 804 2041 848 de-

268 876 408 918 cretis
429 887 516 929 per
541 875 799 918 concilium.
835 875 928 918 Sed
952 876 1000 917 in
1024 877 1220 918 materia
1242 876 1526 930 provisionis
1550 875 1855 918 ecclesiarum
1878 878 1926 919 et
1946 888 2040 918 mo-

266 946 578 989 nasteriorum
616 958 668 988 ac
704 946 1045 989 beneficiorum
1082 947 1349 990 collacionis
1385 948 1516 990 nulla
1551 946 1700 1001 potuit
1733 947 1900 990 haberi
1934 959 2040 990 con-

266 1016 438 1060 cordia.

384 1088 470 1130 Die
497 1088 616 1131 iovis
641 1088 790 1131 XVII.
820 1088 1066 1131 Februarii
1094 1090 1290 1132 recessit
1317 1089 1374 1131 de
1403 1088 1531 1132 curia
1559 1088 1812 1132 cardinalis
1839 1088 2038 1131 Pisanus

266 1159 447 1213 legatus
475 1159 535 1202 ad
560 1158 858 1212 Aragoniam.

382 1230 470 1273 Die
499 1231 689 1272 veneris
721 1230 936 1283 sequenti
965 1230 1152 1273 intravit
1182 1230 1506 1273 Constanciam
1538 1230 1752 1273 dominus
1783 1229 2038 1284 Gregorius

266 1301 646 1355 archiepiscopus
689 1335 698 1343 .
733 1335 742 1343 .
778 1301 829 1356 3²)
873 1299 1156 1356 Ruthenus¹')
1204 1301 1261 1343 de
1304 1301 1400 1343 fide
1445 1301 1698 1344 Grecorum
1740 1301 1940 1344 veniens
1979 1301 2038 1344 ad

263 1372 607 1426 procurandam
634 1373 855 1414 unionem
883 1371 1140 1415 Grecorum
1167 1376 1213 1415 et
1239 1372 1509 1415 Latinorum
1537 1372 1623 1415 sub
1651 1371 1927 1416 obediencia
1952 1372 2038 1414 Ro-

265 1456 401 1486 mane
434 1442 645 1487 ecclesie.

383 1515 468 1557 Die
500 1515 690 1557 veneris
721 1514 862 1557 XXV.
899 1513 1144 1556 Februarii
1177 1526 1300 1557 anno
1333 1513 1584 1556 millesimo
1617 1513 1929 1557 CCCCXVIII
1959 1513 2038 1556 do-

264 1586 377 1627 mini
403 1585 586 1628 Martini
607 1597 730 1639 pape
753 1586 806 1628 V.
831 1597 954 1628 anno
966 1585 1119 1638 primo
1133 1588 1180 1627 et
1195 1585 1377 1627 concilii
1393 1585 1774 1628 Constanciensis
1789 1584 1899 1627 IIII.
1914 1595 2037 1638 papa

264 1657 411 1700 tenuit
444 1657 770 1699 consistorium
803 1657 1042 1710 generale,
1075 1656 1123 1698 in
1156 1668 1247 1710 quo
1279 1668 1366 1698 rex
1397 1656 1711 1698 Romanorum
1745 1654 1884 1698 affuit
1914 1658 1960 1698 et
1993 1654 2036 1697 d.

265 1727 522 1781 Gregorius
558 1727 936 1781 archiepiscopus
973 1761 982 1770 .
1018 1761 1027 1770 .
1062 1728 1113 1783 .³)
1153 1725 1437 1782 Ruthenusb')
1477 1726 1534 1768 de
1571 1726 1736 1769 ordine
1772 1725 1918 1768 sancti
1953 1725 2038 1768 Ba-

265 1799 372 1853 silii,
396 1799 475 1853 qui
500 1798 666 1841 dicitur
691 1811 796 1840 esse
820 1798 1208 1852 metropolitanus
1231 1798 1377 1841 tocius
1401 1797 1565 1840 Rossie
1589 1810 1732 1851 super
1754 1797 1789 1839 L
1813 1796 2036 1840 ecclesias

218 1912 224 1916 .
264 1869 558 1913 cathedrales
582 1869 639 1911 de
663 1869 761 1912 fide
786 1869 1056 1923 Grecorum,
1079 1869 1206 1912 venit
1228 1869 1287 1911 ad
1308 1869 1630 1911 reverenciam
1653 1867 1968 1911 exhibendam
1992 1867 2035 1909 d.

263 1944 422 1984 nostro
446 1953 568 1995 pape
594 1953 696 1983 cum
722 1953 808 1983 sex
830 1941 1122 1994 presbyteris
1149 1940 1220 1983 sui
1245 1940 1423 1982 ordinis
1448 1943 1495 1982 et
1519 1939 1608 1982 fuit
1633 1942 1846 1983 servatus
1871 1937 2036 1981 modus

261 2011 383 2055 talis.

380 2082 583 2126 Sedente
623 2082 665 2125 d.
703 2085 864 2124 nostro
902 2094 1024 2135 papa
1064 2082 1111 2123 in
1149 2081 1500 2135 pontificalibus
1539 2094 1590 2123 ac
1626 2079 1945 2123 cardinalibus
1983 2092 2036 2122 ac

263 2154 433 2196 ceteris
471 2166 600 2196 more
643 2152 776 2196 solito
817 2153 1005 2194 intravit
1047 2154 1195 2194 locum
1237 2152 1317 2194 ille
1359 2152 1738 2205 archiepiscopus
1780 2150 2034 2194 associatus

264 2224 614 2278 archiepiscopo
654 2223 921 2266 Gnesnensi
961 2226 1006 2265 et
1046 2223 1265 2276 episcopo
1303 2223 1519 2265 Plocensi
1559 2223 1608 2264 in
1648 2221 1842 2264 Polonia
1879 2224 1925 2264 et
1961 2224 2034 2264 ter

263 2295 400 2338 flexit
433 2307 600 2349 genua,
635 2298 883 2348 antequam
920 2294 1102 2335 veniret
1138 2293 1197 2336 ad
1231 2297 1523 2347 parquetum‚
1561 2296 1606 2335 et
1641 2292 1765 2336 stetit
1800 2305 1903 2335 cum
1937 2291 2034 2335 suis

263 2378 405 2420 supra
434 2365 582 2420 pedes
610 2365 659 2407 in
691 2366 790 2408 loco
820 2365 1147 2408 advocatorum
1178 2364 1225 2405 in
1256 2368 1505 2417 conspectu
1534 2376 1671 2417 pape,
1701 2363 1781 2406 ubi
1813 2363 2034 2417 magister

267 2436 514 2480 Mauricius
539 2437 597 2479 de
624 2436 826 2490 Boemia‚
851 2435 1071 2489 magister
1097 2436 1145 2476 in
1168 2434 1416 2488 theologia,
1441 2434 1552 2477 fecit
1576 2435 1842 2477 oracionem
1866 2445 2034 2488 propo-

261 2520 381 2551 nens
408 2507 721 2550 intencionem
750 2507 792 2549 d.
823 2505 1161 2559 archiepiscopi
1190 2518 1216 2548 a
1245 2505 1324 2547 diu
1353 2505 1502 2547 fuisse
1532 2505 1695 2547 venire
1725 2504 1785 2548 ad
1813 2504 1959 2547 fidem
1987 2507 2033 2546 et

263 2578 583 2621 obedienciam
621 2577 816 2619 ecclesie
853 2577 1073 2619 Romane.
1123 2576 1334 2618 Audiens
1371 2577 1592 2618 unionem
1630 2575 1827 2618 ecclesie
1864 2575 2033 2618 factam

264 2649 461 2703 implere
485 2648 671 2691 volebat
694 2651 739 2690 et
762 2660 1029 2701 procurare,
1055 2647 1178 2700 quod
1201 2650 1294 2689 tota
1317 2646 1399 2689 illa
1423 2646 1551 2700 regio
1576 2647 1639 2689 ita
1660 2645 1851 2688 faceret.
1886 2645 2032 2698 Quam

262 2720 573 2762 intencionem
602 2720 650 2761 in
680 2719 864 2772 scriptis
895 2717 1106 2760 exhibuit
1134 2721 1237 2771 post
1266 2717 1640 2770 proposicionem
1669 2716 1878 2770 magistri
1909 2716 2032 2758 Mau-

262 2790 363 2833 ricii
386 2793 432 2833 et
455 2790 543 2832 fuit
564 2789 752 2844 publice
777 2790 907 2831 lecta.
946 2788 1087 2831 Cuius
1111 2792 1245 2831 tenor
1268 2787 1374 2830 talis
1399 2790 1486 2830 est:

383 2861 572 2914 Magnas
603 2861 784 2914 gracias
818 2873 902 2913 ago
934 2859 1182 2901 immortali
1217 2859 1328 2911 Deo,
1363 2857 1632 2901 beatissime
1664 2860 1812 2912 pater,
1844 2857 1923 2911 qui
1957 2869 2031 2900 me

263 2931 452 2986 dignum
474 2931 635 2974 effecit
656 2931 749 2974 hiis
770 2930 1037 2973 novissimis
1060 2929 1226 2972 diebus
1249 2932 1354 2983 post
1375 2931 1549 2971 tantam
1572 2929 1795 2971 iacturam
1817 2931 1911 2971 tam
1933 2927 2031 2970 diu-

366 3038 396 3069 a)
421 3036 459 3068 B,
485 3036 516 3068 0,
539 3035 568 3061 D
594 3034 709 3062 Liae'cke.
767 3034 800 3068 b)
823 3034 848 3061 B
874 3033 1050 3067 Rucherus,
1070 3041 1131 3060 von
1153 3033 1417 3068 korriyieremler
1437 3033 1555 3060 Hand:
1576 3031 1748 3060 Rutherus.
