<?xml version="1.0" encoding="UTF-8"?>
<!DOCTYPE html PUBLIC "-//W3C//DTD XHTML 1.0 Transitional//EN"
    "http://www.w3.org/TR/xhtml1/DTD/xhtml1-transitional.dtd">
<html xmlns="http://www.w3.org/1999/xhtml" xml:lang="en" lang="en">
 <head>
  <title>
</title>
<meta http-equiv="Content-Type" content="text/html;charset=utf-8" />
  <meta name='ocr-system' content='tesseract 3.04.00' />
  <meta name='ocr-capabilities' content='ocr_page ocr_carea ocr_par ocr_line ocrx_word'/>
</head>
<body>
  <div class='ocr_page' id='page_1' title='image "./actaconciliicons02counuoft_0170.png"; bbox 0 0 2102 3444; ppageno 0'>
   <div class='ocr_carea' id='block_1_1' title="bbox 243 127 1480 174">
    <p class='ocr_par' dir='ltr' id='par_1_1' title="bbox 243 127 1480 174">
     <span class='ocr_line' id='line_1_1' title="bbox 243 127 1480 174; baseline 0.001 -10"><span class='ocrx_word' id='word_1_1' title='bbox 243 129 327 172; x_wconf 85' lang='lat'>156</span> <span class='ocrx_word' id='word_1_2' title='bbox 776 128 802 164; x_wconf 90' lang='lat' dir='ltr'>I.</span> <span class='ocrx_word' id='word_1_3' title='bbox 828 128 1039 165; x_wconf 83' lang='lat' dir='ltr'>Abschnitt.</span> <span class='ocrx_word' id='word_1_4' title='bbox 1077 127 1480 174; x_wconf 77' lang='lat' dir='ltr'>Konzilstagebiicher.</span> 
     </span>
    </p>
   </div>
   <div class='ocr_carea' id='block_1_2' title="bbox 238 246 2016 1577">
    <p class='ocr_par' dir='ltr' id='par_1_2' title="bbox 242 246 2016 513">
     <span class='ocr_line' id='line_1_2' title="bbox 245 246 2016 302; baseline 0.002 -14"><span class='ocrx_word' id='word_1_5' title='bbox 245 246 432 289; x_wconf 80' lang='lat' dir='ltr'>dentem</span> <span class='ocrx_word' id='word_1_6' title='bbox 455 247 552 289; x_wconf 92' lang='lat' dir='ltr'>bini</span> <span class='ocrx_word' id='word_1_7' title='bbox 577 250 624 290; x_wconf 90' lang='lat' dir='ltr'>et</span> <span class='ocrx_word' id='word_1_8' title='bbox 647 247 745 289; x_wconf 91' lang='lat' dir='ltr'>bini</span> <span class='ocrx_word' id='word_1_9' title='bbox 767 250 815 290; x_wconf 89' lang='lat' dir='ltr'>et</span> <span class='ocrx_word' id='word_1_10' title='bbox 836 247 1086 301; x_wconf 77' lang='lat' dir='ltr'>presidens</span> <span class='ocrx_word' id='word_1_11' title='bbox 1111 247 1232 290; x_wconf 89' lang='lat' dir='ltr'>dicat</span> <span class='ocrx_word' id='word_1_12' title='bbox 1254 247 1333 290; x_wconf 89' lang='lat' dir='ltr'>ita:</span> <span class='ocrx_word' id='word_1_13' title='bbox 1378 248 1482 301; x_wconf 89' lang='lat' dir='ltr'>Ista,</span> <span class='ocrx_word' id='word_1_14' title='bbox 1508 261 1598 302; x_wconf 89' lang='lat' dir='ltr'>que</span> <span class='ocrx_word' id='word_1_15' title='bbox 1625 248 1834 301; x_wconf 88' lang='lat' dir='ltr'>audistis,</span> <span class='ocrx_word' id='word_1_16' title='bbox 1859 249 2016 291; x_wconf 69' lang='lat' dir='ltr'>omnia</span> 
     </span>
     <span class='ocr_line' id='line_1_3' title="bbox 242 317 2016 371; baseline 0.002 -12"><span class='ocrx_word' id='word_1_17' title='bbox 242 321 287 360; x_wconf 88' lang='lat' dir='ltr'>et</span> <span class='ocrx_word' id='word_1_18' title='bbox 308 318 490 371; x_wconf 86' lang='lat' dir='ltr'>singula</span> <span class='ocrx_word' id='word_1_19' title='bbox 512 318 676 361; x_wconf 89' lang='lat' dir='ltr'>iuratis</span> <span class='ocrx_word' id='word_1_20' title='bbox 698 317 798 361; x_wconf 90' lang='lat' dir='ltr'>sine</span> <span class='ocrx_word' id='word_1_21' title='bbox 822 318 989 360; x_wconf 80' lang='lat' dir='ltr'>fraude</span> <span class='ocrx_word' id='word_1_22' title='bbox 1005 321 1051 360; x_wconf 88' lang='lat' dir='ltr'>et</span> <span class='ocrx_word' id='word_1_23' title='bbox 1065 318 1172 360; x_wconf 92' lang='lat' dir='ltr'>dolo</span> <span class='ocrx_word' id='word_1_24' title='bbox 1189 318 1522 361; x_wconf 90' lang='lat' dir='ltr'>inviolabiliter</span> <span class='ocrx_word' id='word_1_25' title='bbox 1537 319 1694 362; x_wconf 84' lang='lat' dir='ltr'>facere</span> <span class='ocrx_word' id='word_1_26' title='bbox 1711 319 1952 362; x_wconf 87' lang='lat' dir='ltr'>observari</span> <span class='ocrx_word' id='word_1_27' title='bbox 1968 323 2016 362; x_wconf 87' lang='lat' dir='ltr'>et</span> 
     </span>
     <span class='ocr_line' id='line_1_4' title="bbox 242 389 2013 443; baseline 0.001 -13"><span class='ocrx_word' id='word_1_28' title='bbox 242 389 470 431; x_wconf 84' lang='lat' dir='ltr'>electores</span> <span class='ocrx_word' id='word_1_29' title='bbox 490 389 613 431; x_wconf 89' lang='lat' dir='ltr'>ultra</span> <span class='ocrx_word' id='word_1_30' title='bbox 633 390 864 442; x_wconf 86' lang='lat' dir='ltr'>premissa</span> <span class='ocrx_word' id='word_1_31' title='bbox 883 390 1153 432; x_wconf 90' lang='lat' dir='ltr'>nullatenus</span> <span class='ocrx_word' id='word_1_32' title='bbox 1173 393 1382 432; x_wconf 81' lang='lat' dir='ltr'>coartare</span> <span class='ocrx_word' id='word_1_33' title='bbox 1402 402 1488 432; x_wconf 92' lang='lat' dir='ltr'>nec</span> <span class='ocrx_word' id='word_1_34' title='bbox 1509 390 1705 432; x_wconf 88' lang='lat' dir='ltr'>coartari</span> <span class='ocrx_word' id='word_1_35' title='bbox 1726 391 2013 443; x_wconf 76' lang='lat' dir='ltr'>permittere.</span> 
     </span>
     <span class='ocr_line' id='line_1_5' title="bbox 243 459 1954 513; baseline 0.001 -12"><span class='ocrx_word' id='word_1_36' title='bbox 243 459 299 502; x_wconf 92' lang='lat' dir='ltr'>Et</span> <span class='ocrx_word' id='word_1_37' title='bbox 328 459 613 512; x_wconf 86' lang='lat' dir='ltr'>respondeat</span> <span class='ocrx_word' id='word_1_38' title='bbox 643 459 842 512; x_wconf 91' lang='lat' dir='ltr'>quilibet</span> <span class='ocrx_word' id='word_1_39' title='bbox 871 460 1002 503; x_wconf 87' lang='lat' dir='ltr'>tactis</span> <span class='ocrx_word' id='word_1_40' title='bbox 1033 460 1290 513; x_wconf 85' lang='lat' dir='ltr'>evangeliis</span> <span class='ocrx_word' id='word_1_41' title='bbox 1323 461 1397 502; x_wconf 90' lang='lat' dir='ltr'>vel</span> <span class='ocrx_word' id='word_1_42' title='bbox 1431 474 1514 504; x_wconf 89' lang='lat' dir='ltr'>suo</span> <span class='ocrx_word' id='word_1_43' title='bbox 1547 474 1692 503; x_wconf 92' lang='lat' dir='ltr'>more:</span> <span class='ocrx_word' id='word_1_44' title='bbox 1742 460 1807 503; x_wconf 88' lang='lat' dir='ltr'>Ita</span> <span class='ocrx_word' id='word_1_45' title='bbox 1838 461 1954 503; x_wconf 90' lang='lat' dir='ltr'>iuro.</span> 
     </span>
    </p>

    <p class='ocr_par' dir='ltr' id='par_1_3' title="bbox 240 530 2016 728">
     <span class='ocr_line' id='line_1_6' title="bbox 365 530 2014 585; baseline 0.001 -12"><span class='ocrx_word' id='word_1_46' title='bbox 365 530 479 573; x_wconf 91' lang='lat' dir='ltr'>Item</span> <span class='ocrx_word' id='word_1_47' title='bbox 499 530 682 573; x_wconf 91' lang='lat' dir='ltr'>videtur</span> <span class='ocrx_word' id='word_1_48' title='bbox 703 530 944 584; x_wconf 85' lang='lat' dir='ltr'>expedire,</span> <span class='ocrx_word' id='word_1_49' title='bbox 967 531 1091 584; x_wconf 91' lang='lat' dir='ltr'>quod</span> <span class='ocrx_word' id='word_1_50' title='bbox 1113 531 1159 573; x_wconf 94' lang='lat' dir='ltr'>in</span> <span class='ocrx_word' id='word_1_51' title='bbox 1182 530 1256 573; x_wconf 89' lang='lat' dir='ltr'>die</span> <span class='ocrx_word' id='word_1_52' title='bbox 1281 531 1505 575; x_wconf 88' lang='lat' dir='ltr'>sessionis</span> <span class='ocrx_word' id='word_1_53' title='bbox 1527 532 1662 574; x_wconf 88' lang='lat' dir='ltr'>electi</span> <span class='ocrx_word' id='word_1_54' title='bbox 1686 544 1771 585; x_wconf 91' lang='lat' dir='ltr'>per</span> <span class='ocrx_word' id='word_1_55' title='bbox 1791 532 2014 575; x_wconf 84' lang='lat' dir='ltr'>naciones</span> 
     </span>
     <span class='ocr_line' id='line_1_7' title="bbox 243 601 2016 656; baseline 0.002 -14"><span class='ocrx_word' id='word_1_56' title='bbox 243 601 527 654; x_wconf 87' lang='lat' dir='ltr'>adiungendi</span> <span class='ocrx_word' id='word_1_57' title='bbox 555 601 613 644; x_wconf 91' lang='lat' dir='ltr'>ad</span> <span class='ocrx_word' id='word_1_58' title='bbox 641 601 910 654; x_wconf 84' lang='lat' dir='ltr'>eligendum</span> <span class='ocrx_word' id='word_1_59' title='bbox 938 601 1305 655; x_wconf 89' lang='lat' dir='ltr'>pronuncientur</span> <span class='ocrx_word' id='word_1_60' title='bbox 1334 605 1378 644; x_wconf 90' lang='lat' dir='ltr'>et</span> <span class='ocrx_word' id='word_1_61' title='bbox 1406 615 1491 656; x_wconf 90' lang='lat' dir='ltr'>per</span> <span class='ocrx_word' id='word_1_62' title='bbox 1518 602 1763 645; x_wconf 90' lang='lat' dir='ltr'>concilium</span> <span class='ocrx_word' id='word_1_63' title='bbox 1791 602 2016 656; x_wconf 83' lang='lat' dir='ltr'>deputen-</span> 
     </span>
     <span class='ocr_line' id='line_1_8' title="bbox 240 672 2010 728; baseline 0.001 -14"><span class='ocrx_word' id='word_1_64' title='bbox 240 675 314 714; x_wconf 86' lang='lat' dir='ltr'>tur</span> <span class='ocrx_word' id='word_1_65' title='bbox 330 672 584 714; x_wconf 91' lang='lat' dir='ltr'>secundum</span> <span class='ocrx_word' id='word_1_66' title='bbox 599 672 798 714; x_wconf 81' lang='lat' dir='ltr'>formam</span> <span class='ocrx_word' id='word_1_67' title='bbox 814 672 1003 715; x_wconf 85' lang='lat' dir='ltr'>decreti.</span> <span class='ocrx_word' id='word_1_68' title='bbox 1043 673 1238 715; x_wconf 82' lang='lat' dir='ltr'>Nomina</span> <span class='ocrx_word' id='word_1_69' title='bbox 1253 672 1479 716; x_wconf 90' lang='lat' dir='ltr'>dictorum</span> <span class='ocrx_word' id='word_1_70' title='bbox 1494 673 1735 715; x_wconf 88' lang='lat' dir='ltr'>custodum</span> <span class='ocrx_word' id='word_1_71' title='bbox 1751 676 1857 715; x_wconf 89' lang='lat' dir='ltr'>sunt</span> <span class='ocrx_word' id='word_1_72' title='bbox 1870 673 2010 728; x_wconf 72' lang='lat' dir='ltr'>hec.⁸)</span> 
     </span>
    </p>

    <p class='ocr_par' dir='ltr' id='par_1_4' title="bbox 238 743 2015 1083">
     <span class='ocr_line' id='line_1_9' title="bbox 359 743 2015 798; baseline 0.001 -14"><span class='ocrx_word' id='word_1_73' title='bbox 359 743 598 786; x_wconf 90' lang='lat' dir='ltr'>Electores</span> <span class='ocrx_word' id='word_1_74' title='bbox 629 755 716 797; x_wconf 89' lang='lat' dir='ltr'>pro</span> <span class='ocrx_word' id='word_1_75' title='bbox 745 744 941 786; x_wconf 88' lang='lat' dir='ltr'>nacione</span> <span class='ocrx_word' id='word_1_76' title='bbox 974 743 1155 786; x_wconf 89' lang='lat' dir='ltr'>Ytalica</span> <span class='ocrx_word' id='word_1_77' title='bbox 1188 778 1196 786; x_wconf 95' lang='lat'>.</span> <span class='ocrx_word' id='word_1_78' title='bbox 1233 777 1241 786; x_wconf 94' lang='lat'>.</span> <span class='ocrx_word' id='word_1_79' title='bbox 1277 781 1284 788; x_wconf 91' lang='lat'>.</span> <span class='ocrx_word' id='word_1_80' title='bbox 1320 744 1675 787; x_wconf 85' lang='lat' dir='ltr'>Bartholomeus</span> <span class='ocrx_word' id='word_1_81' title='bbox 1708 743 2015 798; x_wconf 85' lang='lat' dir='ltr'>archiepisco-</span> 
     </span>
     <span class='ocr_line' id='line_1_10' title="bbox 240 813 2014 868; baseline 0.001 -13"><span class='ocrx_word' id='word_1_82' title='bbox 240 827 327 867; x_wconf 92' lang='lat' dir='ltr'>pus</span> <span class='ocrx_word' id='word_1_83' title='bbox 353 813 733 867; x_wconf 81' lang='lat' dir='ltr'>Mediolanensis,</span> <span class='ocrx_word' id='word_1_84' title='bbox 761 813 1035 858; x_wconf 86' lang='lat' dir='ltr'>Franciscus</span> <span class='ocrx_word' id='word_1_85' title='bbox 1057 814 1308 868; x_wconf 88' lang='lat' dir='ltr'>episcopus</span> <span class='ocrx_word' id='word_1_86' title='bbox 1337 814 1610 867; x_wconf 84' lang='lat' dir='ltr'>Melfiensis‚</span> <span class='ocrx_word' id='word_1_87' title='bbox 1635 813 1866 857; x_wconf 83' lang='lat' dir='ltr'>Henricus</span> <span class='ocrx_word' id='word_1_88' title='bbox 1891 815 2014 868; x_wconf 86' lang='lat' dir='ltr'>epis·</span> 
     </span>
     <span class='ocr_line' id='line_1_11' title="bbox 239 884 2012 939; baseline 0 -12"><span class='ocrx_word' id='word_1_89' title='bbox 239 897 382 938; x_wconf 92' lang='lat' dir='ltr'>copus</span> <span class='ocrx_word' id='word_1_90' title='bbox 407 884 679 938; x_wconf 88' lang='lat' dir='ltr'>Feltrensis,</span> <span class='ocrx_word' id='word_1_91' title='bbox 704 885 906 927; x_wconf 83' lang='lat' dir='ltr'>Jacobus</span> <span class='ocrx_word' id='word_1_92' title='bbox 932 885 989 927; x_wconf 91' lang='lat' dir='ltr'>de</span> <span class='ocrx_word' id='word_1_93' title='bbox 1017 885 1213 939; x_wconf 88' lang='lat' dir='ltr'>Camplo</span> <span class='ocrx_word' id='word_1_94' title='bbox 1235 886 1410 928; x_wconf 91' lang='lat' dir='ltr'>electus</span> <span class='ocrx_word' id='word_1_95' title='bbox 1437 886 1714 939; x_wconf 84' lang='lat' dir='ltr'>Pennensis,</span> <span class='ocrx_word' id='word_1_96' title='bbox 1738 884 2012 928; x_wconf 81' lang='lat' dir='ltr'>Leonardus</span> 
     </span>
     <span class='ocr_line' id='line_1_12' title="bbox 238 955 2012 1010; baseline 0 -12"><span class='ocrx_word' id='word_1_97' title='bbox 238 968 370 998; x_wconf 86' lang='lat' dir='ltr'>sacre</span> <span class='ocrx_word' id='word_1_98' title='bbox 392 955 625 1009; x_wconf 83' lang='lat' dir='ltr'>theologie</span> <span class='ocrx_word' id='word_1_99' title='bbox 648 956 884 1010; x_wconf 87' lang='lat' dir='ltr'>magister,</span> <span class='ocrx_word' id='word_1_100' title='bbox 904 956 1142 1010; x_wconf 73' lang='lat' dir='ltr'>generalis</span> <span class='ocrx_word' id='word_1_101' title='bbox 1162 956 1341 999; x_wconf 90' lang='lat' dir='ltr'>ordinis</span> <span class='ocrx_word' id='word_1_102' title='bbox 1362 956 1727 1009; x_wconf 87' lang='lat' dir='ltr'>Predicatorum‚</span> <span class='ocrx_word' id='word_1_103' title='bbox 1750 955 2012 1000; x_wconf 75' lang='lat' dir='ltr'>Pandulfus</span> 
     </span>
     <span class='ocr_line' id='line_1_13' title="bbox 239 1026 1459 1083; baseline 0 -14"><span class='ocrx_word' id='word_1_104' title='bbox 239 1026 297 1069; x_wconf 92' lang='lat' dir='ltr'>de</span> <span class='ocrx_word' id='word_1_105' title='bbox 326 1026 581 1070; x_wconf 89' lang='lat' dir='ltr'>Malatestis</span> <span class='ocrx_word' id='word_1_106' title='bbox 605 1026 960 1070; x_wconf 85' lang='lat' dir='ltr'>archidiaconus</span> <span class='ocrx_word' id='word_1_107' title='bbox 983 1027 1293 1071; x_wconf 88' lang='lat' dir='ltr'>Bononiensis</span> <span class='ocrx_word' id='word_1_108' title='bbox 1320 1061 1329 1070; x_wconf 90' lang='lat'>.</span> <span class='ocrx_word' id='word_1_109' title='bbox 1364 1061 1373 1069; x_wconf 93' lang='lat'>.</span> <span class='ocrx_word' id='word_1_110' title='bbox 1409 1027 1459 1083; x_wconf 85' lang='lat'>.¹)</span> 
     </span>
    </p>

    <p class='ocr_par' dir='ltr' id='par_1_5' title="bbox 238 1097 2013 1293">
     <span class='ocr_line' id='line_1_14' title="bbox 356 1097 2013 1152; baseline 0.001 -13"><span class='ocrx_word' id='word_1_111' title='bbox 356 1097 569 1141; x_wconf 88' lang='lat' dir='ltr'>Prestitis</span> <span class='ocrx_word' id='word_1_112' title='bbox 590 1097 858 1140; x_wconf 91' lang='lat' dir='ltr'>huiusmodi</span> <span class='ocrx_word' id='word_1_113' title='bbox 881 1097 1156 1141; x_wconf 89' lang='lat' dir='ltr'>iuramentis</span> <span class='ocrx_word' id='word_1_114' title='bbox 1179 1098 1299 1141; x_wconf 85' lang='lat' dir='ltr'>lecta</span> <span class='ocrx_word' id='word_1_115' title='bbox 1323 1101 1370 1141; x_wconf 88' lang='lat' dir='ltr'>et</span> <span class='ocrx_word' id='word_1_116' title='bbox 1390 1098 1696 1152; x_wconf 83' lang='lat' dir='ltr'>pronunciata</span> <span class='ocrx_word' id='word_1_117' title='bbox 1720 1098 1913 1141; x_wconf 81' lang='lat' dir='ltr'>fuerunt</span> <span class='ocrx_word' id='word_1_118' title='bbox 1934 1097 2013 1141; x_wconf 82' lang='lat' dir='ltr'>de-</span> 
     </span>
     <span class='ocr_line' id='line_1_15' title="bbox 239 1167 2010 1222; baseline 0.001 -12"><span class='ocrx_word' id='word_1_119' title='bbox 239 1171 365 1211; x_wconf 86' lang='lat' dir='ltr'>creta</span> <span class='ocrx_word' id='word_1_120' title='bbox 389 1167 572 1211; x_wconf 92' lang='lat' dir='ltr'>concilii</span> <span class='ocrx_word' id='word_1_121' title='bbox 595 1167 798 1222; x_wconf 90' lang='lat' dir='ltr'>primum</span> <span class='ocrx_word' id='word_1_122' title='bbox 823 1181 909 1222; x_wconf 91' lang='lat' dir='ltr'>per</span> <span class='ocrx_word' id='word_1_123' title='bbox 935 1168 1059 1222; x_wconf 91' lang='lat' dir='ltr'>quod</span> <span class='ocrx_word' id='word_1_124' title='bbox 1083 1168 1276 1211; x_wconf 79' lang='lat' dir='ltr'>fuerunt</span> <span class='ocrx_word' id='word_1_125' title='bbox 1302 1168 1505 1212; x_wconf 88' lang='lat' dir='ltr'>adiuncti</span> <span class='ocrx_word' id='word_1_126' title='bbox 1532 1168 1849 1212; x_wconf 81' lang='lat' dir='ltr'>cardinalibus</span> <span class='ocrx_word' id='word_1_127' title='bbox 1874 1169 2010 1212; x_wconf 81' lang='lat' dir='ltr'>electi</span> 
     </span>
     <span class='ocr_line' id='line_1_16' title="bbox 238 1239 1266 1293; baseline 0.001 -12"><span class='ocrx_word' id='word_1_128' title='bbox 238 1251 324 1293; x_wconf 89' lang='lat' dir='ltr'>per</span> <span class='ocrx_word' id='word_1_129' title='bbox 350 1239 572 1283; x_wconf 86' lang='lat' dir='ltr'>naciones</span> <span class='ocrx_word' id='word_1_130' title='bbox 596 1239 688 1283; x_wconf 92' lang='lat' dir='ltr'>hiis</span> <span class='ocrx_word' id='word_1_131' title='bbox 714 1239 914 1282; x_wconf 78' lang='lat' dir='ltr'>formam</span> <span class='ocrx_word' id='word_1_132' title='bbox 943 1239 1266 1293; x_wconf 89' lang='lat' dir='ltr'>sequentibus:</span> 
     </span>
    </p>

    <p class='ocr_par' dir='ltr' id='par_1_6' title="bbox 238 1309 2011 1436">
     <span class='ocr_line' id='line_1_17' title="bbox 355 1309 2011 1365; baseline -0.001 -12"><span class='ocrx_word' id='word_1_133' title='bbox 355 1309 658 1354; x_wconf 88' lang='lat' dir='ltr'>Sacrosancta</span> <span class='ocrx_word' id='word_1_134' title='bbox 686 1310 924 1365; x_wconf 87' lang='lat' dir='ltr'>generalis</span> <span class='ocrx_word' id='word_1_135' title='bbox 957 1310 1161 1364; x_wconf 84' lang='lat' dir='ltr'>synodus</span> <span class='ocrx_word' id='word_1_136' title='bbox 1194 1310 1572 1354; x_wconf 89' lang='lat' dir='ltr'>Constanciensis</span> <span class='ocrx_word' id='word_1_137' title='bbox 1603 1310 1882 1364; x_wconf 83' lang='lat' dir='ltr'>exequendo</span> <span class='ocrx_word' id='word_1_138' title='bbox 1913 1344 1923 1354; x_wconf 91' lang='lat'>.</span> <span class='ocrx_word' id='word_1_139' title='bbox 1957 1343 1967 1352; x_wconf 90' lang='lat'>.</span> <span class='ocrx_word' id='word_1_140' title='bbox 2002 1343 2011 1352; x_wconf 97' lang='lat'>.</span> 
     </span>
     <span class='ocr_line' id='line_1_18' title="bbox 238 1381 571 1436; baseline 0 -12"><span class='ocrx_word' id='word_1_141' title='bbox 238 1381 571 1436; x_wconf 84' lang='lat' dir='ltr'>potestatem.²)</span> 
     </span>
    </p>

    <p class='ocr_par' dir='ltr' id='par_1_7' title="bbox 357 1451 2008 1506">
     <span class='ocr_line' id='line_1_19' title="bbox 357 1451 2008 1506; baseline 0 -12"><span class='ocrx_word' id='word_1_142' title='bbox 357 1452 538 1495; x_wconf 91' lang='lat' dir='ltr'>Deinde</span> <span class='ocrx_word' id='word_1_143' title='bbox 561 1452 753 1495; x_wconf 83' lang='lat' dir='ltr'>fuerunt</span> <span class='ocrx_word' id='word_1_144' title='bbox 775 1453 894 1495; x_wconf 88' lang='lat' dir='ltr'>lecta</span> <span class='ocrx_word' id='word_1_145' title='bbox 916 1455 961 1495; x_wconf 88' lang='lat' dir='ltr'>et</span> <span class='ocrx_word' id='word_1_146' title='bbox 981 1451 1287 1506; x_wconf 83' lang='lat' dir='ltr'>pronunciata</span> <span class='ocrx_word' id='word_1_147' title='bbox 1311 1452 1499 1495; x_wconf 89' lang='lat' dir='ltr'>decreta</span> <span class='ocrx_word' id='word_1_148' title='bbox 1521 1453 1628 1506; x_wconf 89' lang='lat' dir='ltr'>alia,</span> <span class='ocrx_word' id='word_1_149' title='bbox 1652 1464 1742 1506; x_wconf 85' lang='lat' dir='ltr'>que</span> <span class='ocrx_word' id='word_1_150' title='bbox 1764 1454 2008 1506; x_wconf 78' lang='lat' dir='ltr'>sequntur:</span> 
     </span>
    </p>

    <p class='ocr_par' dir='ltr' id='par_1_8' title="bbox 356 1522 2014 1577">
     <span class='ocr_line' id='line_1_20' title="bbox 356 1522 2014 1577; baseline -0.001 -11"><span class='ocrx_word' id='word_1_151' title='bbox 356 1523 658 1567; x_wconf 86' lang='lat' dir='ltr'>Sacrosancta</span> <span class='ocrx_word' id='word_1_152' title='bbox 695 1523 934 1577; x_wconf 87' lang='lat' dir='ltr'>generalis</span> <span class='ocrx_word' id='word_1_153' title='bbox 973 1522 1179 1576; x_wconf 83' lang='lat' dir='ltr'>synodus</span> <span class='ocrx_word' id='word_1_154' title='bbox 1219 1523 1598 1566; x_wconf 88' lang='lat' dir='ltr'>Constanciensis</span> <span class='ocrx_word' id='word_1_155' title='bbox 1638 1522 1697 1566; x_wconf 92' lang='lat' dir='ltr'>ad</span> <span class='ocrx_word' id='word_1_156' title='bbox 1735 1525 2014 1577; x_wconf 84' lang='lat' dir='ltr'>perpetuam</span> 
     </span>
    </p>
   </div>
   <div class='ocr_carea' id='block_1_3' title="bbox 239 1593 2013 1791">
    <p class='ocr_par' dir='ltr' id='par_1_9' title="bbox 239 1593 2013 1791">
     <span class='ocr_line' id='line_1_21' title="bbox 239 1593 1784 1649; baseline 0.001 -14"><span class='ocrx_word' id='word_1_157' title='bbox 239 1593 308 1636; x_wconf 91' lang='lat' dir='ltr'>rei</span> <span class='ocrx_word' id='word_1_158' title='bbox 335 1595 621 1637; x_wconf 87' lang='lat' dir='ltr'>memoriam.</span> <span class='ocrx_word' id='word_1_159' title='bbox 662 1593 822 1637; x_wconf 90' lang='lat' dir='ltr'>Omnis</span> <span class='ocrx_word' id='word_1_160' title='bbox 849 1597 948 1637; x_wconf 91' lang='lat' dir='ltr'>etas</span> <span class='ocrx_word' id='word_1_161' title='bbox 978 1628 987 1636; x_wconf 94' lang='lat'>.</span> <span class='ocrx_word' id='word_1_162' title='bbox 1023 1627 1032 1636; x_wconf 93' lang='lat'>.</span> <span class='ocrx_word' id='word_1_163' title='bbox 1067 1628 1076 1636; x_wconf 94' lang='lat'>.</span> <span class='ocrx_word' id='word_1_164' title='bbox 1105 1593 1152 1636; x_wconf 79' lang='grc' dir='ltr'>ἰῐι</span> <span class='ocrx_word' id='word_1_165' title='bbox 1182 1606 1266 1637; x_wconf 92' lang='lat' dir='ltr'>suo</span> <span class='ocrx_word' id='word_1_166' title='bbox 1293 1594 1463 1636; x_wconf 93' lang='lat' dir='ltr'>robore</span> <span class='ocrx_word' id='word_1_167' title='bbox 1491 1593 1784 1649; x_wconf 83' lang='lat' dir='ltr'>duraturis.³)</span> 
     </span>
     <span class='ocr_line' id='line_1_22' title="bbox 356 1663 2013 1719; baseline -0.001 -11"><span class='ocrx_word' id='word_1_168' title='bbox 356 1665 659 1708; x_wconf 86' lang='lat' dir='ltr'>Sacrosancta</span> <span class='ocrx_word' id='word_1_169' title='bbox 698 1700 707 1708; x_wconf 91' lang='lat'>.</span> <span class='ocrx_word' id='word_1_170' title='bbox 743 1702 750 1710; x_wconf 91' lang='lat'>.</span> <span class='ocrx_word' id='word_1_171' title='bbox 787 1699 796 1707; x_wconf 92' lang='lat'>.</span> <span class='ocrx_word' id='word_1_172' title='bbox 835 1668 885 1707; x_wconf 91' lang='lat' dir='ltr'>ut</span> <span class='ocrx_word' id='word_1_173' title='bbox 922 1665 1102 1719; x_wconf 88' lang='lat' dir='ltr'>purius,</span> <span class='ocrx_word' id='word_1_174' title='bbox 1142 1663 1371 1708; x_wconf 86' lang='lat' dir='ltr'>sincerius</span> <span class='ocrx_word' id='word_1_175' title='bbox 1408 1668 1455 1707; x_wconf 92' lang='lat' dir='ltr'>et</span> <span class='ocrx_word' id='word_1_176' title='bbox 1494 1664 1693 1708; x_wconf 89' lang='lat' dir='ltr'>liberius</span> <span class='ocrx_word' id='word_1_177' title='bbox 1732 1698 1741 1707; x_wconf 94' lang='lat'>.</span> <span class='ocrx_word' id='word_1_178' title='bbox 1776 1698 1786 1707; x_wconf 85' lang='lat'>.</span> <span class='ocrx_word' id='word_1_179' title='bbox 1821 1698 1831 1707; x_wconf 97' lang='lat'>.</span> <span class='ocrx_word' id='word_1_180' title='bbox 1870 1663 2013 1707; x_wconf 78' lang='lat' dir='ltr'>fuerit</span> 
     </span>
     <span class='ocr_line' id='line_1_23' title="bbox 240 1735 567 1791; baseline 0 -13"><span class='ocrx_word' id='word_1_181' title='bbox 240 1735 567 1791; x_wconf 57' lang='lat' dir='ltr'>attentatumf)</span> 
     </span>
    </p>
   </div>
   <div class='ocr_carea' id='block_1_4' title="bbox 236 1805 2014 2500">
    <p class='ocr_par' dir='ltr' id='par_1_10' title="bbox 236 1805 2014 2500">
     <span class='ocr_line' id='line_1_24' title="bbox 358 1805 2011 1850; baseline 0 -1"><span class='ocrx_word' id='word_1_182' title='bbox 358 1807 472 1850; x_wconf 92' lang='lat' dir='ltr'>Cum</span> <span class='ocrx_word' id='word_1_183' title='bbox 498 1810 651 1849; x_wconf 87' lang='lat' dir='ltr'>autem</span> <span class='ocrx_word' id='word_1_184' title='bbox 676 1807 724 1849; x_wconf 91' lang='lat' dir='ltr'>in</span> <span class='ocrx_word' id='word_1_185' title='bbox 749 1806 868 1850; x_wconf 89' lang='lat' dir='ltr'>dicta</span> <span class='ocrx_word' id='word_1_186' title='bbox 894 1808 1106 1850; x_wconf 88' lang='lat' dir='ltr'>sessione</span> <span class='ocrx_word' id='word_1_187' title='bbox 1132 1806 1356 1849; x_wconf 88' lang='lat' dir='ltr'>nominati</span> <span class='ocrx_word' id='word_1_188' title='bbox 1383 1806 1586 1849; x_wconf 83' lang='lat' dir='ltr'>fuissent</span> <span class='ocrx_word' id='word_1_189' title='bbox 1609 1819 1771 1849; x_wconf 90' lang='lat' dir='ltr'>omnes</span> <span class='ocrx_word' id='word_1_190' title='bbox 1796 1805 2011 1849; x_wconf 81' lang='lat' dir='ltr'>custodes</span> 
     </span>
     <span class='ocr_line' id='line_1_25' title="bbox 236 1877 2014 1931; baseline -0.001 -11"><span class='ocrx_word' id='word_1_191' title='bbox 236 1878 340 1920; x_wconf 90' lang='lat' dir='ltr'>laici</span> <span class='ocrx_word' id='word_1_192' title='bbox 362 1882 408 1921; x_wconf 90' lang='lat' dir='ltr'>et</span> <span class='ocrx_word' id='word_1_193' title='bbox 427 1878 484 1920; x_wconf 92' lang='lat' dir='ltr'>de</span> <span class='ocrx_word' id='word_1_194' title='bbox 501 1877 768 1920; x_wconf 81' lang='lat' dir='ltr'>custodibus</span> <span class='ocrx_word' id='word_1_195' title='bbox 784 1878 967 1920; x_wconf 90' lang='lat' dir='ltr'>clericis</span> <span class='ocrx_word' id='word_1_196' title='bbox 980 1877 1368 1920; x_wconf 86' lang='lat' dir='ltr'>vicecamerarius</span> <span class='ocrx_word' id='word_1_197' title='bbox 1384 1877 1562 1931; x_wconf 91' lang='lat' dir='ltr'>primus</span> <span class='ocrx_word' id='word_1_198' title='bbox 1576 1878 1912 1930; x_wconf 78' lang='lat' dir='ltr'>nomina-retur,</span> <span class='ocrx_word' id='word_1_199' title='bbox 1928 1889 2014 1919; x_wconf 86' lang='lat' dir='ltr'>rex</span> 
     </span>
     <span class='ocr_line' id='line_1_26' title="bbox 238 1947 2012 1992; baseline -0.001 -1"><span class='ocrx_word' id='word_1_200' title='bbox 238 1949 552 1991; x_wconf 87' lang='lat' dir='ltr'>Romanorum</span> <span class='ocrx_word' id='word_1_201' title='bbox 583 1948 779 1992; x_wconf 90' lang='lat' dir='ltr'>audiens</span> <span class='ocrx_word' id='word_1_202' title='bbox 811 1948 961 1990; x_wconf 85' lang='lat' dir='ltr'>statim</span> <span class='ocrx_word' id='word_1_203' title='bbox 991 1949 1296 1991; x_wconf 91' lang='lat' dir='ltr'>vehementer</span> <span class='ocrx_word' id='word_1_204' title='bbox 1325 1948 1538 1991; x_wconf 88' lang='lat' dir='ltr'>turbatus</span> <span class='ocrx_word' id='word_1_205' title='bbox 1568 1951 1652 1991; x_wconf 90' lang='lat' dir='ltr'>est.</span> <span class='ocrx_word' id='word_1_206' title='bbox 1694 1947 1856 1991; x_wconf 82' lang='lat' dir='ltr'>Adhuc</span> <span class='ocrx_word' id='word_1_207' title='bbox 1886 1948 2012 1990; x_wconf 90' lang='lat' dir='ltr'>enim</span> 
     </span>
     <span class='ocr_line' id='line_1_27' title="bbox 238 2018 2011 2074; baseline 0 -12"><span class='ocrx_word' id='word_1_208' title='bbox 238 2019 584 2074; x_wconf 83' lang='lat' dir='ltr'>indignabatur,</span> <span class='ocrx_word' id='word_1_209' title='bbox 609 2019 718 2073; x_wconf 89' lang='lat' dir='ltr'>quia</span> <span class='ocrx_word' id='word_1_210' title='bbox 741 2020 1007 2073; x_wconf 88' lang='lat' dir='ltr'>patriarcha</span> <span class='ocrx_word' id='word_1_211' title='bbox 1033 2019 1364 2072; x_wconf 84' lang='lat' dir='ltr'>Antiochenus,</span> <span class='ocrx_word' id='word_1_212' title='bbox 1390 2019 1521 2062; x_wconf 90' lang='lat' dir='ltr'>cuius</span> <span class='ocrx_word' id='word_1_213' title='bbox 1546 2018 1755 2063; x_wconf 90' lang='lat' dir='ltr'>concili-is</span> <span class='ocrx_word' id='word_1_214' title='bbox 1779 2018 2011 2072; x_wconf 80' lang='lat' dir='ltr'>utebatur,</span> 
     </span>
     <span class='ocr_line' id='line_1_28' title="bbox 239 2089 2012 2133; baseline -0.001 0"><span class='ocrx_word' id='word_1_215' title='bbox 239 2090 384 2133; x_wconf 81' lang='lat' dir='ltr'>fuerit</span> <span class='ocrx_word' id='word_1_216' title='bbox 417 2094 622 2133; x_wconf 89' lang='lat' dir='ltr'>remotus</span> <span class='ocrx_word' id='word_1_217' title='bbox 657 2093 703 2133; x_wconf 89' lang='lat' dir='ltr'>et</span> <span class='ocrx_word' id='word_1_218' title='bbox 739 2091 819 2133; x_wconf 91' lang='lat' dir='ltr'>ille</span> <span class='ocrx_word' id='word_1_219' title='bbox 854 2089 1244 2133; x_wconf 87' lang='lat' dir='ltr'>vicecamerarius</span> <span class='ocrx_word' id='word_1_220' title='bbox 1281 2089 1531 2132; x_wconf 77' lang='lat' dir='ltr'>institutus.</span> <span class='ocrx_word' id='word_1_221' title='bbox 1581 2090 1636 2132; x_wconf 90' lang='lat' dir='ltr'>Et</span> <span class='ocrx_word' id='word_1_222' title='bbox 1669 2090 1798 2133; x_wconf 89' lang='lat' dir='ltr'>venit</span> <span class='ocrx_word' id='word_1_223' title='bbox 1832 2102 1918 2132; x_wconf 85' lang='lat' dir='ltr'>rex</span> <span class='ocrx_word' id='word_1_224' title='bbox 1950 2089 2012 2132; x_wconf 31' lang='lat' dir='ltr'>vad</span> 
     </span>
     <span class='ocr_line' id='line_1_29' title="bbox 238 2160 2012 2215; baseline 0 -12"><span class='ocrx_word' id='word_1_225' title='bbox 238 2161 558 2215; x_wconf 86' lang='lat' dir='ltr'>presidentem</span> <span class='ocrx_word' id='word_1_226' title='bbox 592 2164 787 2215; x_wconf 90' lang='lat' dir='ltr'>repente</span> <span class='ocrx_word' id='word_1_227' title='bbox 819 2173 1001 2215; x_wconf 90' lang='lat' dir='ltr'>ponens</span> <span class='ocrx_word' id='word_1_228' title='bbox 1036 2173 1224 2203; x_wconf 88' lang='lat' dir='ltr'>manum</span> <span class='ocrx_word' id='word_1_229' title='bbox 1258 2173 1400 2213; x_wconf 87' lang='lat' dir='ltr'>supra</span> <span class='ocrx_word' id='word_1_230' title='bbox 1434 2160 1618 2214; x_wconf 88' lang='lat' dir='ltr'>librum,</span> <span class='ocrx_word' id='word_1_231' title='bbox 1652 2172 1790 2214; x_wconf 91' lang='lat' dir='ltr'>quam</span> <span class='ocrx_word' id='word_1_232' title='bbox 1821 2160 2012 2203; x_wconf 82' lang='lat' dir='ltr'>tenebat</span> 
     </span>
     <span class='ocr_line' id='line_1_30' title="bbox 239 2230 2012 2287; baseline 0 -13"><span class='ocrx_word' id='word_1_233' title='bbox 239 2232 489 2287; x_wconf 87' lang='lat' dir='ltr'>presidens</span> <span class='ocrx_word' id='word_1_234' title='bbox 527 2232 585 2275; x_wconf 91' lang='lat' dir='ltr'>ad</span> <span class='ocrx_word' id='word_1_235' title='bbox 624 2232 896 2285; x_wconf 90' lang='lat' dir='ltr'>recipienda</span> <span class='ocrx_word' id='word_1_236' title='bbox 934 2231 1195 2274; x_wconf 86' lang='lat' dir='ltr'>iuramenta</span> <span class='ocrx_word' id='word_1_237' title='bbox 1232 2230 1472 2274; x_wconf 90' lang='lat' dir='ltr'>custodum</span> <span class='ocrx_word' id='word_1_238' title='bbox 1508 2234 1557 2274; x_wconf 86' lang='lat' dir='ltr'>et</span> <span class='ocrx_word' id='word_1_239' title='bbox 1594 2231 1764 2274; x_wconf 88' lang='lat' dir='ltr'>iuravit</span> <span class='ocrx_word' id='word_1_240' title='bbox 1799 2243 1888 2285; x_wconf 83' lang='lat' dir='ltr'>per</span> <span class='ocrx_word' id='word_1_241' title='bbox 1922 2230 2012 2274; x_wconf 85' lang='lat' dir='ltr'>ista</span> 
     </span>
     <span class='ocr_line' id='line_1_31' title="bbox 241 2301 2013 2356; baseline -0.001 -10"><span class='ocrx_word' id='word_1_242' title='bbox 241 2305 399 2346; x_wconf 88' lang='lat' dir='ltr'>sancta</span> <span class='ocrx_word' id='word_1_243' title='bbox 421 2303 508 2346; x_wconf 90' lang='lat' dir='ltr'>Dei</span> <span class='ocrx_word' id='word_1_244' title='bbox 528 2302 790 2356; x_wconf 84' lang='lat' dir='ltr'>evangelia:</span> <span class='ocrx_word' id='word_1_245' title='bbox 826 2303 924 2356; x_wconf 88' lang='lat' dir='ltr'>Ego</span> <span class='ocrx_word' id='word_1_246' title='bbox 943 2302 1125 2344; x_wconf 88' lang='lat' dir='ltr'>recedo.</span> <span class='ocrx_word' id='word_1_247' title='bbox 1159 2302 1214 2344; x_wconf 90' lang='lat' dir='ltr'>Et</span> <span class='ocrx_word' id='word_1_248' title='bbox 1234 2303 1442 2344; x_wconf 88' lang='lat' dir='ltr'>recessit.</span> <span class='ocrx_word' id='word_1_249' title='bbox 1478 2302 1566 2344; x_wconf 93' lang='lat' dir='ltr'>Illo</span> <span class='ocrx_word' id='word_1_250' title='bbox 1587 2301 1662 2344; x_wconf 93' lang='lat' dir='ltr'>die</span> <span class='ocrx_word' id='word_1_251' title='bbox 1683 2314 1786 2344; x_wconf 89' lang='lat' dir='ltr'>curn</span> <span class='ocrx_word' id='word_1_252' title='bbox 1807 2302 1897 2344; x_wconf 81' lang='lat' dir='ltr'>iam</span> <span class='ocrx_word' id='word_1_253' title='bbox 1918 2314 2013 2344; x_wconf 85' lang='lat' dir='ltr'>nox</span> 
     </span>
     <span class='ocr_line' id='line_1_32' title="bbox 240 2372 2013 2426; baseline -0.001 -9"><span class='ocrx_word' id='word_1_254' title='bbox 240 2378 366 2417; x_wconf 84' lang='lat' dir='ltr'>esset</span> <span class='ocrx_word' id='word_1_255' title='bbox 391 2374 591 2416; x_wconf 90' lang='lat' dir='ltr'>necdum</span> <span class='ocrx_word' id='word_1_256' title='bbox 617 2377 718 2416; x_wconf 91' lang='lat' dir='ltr'>erat</span> <span class='ocrx_word' id='word_1_257' title='bbox 743 2374 951 2416; x_wconf 90' lang='lat' dir='ltr'>clausum</span> <span class='ocrx_word' id='word_1_258' title='bbox 978 2373 1211 2426; x_wconf 85' lang='lat' dir='ltr'>conclave,</span> <span class='ocrx_word' id='word_1_259' title='bbox 1239 2372 1371 2415; x_wconf 89' lang='lat' dir='ltr'>scivit</span> <span class='ocrx_word' id='word_1_260' title='bbox 1398 2386 1497 2425; x_wconf 76' lang='lat' dir='ltr'>rex,</span> <span class='ocrx_word' id='word_1_261' title='bbox 1525 2373 1649 2426; x_wconf 91' lang='lat' dir='ltr'>quod</span> <span class='ocrx_word' id='word_1_262' title='bbox 1676 2373 1740 2415; x_wconf 85' lang='lat' dir='ltr'>ibi</span> <span class='ocrx_word' id='word_1_263' title='bbox 1768 2375 1870 2416; x_wconf 89' lang='lat' dir='ltr'>erat</span> <span class='ocrx_word' id='word_1_264' title='bbox 1895 2373 2013 2415; x_wconf 88' lang='lat' dir='ltr'>vice-</span> 
     </span>
     <span class='ocr_line' id='line_1_33' title="bbox 240 2443 2013 2500; baseline -0.001 -12"><span class='ocrx_word' id='word_1_265' title='bbox 240 2446 526 2489; x_wconf 89' lang='lat' dir='ltr'>camerarius</span> <span class='ocrx_word' id='word_1_266' title='bbox 549 2458 637 2500; x_wconf 92' lang='lat' dir='ltr'>pro</span> <span class='ocrx_word' id='word_1_267' title='bbox 659 2458 742 2489; x_wconf 92' lang='lat' dir='ltr'>suo</span> <span class='ocrx_word' id='word_1_268' title='bbox 765 2444 938 2497; x_wconf 80' lang='lat' dir='ltr'>officio,</span> <span class='ocrx_word' id='word_1_269' title='bbox 962 2447 1008 2486; x_wconf 91' lang='lat' dir='ltr'>et</span> <span class='ocrx_word' id='word_1_270' title='bbox 1029 2444 1242 2486; x_wconf 83' lang='lat' dir='ltr'>turbatus</span> <span class='ocrx_word' id='word_1_271' title='bbox 1265 2443 1403 2486; x_wconf 87' lang='lat' dir='ltr'>valde</span> <span class='ocrx_word' id='word_1_272' title='bbox 1425 2443 1551 2486; x_wconf 88' lang='lat' dir='ltr'>venit</span> <span class='ocrx_word' id='word_1_273' title='bbox 1575 2444 1635 2486; x_wconf 90' lang='lat' dir='ltr'>ad</span> <span class='ocrx_word' id='word_1_274' title='bbox 1655 2444 1886 2487; x_wconf 89' lang='lat' dir='ltr'>electores</span> <span class='ocrx_word' id='word_1_275' title='bbox 1908 2457 2013 2487; x_wconf 90' lang='lat' dir='ltr'>con-</span> 
     </span>
    </p>
   </div>
   <div class='ocr_carea' id='block_1_5' title="bbox 240 2541 471 2546">
    <p class='ocr_par' dir='ltr' id='par_1_11' title="bbox 240 2541 471 2546">
     <span class='ocr_line' id='line_1_34' title="bbox 240 2541 471 2546; baseline 0 0"><span class='ocrx_word' id='word_1_276' title='bbox 240 2541 471 2546; x_wconf 95' lang='lat' dir='ltr'> </span> 
     </span>
    </p>
   </div>
   <div class='ocr_carea' id='block_1_6' title="bbox 243 2573 2014 3088">
    <p class='ocr_par' dir='ltr' id='par_1_12' title="bbox 345 2573 682 2608">
     <span class='ocr_line' id='line_1_35' title="bbox 345 2573 682 2608; baseline -0.006 -6"><span class='ocrx_word' id='word_1_277' title='bbox 345 2574 376 2608; x_wconf 85' lang='lat' dir='ltr'>a)</span> <span class='ocrx_word' id='word_1_278' title='bbox 399 2573 507 2608; x_wconf 80' lang='lat' dir='ltr'>fehlen</span> <span class='ocrx_word' id='word_1_279' title='bbox 529 2576 567 2607; x_wconf 87' lang='lat' dir='ltr'>B,</span> <span class='ocrx_word' id='word_1_280' title='bbox 589 2574 620 2607; x_wconf 78' lang='lat'>0,</span> <span class='ocrx_word' id='word_1_281' title='bbox 645 2574 682 2601; x_wconf 89' lang='lat' dir='ltr'>D.</span> 
     </span>
    </p>

    <p class='ocr_par' dir='ltr' id='par_1_13' title="bbox 244 2631 2013 2738">
     <span class='ocr_line' id='line_1_36' title="bbox 359 2631 2013 2680; baseline -0.003 -9"><span class='ocrx_word' id='word_1_282' title='bbox 359 2636 392 2679; x_wconf 85' lang='lat'>1)</span> <span class='ocrx_word' id='word_1_283' title='bbox 416 2636 465 2671; x_wconf 83' lang='lat' dir='ltr'>Es</span> <span class='ocrx_word' id='word_1_284' title='bbox 483 2635 615 2680; x_wconf 65' lang='lat' dir='ltr'>tolqen</span> <span class='ocrx_word' id='word_1_285' title='bbox 635 2635 700 2671; x_wconf 79' lang='lat' dir='ltr'>die</span> <span class='ocrx_word' id='word_1_286' title='bbox 719 2635 868 2670; x_wconf 84' lang='lat' dir='ltr'>Namen</span> <span class='ocrx_word' id='word_1_287' title='bbox 888 2635 958 2669; x_wconf 81' lang='lat' dir='ltr'>der</span> <span class='ocrx_word' id='word_1_288' title='bbox 978 2635 1150 2668; x_wconf 81' lang='lat' dir='ltr'>anderen</span> <span class='ocrx_word' id='word_1_289' title='bbox 1169 2633 1379 2676; x_wconf 61' lang='lat' dir='ltr'>Notionem·</span> <span class='ocrx_word' id='word_1_290' title='bbox 1401 2633 1473 2677; x_wconf 84' lang='lat' dir='ltr'>v9l.</span> <span class='ocrx_word' id='word_1_291' title='bbox 1495 2633 1615 2668; x_wconf 80' lang='lat' dir='ltr'>Hardt</span> <span class='ocrx_word' id='word_1_292' title='bbox 1636 2632 1703 2676; x_wconf 92' lang='lat' dir='ltr'>IV,</span> <span class='ocrx_word' id='word_1_293' title='bbox 1727 2632 1864 2677; x_wconf 52' lang='lat' dir='ltr'><strong><em>1473ss</em></strong></span> <span class='ocrx_word' id='word_1_294' title='bbox 1887 2631 2013 2668; x_wconf 80' lang='lat' dir='ltr'>Mansi</span> 
     </span>
     <span class='ocr_line' id='line_1_37' title="bbox 244 2693 558 2738; baseline 0.003 -10"><span class='ocrx_word' id='word_1_295' title='bbox 244 2693 402 2737; x_wconf 86' lang='lat' dir='ltr'><strong><em>XXVII,</em></strong></span> <span class='ocrx_word' id='word_1_296' title='bbox 428 2694 518 2730; x_wconf 84' lang='lat'><strong><em>1169</em></strong></span> <span class='ocrx_word' id='word_1_297' title='bbox 532 2693 558 2738; x_wconf 75' lang='grc' dir='ltr'>Τ.</span> 
     </span>
    </p>

    <p class='ocr_par' dir='ltr' id='par_1_14' title="bbox 359 2749 1253 2796">
     <span class='ocr_line' id='line_1_38' title="bbox 359 2749 1253 2796; baseline -0.003 -9"><span class='ocrx_word' id='word_1_298' title='bbox 359 2752 392 2796; x_wconf 84' lang='lat'>²)</span> <span class='ocrx_word' id='word_1_299' title='bbox 422 2753 544 2788; x_wconf 73' lang='lat' dir='ltr'>Hardl</span> <span class='ocrx_word' id='word_1_300' title='bbox 574 2751 640 2795; x_wconf 89' lang='lat' dir='ltr'>IV,</span> <span class='ocrx_word' id='word_1_301' title='bbox 669 2752 779 2795; x_wconf 84' lang='lat'><strong><em>1471,·</em></strong></span> <span class='ocrx_word' id='word_1_302' title='bbox 810 2751 935 2786; x_wconf 78' lang='lat' dir='ltr'>Mansi</span> <span class='ocrx_word' id='word_1_303' title='bbox 964 2749 1123 2792; x_wconf 90' lang='lat' dir='ltr'><strong><em>XXVII,</em></strong></span> <span class='ocrx_word' id='word_1_304' title='bbox 1154 2750 1253 2785; x_wconf 85' lang='lat'>1169.</span> 
     </span>
    </p>

    <p class='ocr_par' dir='ltr' id='par_1_15' title="bbox 243 2805 2012 2910">
     <span class='ocr_line' id='line_1_39' title="bbox 360 2805 2012 2855; baseline -0.002 -10"><span class='ocrx_word' id='word_1_305' title='bbox 360 2811 393 2854; x_wconf 83' lang='lat'>³)</span> <span class='ocrx_word' id='word_1_306' title='bbox 429 2810 565 2845; x_wconf 71' lang='lat' dir='ltr'>Verbo!</span> <span class='ocrx_word' id='word_1_307' title='bbox 589 2811 658 2845; x_wconf 80' lang='lat' dir='ltr'>der</span> <span class='ocrx_word' id='word_1_308' title='bbox 681 2809 866 2855; x_wconf 79' lang='lat' dir='ltr'>Spoliatio</span> <span class='ocrx_word' id='word_1_309' title='bbox 888 2819 937 2844; x_wconf 82' lang='lat' dir='ltr'>an</span> <span class='ocrx_word' id='word_1_310' title='bbox 960 2810 1050 2845; x_wconf 84' lang='lat' dir='ltr'>dem</span> <span class='ocrx_word' id='word_1_311' title='bbox 1073 2808 1366 2844; x_wconf 73' lang='lat' dir='ltr'>neuerwiihlten</span> <span class='ocrx_word' id='word_1_312' title='bbox 1389 2808 1548 2852; x_wconf 73' lang='lat' dir='ltr'>Papste5</span> <span class='ocrx_word' id='word_1_313' title='bbox 1573 2808 1695 2843; x_wconf 85' lang='lat' dir='ltr'>Hardt</span> <span class='ocrx_word' id='word_1_314' title='bbox 1717 2808 1736 2843; x_wconf 95' lang='lat'><em>1</em></span> <span class='ocrx_word' id='word_1_315' title='bbox 1747 2807 1784 2850; x_wconf 89' lang='lat' dir='ltr'>V,</span> <span class='ocrx_word' id='word_1_316' title='bbox 1809 2805 2012 2849; x_wconf 75' lang='lat'><strong><em>1473-763</em></strong></span> 
     </span>
     <span class='ocr_line' id='line_1_40' title="bbox 243 2868 693 2910; baseline 0.002 -7"><span class='ocrx_word' id='word_1_317' title='bbox 243 2869 370 2904; x_wconf 71' lang='lat' dir='ltr'>Man-si</span> <span class='ocrx_word' id='word_1_318' title='bbox 400 2868 559 2910; x_wconf 86' lang='lat' dir='ltr'><strong><em>XXVII,</em></strong></span> <span class='ocrx_word' id='word_1_319' title='bbox 592 2868 693 2904; x_wconf 84' lang='lat'>1170.</span> 
     </span>
    </p>

    <p class='ocr_par' dir='ltr' id='par_1_16' title="bbox 243 2924 2014 3088">
     <span class='ocr_line' id='line_1_41' title="bbox 359 2924 2014 2970; baseline -0.002 -8"><span class='ocrx_word' id='word_1_320' title='bbox 359 2926 392 2970; x_wconf 77' lang='lat'>4)</span> <span class='ocrx_word' id='word_1_321' title='bbox 422 2926 511 2962; x_wconf 85' lang='lat' dir='ltr'>Alle</span> <span class='ocrx_word' id='word_1_322' title='bbox 539 2927 602 2961; x_wconf 81' lang='lat' dir='ltr'>die</span> <span class='ocrx_word' id='word_1_323' title='bbox 630 2926 852 2970; x_wconf 79' lang='lat' dir='ltr'>Papstwahl</span> <span class='ocrx_word' id='word_1_324' title='bbox 881 2925 1151 2970; x_wconf 67' lang='lat' dir='ltr'>betrefffendc’n</span> <span class='ocrx_word' id='word_1_325' title='bbox 1179 2925 1483 2968; x_wconf 69' lang='lat' dir='ltr'>Abmachunyen</span> <span class='ocrx_word' id='word_1_326' title='bbox 1509 2925 1668 2960; x_wconf 83' lang='lat' dir='ltr'>werden</span> <span class='ocrx_word' id='word_1_327' title='bbox 1694 2924 1760 2970; x_wconf 59' lang='lat' dir='ltr'>fiir</span> <span class='ocrx_word' id='word_1_328' title='bbox 1786 2924 1928 2968; x_wconf 75' lang='lat' dir='ltr'>nichtiy</span> <span class='ocrx_word' id='word_1_329' title='bbox 1956 2933 2014 2960; x_wconf 84' lang='lat' dir='ltr'>er·</span> 
     </span>
     <span class='ocr_line' id='line_1_42' title="bbox 244 2981 2012 3030; baseline -0.001 -12"><span class='ocrx_word' id='word_1_330' title='bbox 244 2984 355 3027; x_wconf 68' lang='grc' dir='ltr'><strong><em>Ιιῑᾶνί,</em></strong></span> <span class='ocrx_word' id='word_1_331' title='bbox 381 2985 458 3020; x_wconf 85' lang='lat' dir='ltr'>alle</span> <span class='ocrx_word' id='word_1_332' title='bbox 483 2985 800 3030; x_wconf 68' lang='lat' dir='ltr'>Prozessfilhruny</span> <span class='ocrx_word' id='word_1_333' title='bbox 828 2984 886 3020; x_wconf 71' lang='lat' dir='ltr'>bis</span> <span class='ocrx_word' id='word_1_334' title='bbox 912 2984 1007 3020; x_wconf 81' lang='lat' dir='ltr'>nach</span> <span class='ocrx_word' id='word_1_335' title='bbox 1033 2985 1104 3019; x_wconf 85' lang='lat' dir='ltr'>der</span> <span class='ocrx_word' id='word_1_336' title='bbox 1127 2983 1349 3027; x_wconf 79' lang='lat' dir='ltr'>Papstwahl</span> <span class='ocrx_word' id='word_1_337' title='bbox 1376 2984 1541 3027; x_wconf 73' lang='lat' dir='ltr'>verta9t5</span> <span class='ocrx_word' id='word_1_338' title='bbox 1566 2983 1689 3020; x_wconf 72' lang='lat' dir='ltr'>Hardl</span> <span class='ocrx_word' id='word_1_339' title='bbox 1713 2981 1781 3026; x_wconf 91' lang='lat' dir='ltr'>IV,</span> <span class='ocrx_word' id='word_1_340' title='bbox 1808 2981 2012 3024; x_wconf 75' lang='lat'><strong><em>1475—78,·</em></strong></span> 
     </span>
     <span class='ocr_line' id='line_1_43' title="bbox 243 3041 715 3088; baseline 0.002 -10"><span class='ocrx_word' id='word_1_341' title='bbox 243 3042 370 3078; x_wconf 64' lang='lat' dir='ltr'>Mansa·</span> <span class='ocrx_word' id='word_1_342' title='bbox 396 3041 556 3085; x_wconf 89' lang='lat' dir='ltr'><strong><em>XXVII,</em></strong></span> <span class='ocrx_word' id='word_1_343' title='bbox 584 3042 715 3088; x_wconf 75' lang='grc'><em>11701.</em></span> 
     </span>
    </p>
   </div>
  </div>
 </body>
</html>
