2102 3444
278 173 363 217 246
816 173 839 207 I.
866 173 1076 208 Abschnitt.
1116 173 1514 218 Konzilstagebticher.

279 294 474 344 gratam,
512 291 732 344 sperabat
766 292 953 343 etenim,
989 291 1111 344 quod
1145 304 1250 333 eum
1285 291 1549 335 humaniter
1585 292 1884 335 custodirent.
1931 292 2050 336 Hiis-

279 375 368 415 que
403 362 535 404 dictis
568 363 758 414 bullam,
793 363 1022 415 signetum
1056 362 1299 415 piscatoris
1331 366 1377 405 et
1410 367 1618 417 regestra
1654 363 2049 417 supplicacionum

279 437 323 475 et
350 433 599 485 bullarum,
626 446 715 486 que
745 433 915 474 ibidem
944 437 1090 485 erant,
1119 433 1335 486 quoniam
1365 434 1457 476 alia
1485 434 1530 476 in
1560 434 1788 487 Friburgo
1816 447 2051 477 remanse-

281 507 397 557 rant,
436 504 481 546 in
521 504 724 545 medium
762 507 983 556 precepto
1021 504 1168 556 ipsius
1205 504 1400 547 adducta
1439 505 1618 547 eisdem
1657 505 1924 548 custodibus
1961 508 2051 548 tra·

281 574 409 617 didit.
458 575 529 616 Ad
565 575 650 616 hec
685 574 856 628 prefati
893 574 1108 617 custodes
1144 575 1351 627 predicta
1388 575 1669 628 recipientes
1706 575 2051 629 responderunt

280 645 446 697 eidem,
475 644 597 698 quod
625 645 682 687 de
710 644 983 687 dimittendo
1011 645 1053 687 ei
1083 645 1285 698 aliquem
1313 646 1370 687 de
1400 647 1496 689 suis
1523 646 1837 690 familiaribus
1863 646 2051 690 manda-

280 720 373 757 tum
410 716 590 757 nullum
625 716 862 758 habebant
898 729 923 758 a
959 728 1091 758 sacro
1129 716 1480 759 Constanciensi
1517 717 1724 771 concilio,
1761 730 1914 770 ymmo
1949 730 2052 760 con·

279 786 470 828 trarium
501 786 679 829 eisdem
711 790 981 840 preceptum
1015 787 1182 829 fuerat.
1226 787 1281 830 Et
1311 791 1561 840 propterea
1592 788 1851 830 familiares
1882 789 2052 841 petitos

280 856 368 898 sibi
395 857 652 910 nequibant
679 857 926 900 dimittere.
966 858 1096 909 Quod
1123 858 1164 900 d.
1194 858 1434 901 Johannes
1462 871 1583 911 papa
1611 859 1806 901 audiens
1833 858 1880 900 in
1909 859 2050 902 altum

280 928 541 981 suspiciens
574 928 840 971 lacrimatus
874 932 957 981 est,
992 930 1169 972 dicens:
1205 930 1360 971 Eciam
1395 929 1503 971 dum
1536 929 1742 971 Bononie
1778 929 1970 973 studens
2004 931 2050 972 in

280 999 631 1053 minoribusque
657 1001 931 1043 constitutus
955 1000 1038 1053 fui,
1062 1000 1377 1043 familiaribus
1400 1000 1490 1043 hiis
1514 1000 1726 1053 fruebar;
1755 1001 1852 1054 sed,
1877 1013 1936 1043 ex
1962 1014 2052 1055 quo

280 1071 344 1112 sic
377 1070 530 1123 placet
563 1083 695 1113 sacro
727 1071 935 1124 concilio,
967 1072 1070 1114 eius
1105 1071 1403 1125 disposicioni
1440 1075 1485 1113 et
1518 1071 1805 1113 ordinacioni
1840 1084 1912 1113 me
1947 1071 2052 1114 sub-

280 1142 421 1184 mitto.
473 1141 626 1184 Faoite
666 1142 817 1195 igitur,
856 1145 992 1195 prout
1029 1142 1160 1184 libet!
1211 1143 1308 1194 Que
1342 1142 1515 1195 prefati
1556 1142 1771 1185 custodes
1808 1143 2052 1185 audientes

279 1211 416 1254 corde
449 1212 706 1266 compuncti
736 1212 1014 1266 prefatoque
1047 1214 1088 1255 d.
1121 1213 1323 1255 Johanni
1354 1226 1474 1267 pape
1506 1213 1678 1256 XXIII.
1711 1214 2052 1267 compacientes

279 1297 379 1326 cum
414 1283 614 1337 prefatis
649 1284 690 1326 d.
728 1284 946 1326 Remensi
984 1284 1334 1338 archiepiscopo
1369 1288 1415 1326 et
1449 1284 1642 1326 Aretino
1677 1285 1912 1338 episcopo,
1949 1284 2052 1326 Bin-

280 1356 450 1409 dacio¹)
475 1355 531 1397 de
553 1355 780 1398 Ricasolis
799 1359 845 1398 et
865 1355 1144 1408 quibusdam
1167 1355 1270 1397 aliis
1290 1355 1347 1397 de
1369 1355 1549 1397 familia
1570 1355 1718 1408 ipsius
1740 1368 1860 1409 pape
1880 1355 1927 1397 in
1946 1368 2052 1409 par-

279 1430 369 1468 tem
395 1439 443 1469 se
467 1426 708 1469 trahentes
731 1430 775 1468 et
798 1427 1031 1479 colloquio
1054 1426 1112 1468 ad
1134 1426 1331 1468 invicem
1354 1426 1511 1468 habito
1535 1426 1857 1468 deliberarunt
1878 1426 2051 1480 pietate

280 1499 386 1539 moti
412 1501 457 1539 et
479 1511 564 1550 pro
587 1497 765 1540 honore
790 1497 996 1540 Romane
1020 1497 1216 1539 ecclesie
1242 1497 1494 1540 servitores
1519 1497 1810 1550 supradictos
1832 1510 1919 1551 per
1941 1510 2052 1539 eun-

280 1569 384 1610 dem
407 1569 447 1610 d.
470 1569 731 1611 Johannem
753 1581 922 1622 papam
944 1568 1117 1610 XXIII.
1138 1569 1397 1622 postulatos
1421 1568 1509 1610 sibi
1530 1568 1777 1621 dimittere,
1799 1568 1946 1610 donec
1966 1580 2052 1622 per

280 1652 461 1682 sacrum
483 1640 726 1682 concilium
750 1640 878 1682 aliud
899 1640 1042 1682 fuerit
1064 1639 1341 1681 ordinatum.

398 1711 505 1753 Post
535 1711 621 1752 hec
654 1710 790 1752 revmi
822 1711 863 1752 d.
897 1724 931 1753 s.
964 1711 1014 1753 R.
1046 1724 1085 1753 e.
1118 1710 1383 1753 cardinales
1413 1710 1780 1763 considerantes,
1812 1710 1937 1764 quod
1967 1722 2052 1764 per

281 1782 525 1835 deputatos
564 1782 810 1824 nacionum
851 1783 970 1824 sacri
1011 1782 1191 1824 concilii
1234 1785 1392 1824 contra
1432 1781 1666 1835 prefatum
1708 1781 1750 1824 d.
1790 1781 2051 1824 Johannem

278 1866 446 1906 papam
478 1853 649 1895 XXIII.
681 1853 867 1895 formati
899 1856 1033 1896 erant
1062 1854 1365 1906 quamplures
1397 1852 1591 1906 articuli,
1623 1853 1743 1895 inter
1773 1865 1889 1906 quos
1918 1854 2052 1895 erant

281 1924 423 1977 aliqui
455 1925 592 1967 valde
626 1924 881 1977 vituperosi
916 1928 961 1966 et
994 1924 1256 1967 scandalosi
1289 1924 1459 1965 nedum
1494 1936 1616 1977 pape
1650 1924 1733 1966 sed
1766 1924 1912 1966 eciam
1946 1936 2052 1977 apo-

281 1996 440 2038 stolice
481 1996 581 2038 sedi
620 1995 970 2048 universalique
1009 1996 1222 2048 ecclesie,
1262 1997 1476 2047 maxime,
1517 1994 1555 2037 si
1594 2007 1736 2048 super
1774 1994 1870 2038 illis
1907 1997 2051 2037 testes

280 2066 601 2120 reciperentur
628 2070 672 2108 et
699 2068 1026 2109 attestaciones
1053 2079 1213 2108 eorum
1240 2069 1402 2119 postea
1428 2066 1794 2119 publicarentur,
1820 2079 1921 2108 cum
1947 2078 2052 2119 pre-

280 2138 412 2181 dictis
448 2138 680 2191 deputatis
716 2138 761 2179 in
797 2138 1045 2190 practicam
1081 2150 1130 2179 se
1165 2138 1463 2191 posuerunt⁵²)
1501 2140 1546 2179 et
1580 2139 1778 2179 tractare
1813 2140 2050 2190 ceperunt,

280 2209 401 2262 quod
424 2209 604 2251 articuli
625 2209 820 2262 predicti
842 2221 935 2250 non
957 2209 1228 2262 legerentur
1249 2208 1294 2249 in
1316 2208 1568 2261 publicum,
1588 2221 1674 2250 nec
1695 2207 1753 2250 de
1777 2208 1890 2261 ipsis
1911 2207 2051 2250 fieret

280 2281 327 2322 in
360 2280 599 2322 sentencia
631 2279 822 2321 mencio.
869 2279 1168 2332 Tandemque
1203 2279 1467 2321 conclusum
1502 2282 1572 2322 est
1605 2279 1663 2321 de
1696 2291 1927 2322 consensu
1959 2291 2051 2321 om-

384 2387 413 2413 n.)
438 2385 653 2411 intraverunt.

397 2446 429 2488 1)
462 2446 550 2489 Rea.
584 2445 648 2481 Bd.
684 2444 779 2488 1847'
812 2445 896 2479 1972‘
931 2445 1113 2479 beriade!
1149 2446 1242 2479 iiber
1272 2445 1453 2488 salwude
1488 2441 1971 2487 Momproprio-Provision
2002 2452 2051 2477 an

278 2505 353 2538 den
381 2503 546 2546 „nobilis
574 2503 632 2537 vir
661 2503 865 2537 Bindacius
896 2503 1068 2537 Garnelli
1098 2503 1195 2537 alias
1223 2504 1270 2537 ‹le
1300 2502 1522 2543 Richasolis,
1552 2502 1778 2537 domicellus
1804 2501 2050 2537 Florentinus

277 2562 482 2596 familiaris
512 2562 663 2595 noster“
697 2572 766 2595 uon
802 2562 888 2596 1415
920 2560 996 2594 Mai
1030 2561 1072 2595 12
1102 2570 1170 2594 {tus
1201 2560 1405 2603 Freiburgy:
1440 2560 1704 2603 Attendentes,
1735 2560 1836 2604 quod
1865 2570 1888 2595 a
1918 2558 2050 2594 multis

279 2620 390 2655 annis
417 2647 424 2654 .
453 2647 459 2653 .
488 2647 494 2653 .
523 2620 690 2654 subieris
718 2619 931 2653 innumeris
960 2618 1107 2653 vicibus
1133 2618 1208 2652 tuis
1237 2618 1403 2661 propriis
1432 2619 1614 2661 expensis
1642 2618 1757 2653 etiam
1786 2617 1987 2654 militando
2014 2619 2050 2652 et

279 2681 363 2721 post
393 2679 700 2722 assumpcionem
733 2680 901 2713 nostram
933 2679 979 2713 ad
1012 2678 1159 2720 apicem
1193 2677 1333 2711 summi
1365 2677 1601 2720 apostolatus
1632 2677 1680 2711 ad
1712 2675 1886 2712 diversas
1917 2675 2049 2711 mundi

280 2739 419 2780 partes,
444 2737 715 2771 universitates
741 2739 775 2771 et
801 2736 976 2771 dominos
1001 2746 1070 2779 per
1096 2745 1164 2770 nos
1190 2736 1310 2769 fueris
1335 2735 1548 2769 destinatus
1573 2762 1579 2768 .
1608 2762 1614 2768 .
1643 2761 1650 2768 .
1676 2735 1752 2770 tuis
1775 2737 1815 2769 ut
1839 2734 2047 2778 plurimum

278 2795 496 2838 sumptibus
529 2822 535 2828 .
565 2822 570 2828 .
599 2822 605 2828 .
638 2798 673 2829 et
707 2795 745 2829 in
777 2795 881 2829 curia
914 2795 1083 2830 Romana
1114 2793 1292 2829 continue
1325 2794 1466 2829 deinde
1500 2794 1537 2827 in
1571 2793 1710 2829 nostris
1743 2820 1749 2827 .
1777 2819 1784 2827 .
1813 2821 1820 2828 .
1851 2791 2050 2837 obsequiis

314 2880 319 2886 .
349 2881 354 2886 .
387 2864 543 2888 exerces
576 2854 693 2888 eciam
728 2855 775 2888 (le
806 2853 977 2896 presenti
1008 2853 1046 2886 In
1078 2852 1208 2887 officio
1242 2852 1453 2895 magisterii
1483 2852 1636 2892 stabuli,
1669 2878 1675 2885 .
1704 2878 1710 2884 .
1739 2878 1746 2884 .
1778 2861 1847 2886 nos
1876 2851 2048 2886 volentes

280 2912 355 2946 tuis
383 2912 581 2947 laboribus
610 2938 616 2945 .
645 2939 652 2945 .
681 2939 686 2945 .
716 2911 968 2955 paternaliter
995 2911 1199 2955 providere
1229 2914 1332 2945 motu
1362 2910 1516 2953 proprio
1546 2937 1552 2943 .
1581 2937 1586 2943 .
1616 2937 1622 2943 .
1653 2910 1722 2945 tibi
1749 2919 1818 2954 pro
1845 2911 1883 2944 te
1910 2911 1946 2944 et
1975 2908 2050 2944 tuis

281 2970 489 3004 heredibus
511 2980 699 3004 summam
725 2970 1006 3004 triummillium
1034 2970 1266 3003 florenorum
1291 2969 1375 3003 auri
1398 2971 1446 3003 ‹te
1469 2979 1619 3003 camera
1643 2995 1649 3002 .
1678 2995 1684 3002 .
1713 2996 1719 3003 .
1746 2968 1911 3003 maxime
1933 2977 2050 3011 super

282 3028 429 3063 iuribus
461 3056 467 3061 .
496 3055 501 3061 .
532 3056 537 3061 .
570 3029 785 3063 collectorie
818 3029 1012 3073 provincie
1045 3028 1179 3063 Tuscie
1212 3028 1497 3072 percipiendam
1533 3054 1539 3060 .
1569 3054 1575 3060 .
1604 3054 1610 3061 .
1643 3029 1775 3062 tenore
1806 3026 2047 3071 presencium

279 3086 531 3131 assignamus.
