2227 3434
554 169 591 203 B.
628 169 706 204 Der
728 169 827 204 liber
849 172 1042 214 gestorum
1066 170 1136 204 des
1157 169 1399 205 Cerretanus.
1775 174 1857 217 231

213 286 459 330 Premissis
489 286 674 330 attentis
704 286 888 330 videtur
916 287 1249 330 attendendum
1278 289 1398 331 circa
1426 289 1648 343 predicta,
1677 303 1767 344 que
1797 291 1861 332 di-

96 359 218 399 recte
243 356 497 411 respiciunt
521 357 579 400 ad
603 358 823 400 unionem
847 357 1058 410 ecclesie,
1085 358 1327 412 suspensis
1352 359 1411 401 ad
1433 362 1616 413 tempus
1641 360 1747 404 aliis
1770 374 1861 403 ma—

94 426 239 480 teriis,
267 440 356 482 que
384 427 557 471 habent
585 440 776 481 magnas
805 428 1109 472 difficultates
1137 432 1183 472 et
1211 432 1436 472 maturam
1466 431 1657 484 exigunt
1686 431 1861 474 delibe-

95 497 343 540 racionem.

211 568 260 613 R.
293 569 449 612 Placet
476 569 604 612 iuxta
633 570 983 612 avisamentum.

213 639 328 682 Item
355 639 537 682 videtur
565 640 752 683 omnino
779 640 1120 694 providendum
1149 641 1205 683 de
1235 641 1481 684 securitate
1511 642 1552 684 d.
1580 642 1727 685 nostri
1754 646 1859 686 ante

94 710 352 753 cessionem
376 714 423 754 et
443 714 548 764 post
569 714 616 753 et
637 710 948 765 provisionea)
977 714 1121 766 status
1146 712 1217 755 sui
1241 716 1344 766 post
1367 712 1640 756 cessionem.

210 780 260 824 R.
321 781 479 824 Placet
525 781 670 824 eciam
718 781 844 825 iuxta
892 781 1229 826 avisamentum
1277 784 1396 827 circa
1446 784 1689 827 articulum
1737 785 1861 828 istud

94 848 307 906 datum.'²)

214 922 327 965 Item
356 922 414 965 de
442 923 640 976 guerris,
671 924 794 977 quod
823 927 1019 967 cessent.

209 993 478 1047 Sequuntur
512 1006 582 1047 ea,
618 1007 709 1048 que
746 1006 832 1048 per
868 995 1053 1037 modum
1091 996 1366 1038 avisamenti
1404 996 1621 1039 videntur
1655 1009 1742 1050 per
1777 997 1863 1040 hoc

94 1076 275 1106 sacrum
320 1064 564 1107 concilium
610 1065 892 1118 acceptanda
935 1078 1021 1119 pro
1065 1065 1186 1109 bono
1230 1067 1418 1110 unionis
1463 1067 1520 1110 de
1565 1067 1733 1111 oblatis
1777 1081 1863 1122 per

94 1144 260 1176 revmos
286 1135 328 1178 d.
355 1135 632 1179 cardinales.

211 1206 266 1249 Et
286 1207 438 1260 primo
460 1207 583 1260 quod
605 1207 647 1250 d.
669 1211 828 1250 noster
852 1207 928 1250 det
950 1208 1140 1261 bullam,
1163 1209 1286 1262 quod
1306 1209 1391 1251 hoc
1413 1222 1594 1252 sacrum
1617 1210 1861 1252 concilium

93 1289 184 1320 non
217 1276 513 1331 dissolvetur,
548 1290 696 1332 usque
730 1291 821 1332 quo
852 1278 938 1321 hoc
971 1279 1138 1322 scisma
1169 1279 1373 1322 totaliter
1405 1280 1686 1334 extirpatum
1720 1280 1864 1323 fuerit

93 1350 138 1391 et
162 1347 308 1391 eciam
334 1348 381 1391 in
407 1348 555 1403 capite
581 1352 626 1392 et
652 1350 699 1391 in
725 1350 970 1404 moribuse)
1000 1349 1267 1393 reformata.
1306 1349 1518 1404 Placetfl)

209 1418 423 1462 Secundo
455 1420 579 1473 quod
613 1420 654 1463 d.
689 1423 847 1463 noster
881 1433 1003 1474 papa
1037 1421 1252 1464 similiter
1285 1421 1362 1464 det
1394 1422 1585 1475 bullam,
1621 1422 1744 1476 quod
1776 1422 1861 1465 hoc

93 1502 273 1533 sacrum
296 1490 539 1533 concilium
564 1490 928 1534 Constanciense
950 1491 1007 1534 de
1030 1492 1115 1534 hac
1136 1492 1318 1535 civitate
1343 1493 1617 1535 Constancie
1640 1492 1698 1535 ad
1719 1492 1859 1536 alium

93 1561 242 1604 locum
281 1574 374 1605 non
414 1561 665 1605 mutabitur
707 1563 808 1605 sine
850 1562 1196 1605 deliberacione
1238 1566 1284 1606 et
1323 1576 1555 1606 consensu
1595 1563 1701 1606 dicti
1741 1565 1859 1607 sacri

92 1630 327 1687 conciliifi)

207 1703 371 1746 Tercio
407 1704 531 1757 quod
566 1704 650 1747 fiat
686 1705 1056 1758 procuratorium
1095 1706 1141 1747 in
1177 1704 1328 1747 forma
1365 1705 1522 1748 debita
1557 1709 1603 1748 et
1637 1705 1727 1759 ipsi
1764 1718 1860 1748 car-

93 1773 274 1817 dinales
316 1774 501 1827 facient,
546 1775 668 1828 quod
713 1775 753 1817 d.
796 1779 955 1818 noster
999 1778 1204 1829 acceptet
1247 1775 1445 1818 formam
1489 1789 1572 1829 per
1616 1776 1859 1819 concilium

92 1844 346 1889 advisatam
382 1846 455 1888 vel
491 1845 807 1888 advisandam.

206 1916 378 1969 Quarto
413 1917 537 1970 quod
573 1917 615 1959 d.
651 1919 811 1959 noster
847 1917 1092 1960 constituat
1128 1920 1455 1970 procuratores
1492 1931 1577 1971 per
1614 1918 1857 1960 concilium

90 1987 397 2030 nominandos
425 1990 471 2030 et
498 1987 753 2040 quemlibet
782 1988 828 2030 in
858 1988 1071 2031 solidum.

206 2058 373 2110 Quinto
397 2058 520 2112 quod
544 2058 586 2100 d.
612 2061 770 2101 noster
795 2059 923 2101 dabit
944 2059 1136 2112 bullam,
1161 2059 1284 2112 quod
1309 2059 1435 2102 curia
1461 2060 1666 2102 Romana
1692 2059 1749 2101 de
1774 2060 1858 2102 hac

90 2127 269 2172 civitate
306 2128 581 2172 Constancie
616 2142 708 2172 non
742 2130 993 2172 mutabitur
1029 2130 1128 2172 sine
1165 2130 1513 2172 deliberacione
1548 2133 1593 2172 et
1627 2143 1857 2173 consensu

91 2199 227 2242 huius
253 2199 372 2242 sacri
397 2200 579 2242 concilii
605 2213 690 2242 nec
715 2203 936 2254 cogentur
963 2200 1183 2243 officiarii
1210 2201 1328 2243 dicte
1357 2201 1483 2243 curie
1509 2201 1622 2243 alibi
1648 2201 1858 2244 residere

91 2282 227 2322 quam
251 2270 298 2313 in
322 2271 441 2314 dicta
464 2271 646 2314 civitate
671 2271 960 2324 Constancie,
986 2272 1206 2324 quamdiu
1233 2272 1402 2314 dictum
1429 2285 1609 2314 sacrum
1634 2272 1856 2326 generale

92 2340 333 2384 concilium
365 2341 538 2384 ibidem
571 2341 897 2386 celebrabitur.

207 2411 346 2456 Sexto
383 2412 506 2466 quod
543 2413 584 2455 d.
622 2415 780 2455 noster
818 2412 895 2456 det
932 2413 1108 2455 bullam
1145 2413 1202 2455 de
1241 2413 1372 2456 novis
1411 2413 1728 2456 cardinalibus
1765 2426 1856 2455 non

91 2482 304 2525 creandis
350 2483 464 2526 sicut
509 2495 595 2537 per
641 2483 808 2526 dictum
857 2496 1038 2526 sacrum
1082 2484 1327 2526 concilium
1374 2484 1461 2526 fuit
1506 2484 1767 2527 ordinatum
1814 2486 1859 2525 et

92 2550 358 2595 diffinitum.

207 2622 411 2677 Septimo
454 2625 576 2678 quod
620 2625 660 2667 d.
705 2628 864 2667 noster
907 2625 984 2667 det
1028 2625 1217 2678 bullam,
1261 2625 1385 2678 quod
1427 2625 1594 2678 omnia,
1639 2638 1728 2678 que
1772 2625 1855 2667 hoc

93 2705 270 2736 sacrum
330 2694 572 2737 concilium
633 2695 915 2738 deliberabit
974 2699 1019 2738 et
1079 2695 1358 2738 determinet
1416 2708 1521 2739 esse
1582 2695 1711 2737 utilia
1773 2708 1857 2748 pro

93 2763 212 2807 bono
248 2764 365 2808 dicte
401 2766 602 2819 unionis,
639 2767 680 2808 d.
718 2769 891 2819 noster,
927 2769 1149 2820 quantum
1186 2767 1232 2810 in
1270 2767 1370 2820 ipso
1405 2767 1509 2819 erit,
1544 2779 1645 2808 cum
1681 2765 1853 2808 effectu

91 2833 313 2888 implebit.

194 2990 224 3018 a)
253 2986 288 3019 B,
311 2988 342 3013 C:
363 2986 563 3021 provisione.
619 2987 651 3019 b)
673 2987 720 3015 hie
739 2988 846 3014 hieher
870 2988 967 3014 retr-lez
989 2989 1046 3014 alm·
1071 2989 1140 3015 Tau!
1163 2989 1194 3013 in
1219 2988 1255 3013 11⁷,
1314 2993 1342 3015 cl
1363 2996 1397 3015 ⁸0
1421 2988 1458 3020 Β,
1481 2988 1503 3011 (’
1521 2988 1598 3012 star!
1621 2985 1784 3012 membris.

193 3031 224 3064 d)
245 3040 297 3059 um
319 3033 431 3060 Raude
453 3042 513 3061 von
533 3035 590 3061 ‘lest
616 3035 713 3061 Hand
733 3036 786 3062 dee
808 3035 995 3062 Schreibers
1018 3036 1054 3067 B,
1077 3037 1104 3062 f‘,

187 3086 222 3108 ιω
245 3080 313 3107 Πα8
327 3079 437 3115 placet
450 3082 529 3108 steht
544 3089 597 3108 am
612 3082 724 3108 Raude
739 3082 771 3109 in
785 3082 923 3115 uluis-hen
934 3081 1129 3114 Mammam,
1145 3082 1229 3107 wicht
1245 3082 1362 3114 ,qvi-ada
1378 3081 1425 3107 bei
1434 3081 1538 3115 jectum
1553 3079 1710 3107 eluxelnen
1728 3079 1847 3106 l'unkte
