2102 3444
275 73 359 117 146
808 70 834 106 Ι.
859 69 1071 106 Abschnitt.
1110 67 1512 114 Konzilstagebiicher.

274 191 456 234 duobus
496 203 582 245 pro
623 189 833 244 qualibet
873 189 932 232 ad
970 187 1291 231 terminandas
1334 187 1440 230 illas
1483 187 1753 241 questiones
1796 184 2044 228 sommarie

273 262 445 305 iudicio
467 262 542 304 vel
567 260 828 314 concordia,
852 259 930 313 qui
953 261 1236 302 vocaverunt
1258 261 1430 312 partes.
1466 257 1559 301 Sed
1582 257 1674 299 duo
1697 255 1962 299 cardinales
1986 255 2044 298 de

274 333 508 376 Chalanco
536 335 581 374 et
611 332 669 374 de
701 331 830 373 Fuxo
861 331 968 373 illos
997 329 1409 372 concordaverunt.

392 404 477 445 Die
503 402 733 445 dominica
754 401 920 444 XXVI.
945 400 1233 454 Septembris
1259 412 1381 442 anno
1405 399 1580 441 domini
1604 398 1854 440 millesimo
1879 396 2045 440 CCCC⁰

273 475 424 516 XVII⁰
445 477 491 516 et
511 473 695 516 concilii
716 472 860 515 tercio
881 472 995 514 obiit
1017 472 1059 513 d.
1085 470 1358 513 Franciscus
1381 470 1438 512 de
1464 469 1765 523 Zabarellisst)
1791 467 2044 511 cardinalis

273 545 508 598 dyaconus
542 543 854 596 Florentinus,
889 543 959 584 vir
991 554 1157 595 magne
1189 544 1235 583 et
1268 541 1520 594 singularis
1554 540 1769 593 sciencie,
1801 539 2044 592 utriusque

272 615 388 658 iuris
423 615 595 668 doctor,
629 615 707 668 qui
740 614 927 667 scripsit
960 625 1103 666 super
1136 612 1397 654 decretales
1431 614 1614 654 sextum
1647 613 1693 652 et
1727 608 2045 653 Clementinas

271 685 460 740 egregia
489 698 647 739 opera.
690 685 746 727 Et
772 688 873 727 erat
901 684 1062 737 vigilia
1091 683 1256 726 Cosme
1284 686 1332 725 et
1361 682 1590 735 Damiani‚
1620 693 1817 734 quorum
1847 680 2045 722 ecclesia

272 760 373 799 erat
398 756 558 799 titulus
585 755 693 798 dicti
719 755 762 798 d.
790 754 1055 797 cardinalis.

390 828 445 870 Et
479 826 747 880 notandum,
783 826 908 879 quod
941 838 967 868 a
1003 825 1076 867 die
1113 837 1328 867 recessus
1362 824 1621 877 legatorum
1656 822 1860 866 Castelle
1894 833 2044 875 usque

273 898 331 941 ad
356 906 517 940 eorum
541 909 809 950 regressum
832 897 991 939 nullus
1016 895 1238 948 Ytalicus‚
1264 894 1471 937 Gallicus
1495 894 1570 936 vel
1594 893 1875 947 Hispanicus
1897 891 2045 946 potuit

270 969 448 1012 habere
484 968 726 1010 licenciam
762 967 1016 1010 recedendi
1051 978 1162 1020 rege
1197 965 1491 1020 prohibente.
1539 965 1593 1006 Et
1628 963 1762 1006 multi
1797 962 2045 1006 adiverunt

272 1052 378 1081 eum
414 1052 501 1093 pro
538 1037 746 1092 licencia,
785 1038 869 1080 sed
906 1037 1139 1079 recusavit
1176 1048 1417 1089 expresse.
1468 1035 1730 1088 Pluresque
1769 1033 1937 1077 Gallici
1974 1045 2045 1075 re-

271 1112 514 1153 cesserunt
543 1109 644 1152 sine
673 1108 881 1162 licencia,
912 1108 996 1151 sed
1025 1109 1072 1149 in
1101 1107 1314 1150 Scasusia
1344 1106 1520 1148 detenti
1550 1105 1742 1148 fuerunt
1768 1117 1855 1159 per
1883 1103 2043 1146 decem

272 1181 374 1224 dies
395 1181 471 1223 vel
493 1181 628 1223 circa.
666 1179 922 1222 Castellani
947 1182 1100 1221 autem
1125 1191 1311 1232 semper
1335 1190 1483 1231 usque
1510 1176 1569 1219 ad
1592 1188 1754 1218 eorum
1776 1187 2044 1229 regressum

271 1254 500 1295 steterunt
523 1251 571 1293 in
597 1250 775 1292 villula.
815 1250 870 1291 Et
882 1252 988 1303 post
1003 1262 1164 1291 eorum
1179 1261 1447 1302 regressum
1463 1251 1508 1290 et
1524 1246 1816 1289 concordiam
1832 1258 1935 1288 cum
1949 1257 2046 1288 car-

271 1322 508 1365 dinalibus
538 1334 624 1364 rex
654 1321 886 1364 relaxavit
915 1320 1157 1362 licenciam
1188 1320 1246 1362 ad
1277 1330 1454 1361 morem
1487 1318 1685 1362 solitum.
1730 1317 1906 1359 Tamen
1936 1318 2043 1359 ante

272 1396 503 1436 arrestum
524 1392 649 1446 regis
670 1393 833 1446 plures
854 1394 1167 1444 recesserunt,
1189 1391 1267 1444 qui
1291 1390 1435 1432 multa
1456 1401 1542 1443 per
1563 1389 1686 1431 viam
1707 1391 1753 1430 et
1773 1387 1822 1430 in
1845 1386 2044 1430 diversis

269 1465 483 1519 partibus
509 1464 772 1506 retulerunt
797 1462 854 1505 de
881 1462 1106 1516 periculis
1132 1464 1178 1503 et
1203 1461 1484 1513 rumoribus,
1511 1459 1589 1513 qui
1615 1461 1750 1501 erant
1776 1459 1823 1514 in
1850 1457 2044 1500 concilio

269 1548 356 1589 per
387 1547 560 1588 regem.
606 1534 804 1587 Propter
835 1545 926 1586 que
958 1533 1090 1575 multi
1123 1532 1367 1573 venientes
1400 1531 1786 1573 retrocesserunt.

389 1605 474 1648 Die
503 1605 615 1647 lune
645 1604 838 1647 XXVII.
868 1602 1158 1657 Septembris
1188 1601 1311 1645 facta
1340 1604 1411 1644 est
1440 1600 1686 1643 concordia
1716 1599 1839 1642 inter
1870 1598 2045 1642 Castel-

271 1677 405 1719 lanos
428 1689 487 1719 ex
507 1688 614 1730 una,
636 1675 967 1728 Aragonenses
990 1677 1035 1716 et
1057 1673 1421 1727 Portugalenses
1443 1685 1503 1714 ex
1525 1673 1674 1714 altera
1696 1670 1774 1724 sic,
1794 1669 1919 1724 quod
1939 1681 2044 1723 pre-

272 1747 431 1790 sidens
465 1746 817 1800 Portugalensis
851 1744 1077 1787 remansit
1108 1757 1194 1798 pro
1228 1743 1323 1786 illis
1360 1743 1429 1785 ΙΙΙ
1463 1742 1631 1785 diebus
1665 1740 1950 1784 restantibus
1984 1739 2042 1782 de

270 1830 433 1861 mense
458 1817 748 1871 Septembris
775 1820 819 1858 et
844 1815 1198 1858 archidiaconus
1224 1813 1615 1867 Pampilonensis,
1642 1813 1722 1866 qui
1745 1811 1901 1854 fuerat
1926 1811 2045 1854 elec-

270 1892 343 1932 tus
367 1902 454 1944 pro
480 1888 573 1931 alia
596 1890 745 1942 parte,
771 1887 859 1929 erit
883 1886 1134 1940 presidens
1159 1885 1207 1927 in
1233 1884 1430 1927 Octo-bri.
1469 1885 1524 1926 Et
1549 1883 1613 1926 ita
1637 1883 1810 1925 factum
1836 1884 1920 1925 est.

388 1959 658 2001 Patriarcha
686 1957 1019 2010 Antiochenus,
1049 1955 1426 2009 archiepiscopus
1459 1954 1839 2006 Mediolanensis,
1867 1953 2044 2006 episco-

269 2044 358 2085 pus
385 2030 634 2073 Adriensis
662 2032 707 2070 et
733 2028 824 2070 duo
851 2027 1116 2070 cardinales
1142 2026 1454 2068 Bononiensis
1482 2029 1526 2067 et
1553 2024 1777 2068 Senensis
1803 2027 1849 2066 et
1877 2023 1957 2066 alii
1985 2023 2042 2065 de

271 2101 427 2145 Gallia
455 2103 501 2142 et
531 2100 699 2153 Ytalia,
729 2099 807 2152 qui
837 2098 1120 2141 adheserant
1149 2098 1263 2150 regi,
1294 2097 1574 2138 dimiserunt
1602 2108 1761 2149 regem
1788 2097 1836 2136 et
1865 2107 1951 2136 rex
1979 2093 2044 2135 di-

272 2172 395 2215 misit
419 2184 500 2214 eos
525 2174 571 2213 et
596 2173 703 2213 sunt
727 2170 908 2212 reversi
935 2168 993 2211 ad
1019 2180 1128 2211 suas
1152 2167 1387 2210 naciones.
1427 2167 1481 2209 Et
1506 2166 1776 2209 obtulerunt
1798 2164 2044 2207 cardinali-

271 2243 358 2285 bus
393 2254 499 2285 esse
534 2253 636 2283 cum
670 2241 754 2294 eis,
786 2236 867 2293 'qui
902 2239 1090 2281 fuerant
1123 2239 1280 2280 hostes
1315 2249 1489 2279 eorum.
1536 2235 1854 2280 Antiochenus
1889 2237 2042 2278 autem

271 2314 466 2355 multum
493 2312 622 2354 visus
649 2314 718 2353 est
745 2310 976 2353 adherere
1004 2308 1322 2351 cardinalibus
1350 2311 1394 2349 et
1422 2309 1469 2349 in
1496 2305 1940 2360 congregacionibus
1967 2305 2044 2348 de-

269 2386 534 2438 putatorum
562 2381 807 2436 ingerebat
836 2393 886 2423 se
902 2393 995 2422 non
1011 2380 1258 2432 deputatus
1274 2391 1359 2420 nec
1375 2377 1642 2431 requisitus,
1657 2377 1898 2430 temptavit
1912 2375 2044 2418 resti-

271 2455 338 2498 tui
359 2453 543 2498 nacioni
567 2466 650 2497 sue
674 2451 930 2495 Gallicane.
965 2450 1043 2493 Set
1065 2450 1224 2492 nullus
1248 2448 1450 2492 audebat
1471 2460 1737 2502 proponere
1762 2448 1810 2490 in
1831 2447 2042 2500 nacione,

270 2538 330 2568 ne
364 2527 524 2568 contra
556 2536 663 2566 eum
695 2521 1029 2575 clamaretur.¹)

389 2596 490 2638 Rex
528 2597 696 2647 autem,
734 2593 812 2646 qui
850 2605 936 2646 pro
973 2591 1219 2634 concordia
1256 2590 1564 2633 cardinalium
1604 2588 1882 2631 credebatur
1918 2588 2042 2630 velle

272 2667 537 2709 accelerare
566 2663 808 2707 materiam
837 2663 1100 2715 eleccionis,
1130 2662 1299 2703 iterum
1328 2660 1595 2703 retrocessit
1624 2663 1671 2702 et
1697 2660 1876 2713 recepit
1902 2661 2043 2701 mate-

272 2737 389 2780 riam
413 2735 782 2779 reformacionis.
822 2734 876 2776 Et
902 2745 1089 2786 semper
1114 2732 1201 2774 fuit
1227 2732 1274 2773 in
1300 2731 1495 2774 concilio
1520 2743 1687 2784 magna
1710 2728 2041 2773 controversia.

376 2858 405 2881 ab
428 2854 465 2886 B,
491 2856 522 2885 U,
548 2853 576 2878 D
600 2850 794 2884 Bai·asellis;
820 2851 856 2881 Β,
882 2850 911 2875 l)
936 2856 995 2875 von
1016 2848 1281 2881 lsorriyiermzder
1305 2848 1401 2873 Ιίιιηιι
1426 2855 1477 2873 <tm
1503 2847 1618 2873 leand:
1644 2845 1855 2873 Zabarrellis.

391 2913 422 2956 1)
450 2912 591 2947 Dieser
614 2910 817 2946 Abschnitt
842 2909 936 2952 irri9
965 2908 1026 2943 bei
1050 2908 1172 2943 Hardt
1198 2917 1284 2942 zum
1310 2906 1364 2942 12.
1391 2906 1636 2950 September,·
1663 2906 1807 2941 ebenso
1833 2905 1898 2940 die
1921 2902 2042 2939 Rach-

274 2970 370 3006 kehr
394 2971 464 3005 der
489 2969 661 3015 Spanier.
