2227 3434
212 171 251 207 C.
291 171 369 207 Der
393 170 633 206 literarische
659 142 802 214 Kaxmpf
826 181 889 205 um
917 169 980 205 die
1006 170 1179 214 Stellung
1205 171 1273 204 des
1300 169 1459 212 Papstes
1484 179 1568 203 zum
1598 169 1743 203 Konzil.
1778 170 1861 211 729

95 302 219 342 pars,
248 292 402 342 potest
429 288 574 332 eciam
604 292 761 341 totum,
792 289 969 332 scilicet
997 301 1083 342 per
1111 287 1240 330 illam
1270 290 1464 340 partem.
1507 287 1630 340 Ergo
1658 290 1862 340 potestas

95 359 337 402 executiva
362 372 484 413 pape
511 363 558 401 et
583 362 787 412 potestas
815 359 996 401 concilii
1023 358 1259 412 generalis
1284 362 1331 401 et
1355 371 1441 411 per
1469 370 1761 410 consequens
1788 358 1862 399 vel

96 433 167 473 est
191 430 386 483 equalis,
410 443 563 482 ymmo
585 430 750 472 eadem
774 442 876 472 cum
900 429 1029 473 totali
1053 432 1280 482 potestate
1304 428 1485 471 concilii
1509 428 1760 482 generalis,
1783 428 1862 469 ubi

97 503 241 542 totum
273 500 513 543 residuum
564 501 742 542 nullam
792 500 934 544 habet
982 503 1272 553 potestatem,
1324 501 1399 542 vel
1449 502 1521 541 est
1572 499 1734 550 minor,
1785 499 1864 540 ubi

99 571 303 624 aliquam
328 571 470 614 habet
493 571 617 614 ultra
643 583 760 622 eam,
788 583 924 624 quam
951 571 1092 613 habet
1117 583 1257 624 papa,·
1288 570 1410 624 quod
1439 573 1590 612 autem
1618 570 1678 613 sit
1706 569 1865 620 maior,

98 653 190 683 non
216 654 406 694 possum
433 641 710 694 intelligere.
750 641 828 684 Set
852 641 975 683 forte
1001 641 1194 694 dicetur,
1220 641 1343 694 quod
1371 641 1411 685 d.
1441 644 1645 683 assertor
1673 641 1867 682 recessit

99 711 157 754 ab
184 712 265 754 illa
292 712 617 766 supposicione
644 715 689 754 et
716 712 933 766 intelligit
958 724 1044 765 per
1069 711 1311 753 concilium
1337 712 1559 764 generale
1585 714 1729 753 totum
1756 710 1867 752 resi-

100 781 241 825 duum
262 786 422 836 preter
442 795 625 836 patpam.
662 782 740 825 Set
763 782 912 824 adhuc
935 782 1208 833 ostenditur,
1233 782 1355 835 quod
1378 782 1463 824 hoc
1487 781 1657 824 dictum
1680 794 1773 823 non
1797 784 1868 823 est

99 865 276 907 verum,
299 854 409 906 quia
431 866 553 907 papa
574 866 812 906 nunquam
835 856 986 906 potest
1010 853 1215 895 iudicare
1237 852 1482 895 concilium
1505 853 1742 906 generale,
1765 865 1868 894 con-

100 923 255 966 cilium
285 927 438 966 autem
467 927 632 977 potest,
660 923 1030 977 quandocunque
1059 924 1170 976 vult,
1200 923 1406 966 iudicare
1435 936 1606 977 papam
1633 936 1719 964 nec
1748 935 1868 976 papa

99 997 252 1047 potest
279 994 545 1048 prohibere.
588 995 710 1048 Ergo
740 995 952 1037 absolute
983 994 1130 1036 maior
1159 997 1230 1036 est
1258 997 1464 1048 potesta-s
1495 994 1736 1036 executiva
1768 1007 1869 1035 con-

100 1064 193 1107 cilii
223 1065 460 1118 generalis
490 1078 628 1118 quam
657 1078 793 1119 pape.
839 1065 1190 1118 Consequencia
1217 1068 1364 1118 patet;
1395 1068 1443 1107 et
1473 1064 1754 1107 antecedens
1785 1077 1871 1117 pro

100 1136 251 1189 prima
286 1139 432 1190 parte,
467 1137 590 1190 quia,
626 1137 838 1190 quamvis
870 1149 993 1190 papa
1027 1139 1180 1190 potest
1214 1136 1420 1178 iudicare
1456 1136 1680 1189 singulos,
1715 1139 1870 1178 tamen

101 1219 193 1249 non
218 1209 371 1261 potest
400 1207 604 1250 iudicare
630 1207 892 1260 universos,
920 1207 1028 1260 quia
1055 1207 1119 1250 sic
1142 1212 1304 1260 posset
1331 1206 1535 1249 iudicare
1562 1209 1701 1249 totam
1729 1206 1872 1248 eccle-

103 1276 233 1330 siam,
269 1290 406 1331 quam
442 1278 665 1331 generale
703 1278 946 1321 concilium
981 1281 1292 1331 representat,
1328 1281 1376 1320 et
1411 1278 1560 1331 ipsam
1597 1277 1871 1319 hereticare.

102 1348 193 1391 Pro
222 1348 429 1392 secunda
461 1352 594 1402 parte
627 1349 772 1392 eciam
804 1352 930 1402 patet
963 1362 1021 1391 ex
1053 1349 1204 1401 d=ictis3
1237 1361 1345 1391 nam
1378 1348 1636 1401 concilium,
1670 1347 1873 1401 quando-

103 1431 285 1473 cunque
321 1421 432 1473 vult,
468 1423 621 1474 potest
657 1420 886 1463 infamare
923 1420 998 1462 vel
1037 1420 1194 1462 facere
1232 1419 1450 1462 infamari
1485 1432 1656 1473 papam
1692 1419 1873 1462 notorie

104 1489 165 1533 de
196 1490 354 1533 heresi
390 1494 436 1533 et
468 1494 576 1533 tunc
609 1491 751 1534 habet
784 1491 1114 1534 exeeucionem
1151 1494 1196 1533 et
1228 1493 1505 1544 potestatem
1543 1490 1791 1543 iudicandi,
1827 1493 1875 1532 ut

104 1561 274 1604 dictum
299 1564 370 1604 est
392 1574 537 1616 supra
560 1565 647 1605 etc,

106 1739 148 1782 (l.
183 1738 451 1794 Sequuntur
474 1740 701 1795 raciones,
726 1742 918 1794 propter
942 1751 1058 1793 quas
1081 1740 1267 1783 videtur
1291 1739 1461 1782 nedum
1488 1738 1748 1787 honestum,
1772 1749 1875 1791 ymo

107 1811 423 1854 necessarium
452 1812 709 1864 procedere
738 1812 795 1855 ad
826 1811 1232 1855 confirmacionem
1262 1810 1505 1854 electionis
1534 1809 1875 1864 Lugdunensis.

225 1904 314 1940 Coa.
343 1904 474 1948 Stulta.
502 1905 614 1940 theol.
641 1905 706 1949 fol.
736 1906 802 1941 137
826 1905 852 1949 f.
882 1906 957 1941 105.

225 1975 394 2029 Primo,
421 1977 530 2030 quia
555 1976 852 2030 confirmare,
879 1976 1002 2030 quod
1028 1979 1099 2019 est
1125 1975 1270 2019 solius
1298 1974 1641 2027 iurisdictionis,
1670 1973 1877 2016 consistit

109 2047 155 2088 in
188 2048 287 2090 sola
316 2047 501 2090 iusticia
534 2047 857 2100 ministranda;
892 2061 978 2101 pro
1011 2060 1101 2100 qua
1134 2047 1314 2090 iusticia
1346 2045 1645 2100 expedienda
1678 2044 1879 2087 celerius

109 2118 398 2171 scripserunt
426 2118 599 2160 domini
629 2131 765 2172 reges
794 2119 1120 2170 Romanorum,
1151 2118 1361 2170 Francie,
1390 2116 1707 2169 Ludovicus¹),
1738 2116 1880 2157 duces

108 2188 426 2242 Bituricensis,
457 2189 704 2242 Sabaudie,
734 2190 1077 2242 parlamentum
1111 2189 1290 2242 regium
1323 2191 1367 2231 et
1398 2187 1679 2230 universitas
1712 2185 1879 2228 Parisi-

109 2260 238 2304 ensirs
258 2273 439 2302 necnon
461 2264 505 2303 et
527 2264 647 2304 totus
668 2261 821 2303 clerus
843 2264 888 2302 et
907 2261 1111 2313 populus
1131 2259 1472 2312 Lugdunensis.
1507 2259 1561 2300 Et
1583 2258 1702 2309 ideo,
1726 2257 1764 2299 si
1786 2269 1878 2299 non

110 2331 263 2385 fieret,
299 2331 422 2385 apud
455 2332 540 2374 hoc
575 2331 812 2385 principes
842 2332 1084 2373 seculares
1117 2343 1299 2372 necnon
1334 2333 1380 2372 et
1412 2341 1647 2382 proceres,
1681 2328 1879 2380 nobiles,

110 2402 234 2444 cives
264 2406 308 2445 et
336 2403 591 2456 populares
623 2402 822 2445 diocesi-s
851 2401 1178 2455 Lugdunensis
1210 2401 1516 2452 dubitaretur,
1548 2412 1605 2442 an
1637 2398 1879 2441 concilium

111 2473 258 2527 possit
293 2473 591 2526 confirmare,
632 2473 832 2516 maxime
874 2486 974 2515 cum
1015 2472 1139 2526 apud
1179 2473 1361 2525 aliquos
1400 2471 1474 2513 hic
1510 2470 1697 2524 publice
1738 2469 1879 2511 fuerit

111 2544 383 2597 dubitatum,
410 2557 468 2586 an
496 2544 740 2586 concilium
768 2543 1084 2586 auctoritatem
1113 2546 1158 2585 et
1187 2542 1553 2584 iurisdictionem
1580 2541 1750 2582 habeat
1779 2552 1880 2581 con-

114 2615 354 2668 firm=andi;
374 2619 421 2658 et
442 2616 550 2658 licet
570 2615 771 2668 quidam,
793 2615 870 2668 qui
894 2614 1079 2668 publice
1103 2613 1323 2655 dixerunt
1344 2612 1533 2654 dubium
1554 2624 1674 2663 esse,
1697 2623 1755 2653 an
1778 2622 1881 2651 con-

113 2686 269 2728 cilium
289 2686 375 2728 hoc
395 2686 556 2740 possit,
579 2686 735 2728 dicunt
757 2698 879 2727 nunc
898 2688 944 2727 et
965 2684 1172 2727 fatentur
1192 2684 1310 2726 hanc
1331 2685 1606 2736 potestatem
1629 2694 1736 2723 esse
1758 2680 1878 2732 apud

114 2757 371 2809 concilium,
394 2760 548 2799 tamen
572 2769 648 2799 res
672 2757 758 2798 ista
781 2755 966 2809 publica
989 2755 1213 2797 remansit
1236 2754 1281 2795 in
1304 2753 1495 2796 auribus
1518 2753 1662 2794 tocius
1684 2750 1880 2801 concilii,

114 2840 251 2881 quam
278 2831 459 2880 oportet
485 2828 674 2880 purgari
703 2839 789 2879 per
816 2830 962 2868 actum
991 2825 1287 2867 contrarium.

231 2897 457 2950 Secundo,
490 2900 681 2950 propter
714 2896 1121 2939 confirmacionem
1155 2898 1388 2948 gestorum
1426 2894 1469 2934 in
1505 2905 1637 2935 sacro
1668 2891 1878 2933 concilio:

115 2969 160 3011 Si
190 2969 314 3010 enim
343 2968 585 3010 concilium
616 2968 672 3009 ad
701 2966 1053 3009 universitatem
1082 2977 1327 3007 causarum
1354 2967 1507 3006 certos
1537 2961 1663 3004 dedit
1693 2960 1881 3013 iudices,

201 3040 223 3043 --
236 3062 267 3104 ¹)
294 3040 431 3105 Κϋηὶςῖ
442 3040 513 3095 con
539 3060 695 3104 Neapel.
