2102 3444
275 135 360 177 202
811 134 837 169 Ι.
863 134 1074 170 Abschnitt.
1111 134 1511 179 Konzilstagebticher.

276 252 394 294 circa
422 252 502 294 illa
528 253 680 294 eidem
709 253 969 305 graciarum
997 252 1201 295 actiones
1229 252 1445 296 referens
1471 254 1726 307 respondit,
1755 253 1879 307 quod
1906 267 2047 308 super

278 323 498 375 predictis
524 323 767 365 concilium
795 323 1081 366 deliberaret
1106 327 1150 366 et
1178 324 1486 377 responderet
1512 324 1678 367 eidem.

397 393 596 446 Contigit
617 397 769 436 autem
791 407 850 436 ex
870 397 987 447 post,
1010 395 1131 448 quod
1155 395 1200 436 in
1221 395 1436 438 noticiam
1457 395 1575 438 sacri
1598 395 1777 438 concilii
1801 394 2046 438 deductum

277 468 360 518 est,
388 464 510 517 quod
538 465 725 517 quidam
754 477 831 506 ser
863 465 1100 518 Martinus,
1129 466 1326 508 nuncius
1354 466 1395 507 d.
1425 466 1554 509 ducis
1588 466 1852 518 Mediolani,
1880 466 1939 508 ad
1966 466 2049 508 ini-

278 535 492 577 ciandum
515 535 631 577 alias
652 525 970 588 temptandum
993 538 1234 578 tractatum
1255 537 1384 589 pacis
1406 538 1526 578 inter
1548 537 1589 578 d.
1612 537 1869 578 Romanum
1889 549 2048 591 regem

279 609 322 647 et
346 607 496 659 ipsum
521 606 683 648 ducem
708 606 1020 648 mediantibus
1045 619 1140 648 rev.
1166 606 1211 648 in
1236 607 1341 649 Chr.
1365 620 1407 661 p.
1435 607 1475 649 d.
1501 607 1558 650 de
1582 606 1766 650 Ursinis
1790 609 1836 650 et
1858 607 2048 650 Floren-

278 677 372 717 tino
406 690 440 718 s.
474 677 522 718 R.
559 690 597 718 e.
631 677 949 719 cardinalibus
982 681 1027 719 et
1060 690 1308 730 precursor
1336 682 1575 724 oratorum
1609 678 1900 731 solemnium,
1934 691 2050 732 quos

278 747 400 789 idem
440 748 534 789 dux
572 748 629 790 ad
669 749 913 790 concilium
952 752 997 790 et
1035 761 1121 802 pro
1158 749 1506 791 continuacione
1546 752 1766 791 tractatus
1805 748 2049 792 concordie

279 818 544 871 supradicte
578 818 895 861 destinaturus
929 822 1042 871 erat,
1076 819 1205 862 iussu
1237 819 1384 873 ipsius
1417 820 1458 861 d.
1493 820 1618 873 regis
1647 822 1809 873 captus
1840 822 1886 862 et
1917 822 2050 862 extra

279 888 601 931 Constanciam
631 889 854 932 abductus
882 889 1036 932 fuerat
1062 902 1259 932 unacum
1287 890 1486 943 quodam
1514 890 1637 933 socio
1665 903 1761 933 suo.
1800 890 1899 933 Rex
1924 903 2051 933 nam-

278 972 367 1012 que
403 960 660 1012 predictum
698 973 773 1003 ser
810 960 1056 1002 Martinum
1093 973 1234 1014 super
1268 965 1407 1014 ponte
1442 961 1638 1003 civitatis
1675 961 2052 1004 Constanciensis

280 1030 524 1083 reperiens
548 1031 633 1072 hec
660 1031 804 1073 verba
832 1032 920 1074 sibi
947 1033 1156 1084 protulit:
1188 1032 1399 1085 Martine,
1431 1033 1640 1085 Martine,
1666 1032 1778 1085 quid
1805 1031 1921 1076 facis
1945 1032 2049 1074 hic‘?

281 1101 487 1155 Cumque
512 1102 739 1145 Martinus
761 1102 915 1144 eidem
937 1102 1275 1155 respondisset:
1312 1103 1623 1146 Serenissime
1645 1103 1880 1157 princeps,
1902 1103 1962 1146 ad
1981 1115 2052 1146 se·

280 1173 523 1214 renitatem
560 1176 761 1214 vestram
799 1174 920 1225 veni,
958 1186 1040 1214 rex
1078 1174 1177 1226 ipse
1214 1175 1474 1226 replicavit:
1514 1174 1580 1215 Tu
1617 1174 1887 1227 explorator
1920 1187 1972 1216 es
2008 1177 2052 1216 et

278 1256 363 1295 pro
394 1246 527 1296 parte
560 1242 701 1296 illius,
734 1244 811 1296 qui
845 1244 981 1285 michi
1014 1244 1208 1286 rebellis
1241 1248 1325 1297 est,
1357 1245 1445 1286 huc
1477 1245 1659 1287 venisti.
1703 1244 1799 1287 Nisi
1832 1245 1890 1287 ob
1922 1256 2052 1287 reve-

281 1314 485 1356 renciam
510 1327 632 1368 pape
655 1318 796 1368 esset,
820 1318 863 1357 te
890 1315 1115 1367 suspendi
1140 1314 1359 1358 facerem.
1399 1315 1520 1358 Cave
1546 1315 1644 1368 tibi,
1668 1328 1727 1357 ne
1751 1315 1826 1358 hic
1851 1315 2051 1369 amplius

281 1388 323 1427 te
345 1385 597 1438 reperiam!
635 1385 832 1439 Propter
853 1386 985 1428 cuius
1006 1386 1194 1439 quidem
1216 1399 1293 1429 ser
1318 1386 1500 1429 Martini
1522 1390 1568 1428 et
1589 1386 1699 1429 socii
1720 1387 1791 1429 sui
1814 1389 2051 1440 capturam

281 1469 486 1498 murmur
517 1456 768 1499 maximum
798 1457 845 1498 in
874 1457 1068 1499 concilio
1098 1457 1365 1499 insurrexit.
1408 1457 1722 1500 Asserebatur
1750 1469 1952 1511 namque
1983 1469 2052 1499 se-

279 1527 518 1570 curitatem
552 1531 597 1570 et
628 1528 807 1570 salvum
841 1528 1230 1582 conductum-per
1263 1529 1304 1570 d.
1338 1541 1496 1581 regem
1529 1528 1826 1571 venientibus
1859 1528 1918 1571 ad
1949 1541 2053 1571 con-

278 1598 436 1640 cilium
458 1599 701 1653 prestitam
747 1600 793 1641 in
817 1599 1083 1642 huiusmodi
1106 1602 1299 1653 captura
1322 1599 1541 1641 violatam
1564 1599 1728 1642 fuisse.
1765 1600 1821 1642 Et
1841 1601 2053 1653 propter-

279 1683 334 1712 ea
369 1670 443 1712 die
479 1670 639 1713 ultima
675 1670 849 1712 mensis
886 1670 1158 1713 Decembris
1192 1671 1248 1712 de
1285 1671 1502 1712 mandato
1536 1671 1577 1712 d.
1611 1671 1758 1713 nostri
1794 1683 1916 1724 pape
1949 1683 2053 1712 con-

280 1741 577 1783 venientibus
599 1742 645 1783 in
669 1754 834 1795 magna
857 1743 963 1784 aula
984 1742 1153 1795 palacii
1175 1741 1417 1795 apostolici
1439 1741 1596 1783 revmis
1618 1742 1665 1784 in
1688 1741 1793 1784 Chr.
1815 1754 1857 1795 p.
1881 1755 1916 1785 s.
1938 1740 1989 1784 R.
2011 1753 2051 1784 e.

279 1812 598 1855 cardinalibus
628 1826 678 1855 ac
706 1825 801 1855 rev.
832 1813 879 1854 in
910 1813 1016 1855 Chr.
1047 1826 1089 1867 p.
1121 1813 1162 1855 d.
1193 1813 1572 1866 archiepiscopis,
1601 1812 1849 1866 episcopis,
1879 1812 2054 1855 abbati-

280 1883 365 1926 bus
395 1887 439 1925 et
468 1883 645 1926 ceteris
666 1884 711 1925 in
743 1883 936 1926 concilio
966 1884 1290 1937 existentibus,
1320 1896 1415 1926 rev.
1446 1884 1494 1925 in
1523 1883 1629 1927 Chr.
1659 1896 1702 1937 p.
1733 1883 1774 1926 d.
1805 1883 2052 1937 episcopus

280 1955 319 1996 J.
344 1954 643 2007 Albanensis,
669 1968 702 1997 s.
727 1954 776 1996 R.
801 1967 840 1997 e.
865 1955 1116 1997 cardinalis
1141 1955 1197 1996 de
1223 1955 1422 2007 Ursinis,
1446 1967 1546 1996 rem
1568 1955 1824 2008 proposuit.
1861 1954 1952 1997 Per
1976 1954 2053 1996 do-

279 2026 429 2068 minos
460 2025 632 2067 ibidem
665 2026 921 2067 existentes
952 2025 1039 2068 fuit
1070 2029 1355 2079 arengatum,
1386 2026 1693 2079 approbatum
1723 2029 1770 2068 et
1800 2025 2052 2078 obtentum,

280 2096 403 2149 quod
433 2096 574 2138 nichil
607 2096 806 2149 amplius
839 2097 885 2138 in
917 2096 1110 2139 concilio
1140 2096 1293 2150 fieret,
1323 2097 1414 2139 nisi
1446 2097 1596 2150 primo
1624 2095 1796 2150 prelati
1826 2095 2053 2139 certifica-

280 2170 459 2209 rentur:
506 2180 564 2209 an
596 2167 642 2209 in
674 2168 870 2210 concilio
903 2180 1066 2210 secure
1100 2170 1224 2209 stare
1256 2171 1301 2209 et
1333 2167 1556 2209 recedere
1591 2180 1642 2210 ac
1674 2166 1893 2209 audacter
1925 2166 2051 2220 loqui

280 2242 485 2291 possent,
510 2242 554 2280 et
576 2239 668 2280 nisi
691 2238 836 2280 eciam
863 2238 982 2280 circa
1008 2238 1240 2280 caristiam
1264 2238 1532 2280 victualium
1556 2241 1602 2280 et
1626 2238 1867 2280 domorum
1890 2241 1936 2280 et
1960 2238 2052 2280 alia

280 2312 508 2362 oportuna
547 2309 887 2363 provideretur.
940 2309 1029 2351 Pro
1068 2309 1237 2362 quibus
1275 2309 1597 2362 practicandis,
1635 2308 1902 2362 tractandis,
1940 2308 2053 2351 obti-

280 2380 449 2422 nendis
475 2383 519 2422 et
545 2380 837 2432 exequendis
864 2379 1127 2433 quindecim
1156 2393 1214 2421 ex
1242 2380 1284 2422 d.
1309 2379 1629 2422 cardinalibus
1656 2382 1702 2422 et
1726 2379 1921 2433 prelatis
1947 2379 2053 2422 aliis

280 2451 552 2504 computatis
585 2451 631 2492 in
663 2451 827 2493 eadem
859 2451 1223 2503 congregacione
1254 2451 1390 2492 elect-i
1422 2453 1540 2493 sunt.

399 2522 484 2564 Die
510 2521 669 2564 martis
694 2521 844 2575 prima
869 2522 1043 2564 mensis
1068 2521 1278 2564 Januarii
1303 2521 1688 2563 convenientibus
1713 2522 1850 2564 simul
1874 2520 1922 2563 in
1945 2521 2051 2563 aula

281 2605 446 2646 magna
471 2592 639 2646 palacii
666 2593 906 2646 apostolici
935 2592 1314 2635 Constanciensis
1341 2592 1619 2645 supradictis
1645 2591 1908 2646 quindecim
1934 2592 2053 2633 elec-

280 2664 337 2706 tis
365 2663 617 2717 habitoque
646 2664 702 2706 ad
732 2663 927 2705 invicem
957 2663 1188 2715 colloquio
1216 2676 1357 2716 super
1383 2662 1746 2716 emergentibus,
1775 2662 1834 2705 ad
1861 2674 2052 2716 presen-

279 2734 394 2777 ciam
429 2734 469 2779 d.
504 2735 629 2788 regis
662 2735 973 2777 Romanorum
1009 2734 1055 2776 in
1088 2734 1281 2787 palacio,
1314 2734 1393 2776 ubi
1427 2734 1672 2776 consilium
1705 2733 1903 2776 civitatis
1937 2733 2052 2776 Con-

282 2805 558 2848 stanciensis
595 2805 866 2859 congregari
904 2805 1156 2857 consuevit,
1195 2817 1295 2846 cum
1334 2805 1430 2847 suis
1468 2804 1676 2858 prelatis,
1714 2804 1970 2847 baronibus
2006 2806 2053 2845 et

281 2877 553 2929 proceribus
581 2877 627 2918 in
654 2876 848 2918 concilio
875 2875 1200 2928 existentibus,
1228 2888 1277 2917 se
1306 2876 1600 2917 contulerunt
1625 2875 1788 2928 eisque
1814 2887 1969 2917 coram
1995 2886 2052 2916 eo

282 2947 591 2990 existentibus
616 2956 785 2989 revmus
810 2947 852 2989 d.
878 2947 923 2988 in
949 2946 1054 2989 Chr.
1079 2960 1121 3000 p.
1148 2947 1312 2988 Petrus
1337 2946 1456 2988 tituli
1482 2946 1627 2988 sancti
1651 2945 1898 2999 Grisogoni
1922 2958 2051 2998 pres-

283 3019 414 3071 byter
455 3018 708 3061 cardinalis
749 3017 1101 3060 Cameracensis
1142 3017 1239 3058 vice
1280 3017 1485 3059 omnium
1526 3016 1839 3070 predictorum
1880 3019 1926 3058 et
1966 3028 2051 3069 pro
