2227 3434
762 160 852 194 1416
877 161 979 195 Marz
1003 161 1022 194 τ
1049 181 1090 185 —
1117 161 1220 195 Marz
1245 162 1299 196 15.
1827 163 1912 206 439

150 289 233 328 pre
255 277 467 330 angustia
489 289 612 319 mors
632 277 701 319 eis
724 278 946 319 solacium
968 278 1207 320 videretur
1228 282 1273 321 et
1292 279 1383 321 vita
1405 279 1701 332 supplicium3
1724 283 1915 333 propter

151 359 239 399 que
278 350 323 388 et
360 347 451 389 alia
488 347 757 400 gravamina
795 348 1054 400 innumera,
1093 352 1203 401 quot
1241 353 1346 391 sunt
1384 349 1578 391 ecclesie
1618 349 1826 391 desolate
1865 363 1915 392 ac

151 416 396 469 destructe,
430 421 537 470 quot
568 419 849 460 monasteria
882 422 925 460 et
958 419 1050 460 alia
1082 419 1158 471 pia
1192 420 1289 461 loca
1323 432 1347 461 a
1381 419 1647 472 pastoribus
1679 420 1916 472 derelicta,

150 491 259 539 quot
303 489 405 541 vagi
450 500 536 540 per
580 488 800 530 mundum
847 488 1126 540 sacerdotes,
1170 493 1280 542 quot
1325 490 1787 532 excommunicationi
1832 502 1917 543 per

151 556 347 600 abusum
377 558 574 600 clavium
606 559 826 611 innodati,
857 564 965 612 quot
997 560 1104 601 inde
1136 560 1344 612 pericula
1374 560 1615 603 imminent
1645 561 1917 611 animarum,

152 632 260 680 quot
284 628 513 671 decedunt
538 629 637 671 sine
661 629 878 682 baptismi
904 634 1207 682 sacramento,
1232 635 1496 684 quantaque
1521 632 1578 673 sit
1600 631 1749 673 cultus
1772 631 1918 673 divini

152 697 402 741 diminucio
433 703 477 741 et
507 700 667 752 populi
697 700 937 742 christiani
968 700 1323 754 depauperacio.
1368 701 1494 743 Licet
1524 702 1608 743 hec
1638 702 1718 744 toti
1749 702 1920 743 mundo

153 772 260 812 nota
280 769 384 822 sint,
405 771 734 813 nichilominus
754 774 909 813 tamen
930 784 1040 813 vere
1062 771 1322 824 piissimum
1345 775 1414 814 est
1435 772 1601 814 iterum
1623 773 1707 814 hec
1728 772 1920 814 auribus

152 840 320 883 vestris
349 840 567 893 specifice
596 840 836 884 refricare.
876 841 997 883 Sane
1027 842 1149 883 enim
1179 842 1236 884 de
1266 843 1422 885 multis
1449 843 1750 884 ecclesiarum
1779 846 1921 885 recto-

154 910 284 952 ribus
310 914 355 953 et
382 911 486 954 aliis
513 915 664 965 potest
691 912 749 954 ad
777 925 977 965 unguem
1003 912 1252 954 vociferari
1278 925 1444 955 versus
1471 913 1672 966 Virgilii:

564 994 635 1037 Sic
659 1007 740 1037 vos
764 1007 857 1036 non
882 995 1013 1036 vobis
1038 995 1216 1036 vellera
1242 995 1376 1038 fertis
1401 1008 1512 1037 oves

566 1064 637 1107 Sic
661 1078 741 1108 vos
764 1078 857 1107 non
879 1066 1012 1108 vobis
1034 1065 1169 1107 fertis
1193 1070 1347 1108 aratra
1369 1066 1513 1108 boves

564 1135 636 1178 Sic
670 1149 751 1179 vos
785 1149 877 1178 non
912 1136 1042 1179 vobis
1078 1136 1364 1179 mellificatis
1400 1149 1513 1190 apes

566 1206 638 1249 Sic
677 1220 758 1250 vos
795 1220 888 1248 non
927 1207 1058 1249 vobis
1094 1207 1349 1249 nidificatis
1388 1220 1511 1249 aves.

274 1288 415 1331 Cuius
444 1301 556 1342 ergo
584 1292 744 1342 pectus
772 1293 862 1331 tam
894 1289 1116 1342 ferreum,
1147 1290 1276 1331 cuius
1306 1302 1417 1342 ergo
1446 1303 1523 1331 cor
1551 1293 1643 1332 tam
1674 1289 1923 1342 lapideum,

154 1362 203 1401 ut
230 1359 288 1402 ad
314 1362 442 1402 tanta
472 1360 690 1402 scandala
720 1361 918 1413 gemitus
947 1373 1040 1402 non
1070 1360 1314 1412 exprimat,
1344 1361 1560 1402 lacrimas
1588 1373 1680 1402 non
1708 1359 1924 1401 effundat

155 1433 201 1472 et
232 1430 291 1472 ad
323 1430 550 1473 clamores
583 1443 668 1483 pro
701 1431 916 1473 libertate
949 1434 994 1472 et
1025 1431 1366 1473 reformacione
1399 1431 1664 1472 huiusmodi
1697 1431 1924 1472 abusuum

156 1500 442 1544 caritatative
471 1501 635 1543 saltem
665 1514 757 1544 non
786 1502 999 1555 prosiliat
1030 1536 1037 1543 .
1074 1536 1081 1542 .
1119 1502 1166 1555 .¹)

155 1619 276 1662 Miirz
309 1619 348 1663 8.
387 1647 435 1651 -
474 1619 837 1662 Leonarclus
884 1619 1122 1662 Statius
1168 1619 1214 1661 Ο.
1258 1619 1470 1661 Praed.

281 1701 406 1735 Tem!
427 1711 437 1735 :
476 1703 678 1739 ferreum:
704 1702 762 1735 Da
788 1702 817 1735 f
841 1702 910 1736 280·
935 1702 960 1744 J'.
987 1702 1049 1743 20³,-
1077 1701 1156 1735 Kre
1180 1702 1201 1734 4
1225 1702 1251 1743 Γ.
1281 1702 1364 1736 186.·
1393 1701 1456 1734 Miz
1487 1701 1597 1734 1:542]
1623 1701 1648 1743 7.
1673 1701 1760 1738 358:
1790 1699 1851 1733 Slu
1881 1699 1924 1733 56

154 1759 179 1802 Ῐ.
206 1760 266 1800 72,·
297 1760 336 1792 W
358 1760 450 1794 4300
472 1761 497 1803 Ϊ.
526 1760 609 1796 215.-
640 1760 732 1793 Wilh
759 1760 804 1794 45
826 1760 851 1802 Ῑ.
877 1761 938 1795 ,ὕὸζ
969 1760 1048 1793 ΠἸω
1071 1759 1199 1802 71373.

275 1818 375 1852 Dru
393 1818 449 1851 ch·
468 1828 478 1851 .·
526 1817 647 1852 Walch
682 1818 709 1852 Ι.
739 1819 771 1852 4.
799 1819 867 1859 .3.2)

276 1889 338 1930 Ιη
358 1890 381 1931 h
402 1889 518 1931 alt:
563 1888 711 1943 Busse‚·
743 1888 951 1942 Reform
983 1889 1169 1930 Primat.

275 1972 671 2014 Reverendissimi
706 1975 864 2025 patres
895 1975 940 2013 et
972 1971 1332 2024 prestantissimi
1364 1970 1628 2012 cardinales
1662 2004 1669 2011 .
1706 2007 1712 2013 .
1751 2003 1758 2010 .
1804 1969 1858 2010 Et
1891 1967 1927 2010 si

159 2042 284 2085 iuxta
314 2043 433 2084 sacri
463 2043 655 2085 canonis
684 2043 925 2084 veritatem
959 2077 966 2084 .
1003 2076 1010 2084 .
1047 2076 1054 2084 .
1099 2042 1249 2084 Ecce
1290 2053 1475 2093 nunc,
1518 2041 1749 2093 inquiens,
1792 2039 1928 2080 dies

160 2113 406 2156 salutis.
455 2114 612 2156 Verba
649 2117 754 2155 sunt
791 2115 987 2166 apostoli
1028 2113 1159 2155 Pauli
1198 2114 1243 2154 in
1280 2113 1477 2165 epistola
1516 2111 1655 2154 misse
1694 2111 1928 2164 presentis

160 2184 388 2227 dominice
423 2218 430 2226 .
467 2218 474 2226 .
511 2218 519 2226 .

159 2303 280 2346 Miirz
317 2303 382 2345 15.
420 2330 468 2334 —-
506 2303 769 2345 Aleoeius
818 2315 898 2354 ep.
948 2301 1362 2343 Placentinus
1412 2300 1458 2342 0.
1507 2299 1637 2341 Min.

279 2385 404 2418 'sest
424 2394 434 2418 .·
474 2385 529 2417 Da
556 2385 584 2418 F
607 2385 676 2418 2256
698 2385 723 2427 j.
751 2387 789 2422 6:
817 2384 879 2417 Μιϊ
908 2384 997 2417 ,3421
1022 2383 1050 2426 γ’,
1076 2383 1138 2423 5-3,-
1170 2383 1278 2416 1342]
1303 2382 1328 2425 f.
1353 2383 1439 2419 341,-
1468 2382 1521 2415 Νη
1549 2382 1594 2414 4⁸
1618 2392 1651 2424 μ,
1685 2381 1740 2421 17,·
1768 2380 1834 2413 1101
1860 2379 1926 2412 συῒ

158 2442 183 2485 f.
208 2443 270 2482 27,=
295 2442 363 2476 Rei
385 2442 430 2477 23
451 2443 477 2484 7.
499 2444 563 2479 ἄη,-
587 2443 612 2484 f.
637 2443 699 2478 67.-
727 2442 788 2474 ste
810 2444 856 2475 33
877 2442 903 2483 f.
932 2443 1013 2476 101:
1041 2440 1103 2474 stu
1129 2442 1174 2473 56
1196 2440 1221 2482 f.
1246 2440 1309 2476 734.-
1340 2439 1378 2471 W
1400 2439 1492 2474 3759
1515 2439 1540 2482 f.
1565 2439 1650 2474 209,-
1676 2438 1767 2471 4:2⁹2
1789 2437 1815 2480 r.
1846 2437 1925 2472 104,-

159 2501 251 2535 4958
274 2500 299 2544 r.
326 2501 404 2535 235.

280 2571 301 2612 Ι
317 2584 345 2614 η
362 2571 385 2613 h
406 2585 430 2614 a
448 2573 460 2614 l
478 2575 522 2613 t:
561 2570 932 2623 Transfiguratio
958 2570 1148 2620 Christi;
1178 2568 1320 2621 Bulie.

282 2653 603 2696 Faciamus
651 2653 747 2694 hic
795 2653 918 2694 tria
966 2651 1384 2694 tabernacula
1436 2649 1596 2702 (Math.
1632 2648 1764 2690 XVII
1802 2650 1845 2689 et
1883 2646 1928 2687 in

162 2725 419 2778 ewangelio
443 2724 709 2777 hodierno).
747 2722 1006 2764 Secundum
1034 2721 1317 2764 sentenciam
1343 2720 1494 2762 devoti
1522 2719 1747 2761 Bernardi
1774 2751 1782 2759 .
1819 2751 1826 2758 .
1863 2751 1869 2758 .

282 2866 312 2907 ¹)
343 2866 397 2899 lm
429 2866 585 2899 ›reitern
625 2864 776 2908 l'erltmf
803 2865 898 2897 irird
926 2865 1026 2898 <laun
1058 2863 1211 2903 θνεᾶΙιΙΙ,
1238 2863 1313 2905 (lull
1342 2863 1478 2894 fratres
1506 2861 1553 2894 ‹le
1582 2858 1738 2893 Colonia
1771 2857 1929 2890 'l'lumms

164 2934 236 2958 von
272 2924 401 2966 Aquin
441 2924 477 2957 in
516 2923 703 2966 principio
740 2923 798 2957 sui
836 2922 953 2956 studii
994 2931 1125 2963 treqen
1161 2921 1290 2953 seines
1329 2918 1570 2959 Sclm-eiqens
1608 2917 1742 2950 bovem
1784 2917 1926 2948 mulum

163 2983 328 3024 ,qenannl
362 2981 500 3015 millen.

281 3053 312 3094 2)
342 3051 439 3094 [rtis]
464 3060 547 3084 :um
572 3050 605 3085 .Ι.
635 3050 724 3085 1417
751 3050 825 3083 und
855 3049 979 3083 vinem
1008 3048 1231 3091 Anonymus
1258 3043 1566 3089 :nglesclzriebem
