2227 3434
558 141 596 176 Β.
639 142 887 178 Avisamente
916 144 985 178 der
1014 136 1331 179 Reformatorien.
1741 138 1828 189 625

622 261 725 304 VII.
762 262 799 304 1.
843 260 933 316 [De
972 261 1262 318 unionibus]

177 330 460 385 Proposita¹)
497 331 585 373 fuit
618 331 782 374 cedula
816 332 1161 375 constitucionis
1197 333 1405 375 exhibite
1439 346 1526 387 per
1560 333 1601 375 d.
1640 333 1828 376 Floren-

58 400 205 443 tinum
266 413 410 454 super
469 402 732 445 unionibus
783 402 859 445 die
922 404 1031 446 lune
1093 404 1222 446 VIII.
1285 403 1496 447 Octobris
1553 404 1827 458 presidente

59 471 246 514 domino
272 505 282 514 .
316 506 326 515 .
361 472 412 526 3¹)

177 542 395 585 Divinum
418 543 589 585 cultum
612 532 885 598 volentesff)
901 537 966 575 '—
989 544 1211 587 Scrutatis
1234 545 1350 588 votis
1375 545 1432 588 de
1456 545 1626 589 futuris
1648 545 1828 588 unioni-

0 672 4 675 .
59 612 145 655 bus
168 614 473 656 communiter
496 614 713 657 omnibus
736 615 922 668 placuit,
948 615 1070 668 quod
1084 619 1241 658 stetur
1266 616 1425 669 textui,
1450 615 1678 670 videlicet,
1704 616 1827 670 quod

58 696 151 726 non
181 684 298 727 fiant
327 684 417 727 nisi
447 697 586 727 causa
616 685 888 727 racionabili
920 689 966 728 et
997 686 1175 739 cognita
1206 690 1251 728 et
1282 686 1495 729 similiter
1526 687 1678 740 quoad
1708 687 1828 729 ordi-

57 754 215 798 narios
254 758 405 797 stetur
445 756 606 798 textui.
663 756 731 798 De
770 756 1011 809 preteritis
1056 756 1185 798 varie
1228 757 1419 800 fuerunt
1463 757 1699 800 sentencie
1742 757 1827 799 sed

57 828 214 868 tamen
250 825 418 868 dictum
456 826 544 869 fuit
579 828 898 880 communiter,
935 827 1059 880 quod
1096 832 1374 871 revocentur
1406 841 1494 871 seu
1528 828 1827 871 declarentur

57 896 187 939 nulle
223 896 344 939 facte
376 909 518 940 causa
553 897 825 940 racionabili
863 897 1159 940 subsistente.
1207 899 1261 940 Et
1297 911 1439 951 super
1475 899 1560 941 hoc
1596 899 1828 953 eligantur

57 970 286 1020 quattuor,
312 968 529 1010 videlicet
554 981 674 1010 unus
700 981 786 1021 pro
812 968 1020 1021 qualibet
1044 969 1254 1022 nacione,
1280 969 1358 1022 qui
1384 970 1565 1012 avisent
1591 969 1648 1011 de
1673 969 1826 1012 causis

56 1037 434 1081 racionabilibus.
475 1039 589 1081 Item
615 1051 701 1093 pro
725 1042 857 1092 parte
883 1039 1146 1092 aliquorum
1172 1039 1372 1082 maxima
1398 1040 1517 1083 facta
1542 1040 1629 1083 fuit
1656 1041 1827 1083 instan-

56 1109 140 1161 cia,
165 1109 288 1162 quod
310 1109 507 1152 uniones
531 1110 588 1152 de
613 1110 798 1153 vicariis
821 1110 1009 1153 omnino
1031 1108 1364 1164 revocentur.'')

698 1226 737 1271 2.
771 1228 841 1271 De
872 1228 1180 1284 unionibus.³)

172 1297 381 1342 Uniones
410 1298 468 1341 de
497 1298 744 1342 beneficiis
772 1299 1088 1352 cuiuscunque
1118 1302 1263 1342 status
1292 1300 1390 1342 sive
1421 1300 1567 1342 eciam
1597 1299 1653 1341 de
1683 1299 1827 1341 eccle-

54 1368 140 1412 siis
174 1369 466 1413 secularibus
500 1371 574 1412 vel
610 1370 908 1424 regularibus
940 1370 1164 1424 deinceps
1198 1383 1292 1413 non
1327 1370 1445 1414 fiant
1476 1383 1563 1424 per
1597 1382 1826 1413 summum

55 1439 339 1494 pontificem,
376 1440 467 1483 nisi
506 1453 565 1482 ex
603 1453 743 1483 causa
781 1441 1054 1483 racionabili
1093 1445 1138 1484 et
1174 1454 1314 1484 causa
1350 1442 1546 1495 cognita.
1596 1441 1652 1483 Et
1689 1441 1826 1483 aliter

56 1510 177 1553 facte
198 1511 301 1564 ipso
322 1511 423 1554 iure
446 1512 537 1555 sint
557 1512 702 1554 nulle.
740 1511 867 1554 Idem
889 1517 934 1555 et
955 1511 1121 1554 fortius
1144 1513 1190 1554 in
1213 1511 1477 1555 ordinariis.
1514 1512 1648 1554 Facte
1672 1514 1824 1554 autem

55 1582 102 1624 in
126 1581 415 1636 preteritum,
441 1595 532 1636 que
555 1582 761 1625 nondum
786 1584 945 1625 sortite
973 1587 1079 1626 sunt
1102 1583 1340 1636 effectum,
1366 1583 1630 1625 indistincte
1657 1582 1825 1625 intelli-

53 1656 220 1706 gantur
244 1656 425 1696 cassate
453 1657 500 1696 et
525 1653 711 1706 penitus
738 1657 965 1696 revocate.
1006 1654 1061 1696 Et
1089 1654 1212 1695 idem
1240 1653 1297 1695 de
1325 1653 1578 1696 unionibus
1603 1653 1738 1696 factis
1767 1652 1824 1694 de

54 1723 252 1777 vicariis,
287 1736 377 1777 que
410 1723 732 1778 intelligantur
766 1728 993 1779 revocate,
1026 1724 1216 1767 eciamsi
1251 1724 1474 1767 effectum
1510 1724 1670 1768 sortite
1704 1727 1824 1766 sunt.

52 1794 148 1846 Que
171 1807 283 1838 vero
307 1795 363 1837 de
381 1795 485 1838 aliis
499 1795 762 1848 beneficiis,
779 1795 877 1837 sive
891 1807 977 1848 per
993 1808 1196 1837 summos
1212 1795 1475 1848 pontifices,
1491 1795 1588 1837 sive
1604 1807 1689 1848 per
1703 1794 1824 1837 ordi-

53 1866 211 1908 narios
238 1865 359 1908 facte
389 1869 495 1908 sunt
522 1869 567 1908 et
596 1865 816 1909 effectum
847 1866 1005 1908 sortite
1035 1879 1061 1908 a
1089 1869 1300 1919 tempore
1327 1866 1466 1909 huius
1493 1865 1687 1908 nefandi
1717 1865 1824 1908 scis-

54 1937 188 1980 matis
219 1949 358 1980 causa
388 1936 662 1979 racionabili
693 1949 786 1979 non
819 1936 1116 1991 subsistente,
1150 1936 1414 1979 indistincte
1445 1937 1706 1979 habeantur
1737 1949 1824 1990 pro

52 2006 195 2050 nullis
225 2011 270 2051 et
297 2008 389 2051 sint
417 2008 520 2061 ipso
547 2008 649 2050 iure
678 2008 945 2062 revocatef)

169 2125 210 2169 3.
250 2125 556 2170 Martinus
591 2124 933 2180 episcopus
969 2128 1076 2168 etc.
1123 2124 1402 2168 Uniones
1439 2128 1496 2168 et
1533 2124 1823 2178 incorpo-

51 2195 346 2240 raciones
385 2230 394 2239 .
429 2231 438 2240 .
473 2197 524 2251 f)

691 2268 713 2292 *
1160 2268 1182 2292 *

924 2314 946 2338 ›I‹

225 2383 355 2428 VIII.
392 2385 429 2427 1.
458 2384 527 2428 De
555 2384 782 2427 fructibus
811 2384 1020 2427 indebite
1049 2384 1284 2437 perceptis
1310 2394 1396 2437 per
1423 2382 1643 2437 prelatos.

166 2454 406 2499 Adversus
435 2455 782 2509 dampnabilem
813 2455 1008 2498 abusum
1040 2489 1049 2498 .
1084 2488 1093 2497 .
1128 2489 1137 2497 .
1181 2455 1358 2498 Petitur
1389 2455 1528 2508 igitur
1556 2466 1701 2508 *super
1729 2453 1819 2495 hiis

50 2524 195 2568 eciam
224 2525 527 2581 providere.⁵)

155 2653 185 2686 a)
206 2653 321 2681 Lilcke.
389 2654 421 2687 b)
445 2654 504 2680 Am
526 2654 640 2681 Raude
660 2653 852 2681 Deliberata
872 2653 924 2681 dic
944 2654 1060 2681 martis
1084 2653 1162 2680 VIII.
1184 2652 1348 2681 Octobris,
1417 2658 1445 2686 c)
1467 2653 1494 2679 Ε
1514 2660 1566 2680 am
1590 2652 1722 2680 Raude:
1754 2651 1821 2677 Ista

50 2699 219 2727 conclusio
248 2700 312 2728 fuit
343 2700 432 2728 sacta
457 2700 536 2728 XIX.
556 2701 768 2736 Novembri-⁶33
806 2701 828 2729 S
846 2709 899 2728 am
924 2702 1054 2728 Raude:
1084 2700 1236 2734 sequitur
1265 2700 1304 2727 de
1328 2700 1600 2734 excmpcionibus
1622 2699 1654 2726 in
1674 2699 1716 2726 11⁰
1738 2698 1819 2725 folio

51 2745 126 2781 (περὶ.
147 2746 225 2774 oben
246 2746 279 2775 S.
297 2750 369 2780 624;
397 2747 453 2781 VJ,
474 2750 530 2783 2.),·
553 2748 636 2782 solqt
657 2749 689 2775 in
712 2749 738 2774 Ε
757 2748 950 2775 tatm'ichlich
974 2749 1052 2775 hier.

169 2796 201 2838 1)
232 2794 322 2830 Cod.
358 2796 393 2830 V.

169 2854 202 2896 ²)
226 2854 300 2889 Die
323 2853 467 2889 Cedula
492 2854 537 2889 ist
562 2854 662 2889 nicht
686 2854 871 2890 erhalten.

169 2912 200 2955 ³)
229 2911 318 2947 Cod.
344 2912 368 2946 S
392 2912 418 2956 Τ.
446 2913 508 2948 76υ
535 2912 622 2947 koll.
648 2913 716 2947 mil
741 2913 787 2955 D,
813 2913 852 2954 E,
886 2912 922 2947 1'.

167 2968 658 3014 ⁴)Generalreformdekrel
687 2971 755 3006 der
782 2970 910 3005 Sessio
937 2981 1020 3013 (seu.
1050 2969 1194 3012 XLIII‚·
1223 2969 1371 3003 Hiibler
1400 2969 1476 3003 160.

169 3027 201 3071 ⁵)
227 3027 318 3063 Cod.
341 3028 366 3063 S
387 3028 413 3073 Τ.
436 3029 499 3072 &Q-
525 3029 628 3072 θεάν.
652 3029 772 3064 Ηανάι
797 3029 826 3071 Ι,
850 3030 918 3064 639
941 3028 966 3073 Τ.

119 3095 258 3131 Finke,
283 3097 367 3125 Acta
386 3097 520 3125 concilii
542 3096 818 3125 constanciensis.
838 3096 876 3125 11.
1546 3083 1605 3123 40
