2227 3434
662 160 751 193 1417
773 159 920 194 Januar
939 159 961 192 4
984 179 1024 183 —
1047 158 1192 193 Januar
1214 158 1268 192 24.
1763 159 1849 201 483

83 279 188 320 aliis
223 290 376 320 coram
412 290 532 331 papa
567 279 608 319 ei
647 277 907 330 intrepidus
943 277 1131 318 mirram
1165 277 1330 319 obtulit
1365 277 1640 330 plenissime
1677 277 1850 319 scilicet

82 349 427 391 exhortacionis
478 352 522 390 et
574 352 731 390 contra
787 348 980 400 scelera,
1032 360 1121 401 que
1174 347 1480 399 commiserat,
1533 347 1850 400 corrupcionis

83 431 254 462 amare.
277 419 404 471 Cum,
426 419 587 472 inquit,
609 420 762 461 omnia
785 419 829 459 in
850 419 988 460 terris
1010 419 1168 471 possit,
1190 418 1329 459 nichil
1350 422 1512 460 contra
1532 418 1678 459 Deum
1700 420 1850 471 potest

82 490 335 542 apostolice
370 490 495 532 sedis
531 489 749 531 sanctitas
784 489 1087 542 divinissima,
1123 490 1244 541 quia,
1281 489 1318 531 si
1353 492 1510 531 contra
1548 488 1694 530 Deum
1728 500 1850 541 papa

83 560 253 613 iubeat,
279 573 380 602 cum
405 560 679 602 obediencia
704 572 881 604 summa
906 560 949 601 ei
975 559 1382 601 contradicendum
1409 563 1477 602 est
1503 563 1549 601 et
1570 560 1691 602 sicut
1714 559 1850 601 Petro

82 644 181 673 cum
222 631 366 674 Paulo
403 632 450 672 in
489 631 607 673 facie
647 630 972 673 resistendum.
1025 630 1396 683 Gregoriumque
1435 634 1479 672 et
1519 630 1850 672 Crisostomum

82 714 133 744 ac
160 703 322 756 plures
349 702 466 744 alios
494 702 795 744 adduxissem
823 701 881 743 ad
909 701 1078 742 similia
1108 701 1190 742 sed
1218 701 1332 743 hora
1359 714 1452 742 non
1480 701 1716 754 permittit.
1758 701 1851 742 Hec

84 773 254 815 idcirco
284 785 370 827 pro
402 776 528 815 tanto
562 772 775 825 dixerim,
809 772 930 825 quia,
962 785 1064 813 cum
1098 784 1236 824 posse
1271 773 1319 813 in
1353 773 1522 814 malum
1558 772 1615 814 sit
1647 772 1850 825 imposse

82 856 167 885 nec
192 844 277 886 sub
305 844 390 885 Dei
416 844 756 896 omnipotencia
782 843 927 895 cadat,
953 855 1105 895 ymmo
1130 855 1189 884 ex
1214 846 1380 884 natura
1406 843 1477 884 sui
1503 846 1768 884 removetur
1793 842 1851 884 ab

82 926 152 968 ea,
189 927 215 957 a
252 927 342 968 qua
379 915 528 957 omnis
565 917 770 968 potestas
808 917 890 956 est.
946 914 1194 955 Declarare
1232 913 1572 966 plenitudinem
1609 913 1851 966 potestatis

81 985 266 1039 papalis
296 997 346 1028 ac
379 986 537 1037 iustos,
570 989 717 1027 rectos
751 988 796 1026 et
828 988 1010 1027 sanctos
1041 985 1266 1026 terminos
1299 997 1382 1026 sue
1414 997 1505 1026 non
1537 988 1607 1026 est
1639 984 1849 1038 potencie

82 1056 296 1099 fimbrias
330 1057 541 1098 minuere
578 1056 659 1098 sed
695 1068 866 1109 augere
903 1068 987 1096 nec
1022 1055 1190 1108 aliquis
1226 1056 1289 1096 sic
1328 1055 1673 1097 intendencium
1711 1067 1851 1108 super

83 1127 240 1180 aliquo
263 1127 541 1169 redderetur
567 1130 808 1180 suspectus
833 1139 1010 1178 errore,
1034 1139 1186 1179 ymmo
1211 1139 1389 1168 summa
1413 1126 1573 1179 pocius
1599 1126 1850 1167 devocione

83 1211 133 1240 ac
159 1198 330 1252 pietate
357 1198 568 1251 preditus
595 1211 695 1239 cum
723 1197 1017 1239 fimbriarum
1044 1197 1218 1253 talium,
1246 1201 1292 1238 ut
1321 1197 1494 1250 liquide
1521 1199 1711 1249 constat,
1740 1197 1852 1238 dila-

81 1269 198 1311 tacio
227 1269 492 1322 viciosaque
522 1269 836 1311 ecclesiastice
867 1268 1107 1322 potestatis
1138 1269 1301 1310 abusio
1331 1269 1551 1309 universo
1581 1268 1713 1321 quasi
1745 1268 1853 1310 scis-

83 1340 191 1383 mati
230 1340 514 1383 ministrabit
551 1340 790 1393 originem.
844 1340 897 1381 Et
936 1340 1025 1382 nisi
1065 1342 1224 1381 contra
1262 1340 1346 1380 hec
1385 1338 1627 1392 provideat
1667 1338 1852 1392 optimis

83 1411 304 1455 remediis
328 1411 412 1454 hec
436 1411 612 1453 utinam
637 1414 854 1453 constans
879 1411 925 1452 in
951 1411 1035 1452 hoc
1060 1423 1204 1463 opere
1231 1409 1608 1452 Constanciensis
1633 1409 1852 1462 synodus,

83 1494 142 1524 ex
164 1482 304 1526 simili
327 1494 466 1525 causa
489 1481 739 1524 deficiente
764 1481 1019 1524 consimilis
1041 1480 1338 1523 necessarius
1361 1480 1531 1522 redibit
1556 1480 1765 1522 defectus
1790 1513 1798 1521 .
1817 1513 1824 1521 .
1844 1514 1851 1521 .

81 1600 259 1643 Januar
293 1599 360 1643 17.
398 1627 447 1631 -
483 1600 804 1642 ,Iohannes
846 1598 1101 1642 Gerson.

202 1670 359 1705 Tetri:
404 1670 443 1703 W
469 1671 561 1705 4710
586 1670 612 1713 7'.
640 1670 727 1711 2672·
755 1669 847 1704 4922
883 1671 898 1703 ’.
925 1670 1003 1704 260.

201 1729 234 1762 Ι)
250 1738 306 1763 ru
321 1739 338 1763 c
354 1728 378 1762 h·
397 1738 407 1763 .·
447 1727 595 1764 Gerson
621 1730 686 1771 Op.
714 1728 763 1770 II,
787 1729 867 1763 349.

201 1788 307 1829 lnh
327 1788 443 1831 alt:
484 1786 932 1840 Schrifterkliirun9;
962 1787 1146 1839 Komai,
1176 1787 1291 1829 Jean
1323 1786 1455 1828 Petit.

200 1858 424 1911 Nuptie
457 1858 623 1900 facte
657 1861 797 1900 sunt
832 1859 888 1899 in
922 1857 1083 1900 Cana
1117 1857 1370 1899 Galilee
1403 1860 1461 1898 et
1493 1860 1627 1899 erat
1660 1859 1853 1898 mater

82 1929 277 1972 Jhesu
315 1928 402 1971 ibi
445 1962 453 1970 .
489 1963 498 1971 .
533 1963 542 1971 .
583 1929 864 1973 J0.11...

81 2058 259 2101 Januar
292 2057 359 2101 24.
398 2085 446 2089 —
483 2057 765 2100 Matheus
809 2057 1062 2100 Roecler.

202 2129 329 2164 Text
349 2138 360 2163 .·
397 2128 467 2163 Bre
488 2129 517 2163 r
537 2128 583 2162 ‘28
601 2128 627 2172 t.
652 2129 735 2169 204‚·
760 2128 812 2162 cn
837 2128 880 2162 64
901 2128 927 2171 f.
952 2128 1035 2169 m,-
1060 2128 1123 2161 Mu·
1150 2127 1261 2162 13421
1282 2126 1308 2170 f.
1333 2127 1417 2169 14&
1442 2126 1504 2160 ste
1524 2127 1570 2161 33
1590 2126 1617 2170 f.
1637 2126 1716 2161 268.

199 2188 390 2230 Vince
441 2187 500 2229 in
551 2187 709 2229 bono
757 2187 989 2229 malum.
1041 2186 1199 2229 Verba
1238 2187 1325 2228 ista
1365 2185 1536 2239 scripta
1573 2188 1680 2226 sunt
1718 2183 1852 2236 origi-

82 2258 251 2302 naliter
286 2259 344 2302 ad
378 2258 506 2301 Rom.
540 2258 629 2300 XII
665 2261 711 2300 et
743 2258 790 2300 in
826 2258 1025 2311 epistola
1060 2257 1295 2310 presentis
1330 2256 1559 2299 dominice
1597 2254 1851 2298 secundum

83 2342 215 2372 usum
255 2329 582 2373 Cisterciensis
619 2329 797 2371 ordinis
835 2329 1039 2370 recitata.
1095 2328 1285 2380 Magnus
1324 2327 1403 2368 ille
1443 2326 1655 2380 gencium
1693 2325 1851 2367 doctor

83 2400 256 2442 Paulus
278 2433 286 2442 .
322 2437 329 2444 .
366 2434 374 2442 .
408 2400 492 2452 Qui
515 2403 667 2442 autem
689 2399 860 2441 dixerit
882 2399 1016 2441 fratri
1039 2411 1123 2442 suo
1144 2399 1297 2450 racha,
1320 2410 1429 2440 reus
1451 2398 1540 2439 erit
1561 2396 1730 2438 iudicio
1753 2429 1761 2437 .
1797 2429 1805 2437 .
1841 2429 1849 2437 .

83 2470 267 2513 Utinam
291 2471 336 2512 in
361 2470 669 2513 amaritudine
695 2470 847 2513 anime
873 2482 955 2512 sue
980 2469 1065 2512 hoc
1089 2470 1241 2522 ipsum
1266 2469 1522 2522 recogitare
1547 2467 1851 2521 dignarentur

82 2553 215 2584 sacro
239 2541 434 2584 durante
459 2542 655 2584 concilio
680 2541 894 2583 nonnulli
919 2540 1088 2594 prelati
1115 2540 1512 2592 ecclesiasticique
1540 2538 1641 2591 viri,
1669 2537 1850 2590 quibus,

83 2612 200 2665 proh
223 2612 418 2665 nephas,
443 2612 554 2655 satis
577 2624 670 2654 non
695 2615 765 2654 est
790 2611 990 2654 reddere
1015 2611 1186 2653 malum
1212 2623 1297 2664 pro
1322 2611 1444 2652 malo
1466 2612 1513 2651 et
1536 2609 1582 2650 in
1607 2608 1730 2650 malo
1754 2608 1850 2648 vin-

82 2695 188 2725 cere
230 2682 417 2735 bonum,
461 2696 568 2725 suos
612 2682 826 2724 videlicet
869 2682 1107 2736 proximos
1149 2681 1383 2732 conviciis,
1424 2678 1849 2729 susurracionibus,

82 2753 502 2796 detrectacionibus
525 2754 724 2806 aliisque
750 2752 1153 2794 maledictionibus
1176 2751 1409 2804 pessimis,
1435 2762 1551 2803 quas
1573 2761 1658 2790 nec
1682 2748 1851 2790 licebat

83 2823 258 2866 homini
293 2824 434 2877 loqui,
471 2823 654 2866 cottidie
693 2823 968 2865 lacessando
1004 2822 1354 2874 atterendoque,
1392 2821 1501 2873 quin
1538 2820 1711 2873 pocius,
1748 2830 1848 2859 cum

82 2906 167 2947 pre
195 2894 359 2937 timore
389 2894 626 2936 hominum
656 2893 872 2947 langwidi
902 2905 994 2934 non
1025 2892 1197 2934 audent
1226 2893 1385 2934 levare
1415 2890 1563 2943 capud
1593 2902 1679 2942 per
1707 2888 1849 2930 homi-

82 2976 181 3018 nes,
216 2965 294 3018 qui
327 2964 456 3007 iuxta
492 2964 676 3007 modum
714 2963 933 3017 loquendi
967 2963 1253 3005 Assiriorum
1292 2961 1473 3015 (Judith
1510 2959 1670 3013 XIIII)
1710 2957 1847 3000 velud

83 3046 240 3078 mures
268 3035 325 3077 de
353 3034 566 3077 cavernis
593 3034 890 3087 egredientes
919 3033 1089 3075 rodere
1115 3033 1285 3075 famam
1316 3032 1501 3072 illorum
1532 3042 1622 3071 non
1651 3030 1847 3078 cessant,

1557 3110 1635 3154 31*
