2227 3434
515 195 552 230 B.
595 196 671 232 Der
696 196 796 231 liber
819 199 1012 240 gestorum
1040 198 1108 231 des
1135 196 1377 231 Cerretanus.
1745 199 1829 242 337

63 313 219 356 Vestri
254 312 455 356 humiles
492 314 745 357 servitores
781 318 827 357 et
862 315 1015 358 devoti
1051 318 1260 358 oratores
1301 315 1493 358 Michael
1531 316 1644 359 Jack
1681 317 1830 369 miles,

61 382 315 427 Ottobonus
349 384 406 426 de
439 383 646 427 Bellonis
679 385 1071 438 prothonotarius,
1106 386 1381 429 Lambertus
1414 386 1470 428 de
1506 386 1669 440 Stipite
1701 388 1829 441 prior

61 457 161 508 etc„
186 454 352 497 Petrus
375 455 433 497 de
458 454 635 497 Trilhia
660 455 1026 509 archidiaconus,
1052 469 1242 499 cesaree
1267 458 1523 500 maiestatis
1548 460 1770 500 oratores,

178 525 340 566 Revmo
363 525 410 567 in
434 525 540 568 Chr.
565 538 607 579 p.
634 525 675 567 d.
699 525 751 568 G.
777 526 861 568 Dei
885 527 1033 579 gratia
1056 527 1276 582 episcopo
1300 528 1585 581 Tridentino,
1611 528 1652 570 d.
1678 528 1830 582 singu-

62 594 308 638 larissimo.
347 595 507 637 Revme
533 609 576 650 p.
603 600 648 639 et
675 596 716 639 d.
745 598 805 638 mi
833 597 1219 651 singularissime,
1246 599 1507 641 humillima
1533 599 1830 641 recomenda-

60 665 184 708 tione
219 666 466 720 premissa!
515 667 613 709 Non
648 667 940 710 obstantibus
976 668 1334 722 impedimentis,
1371 670 1449 722 qui
1484 669 1749 712 acciderunt
1784 670 1829 712 in

61 736 194 779 factis
227 737 415 780 unionis
447 738 643 780 ecclesie
676 741 869 792 propter
902 742 1097 782 mortem
1129 739 1170 781 d.
1206 740 1330 794 regis
1362 741 1643 794 Aragonum,
1674 744 1829 783 tamen

61 810 252 861 propter
282 808 367 850 Dei
393 809 588 863 gratiam
614 812 718 863 post
745 810 913 852 multas
941 810 1268 854 tribulationes
1294 814 1339 852 et
1367 811 1626 854 anxietates
1654 811 1728 854 die
1757 825 1831 853 ve-

61 879 190 922 neris
221 878 318 921 XX.
354 880 530 922 mensis
565 879 691 922 <Iunii
725 880 900 923 fuimus
934 881 1142 934 expediti
1176 894 1202 923 a
1237 881 1278 923 d.
1315 894 1423 935 rege
1461 882 1664 925 Castelle
1699 883 1830 936 prius

60 961 147 1002 per
172 949 325 1003 ipsum
349 951 611 993 convocatis
638 951 833 1004 prelatis
860 951 990 1005 regni
1019 952 1089 994 sui
1117 952 1175 994 ad
1202 952 1444 994 concilium
1474 953 1829 996 Constantiense

60 1023 106 1062 et
127 1021 336 1064 executis
356 1021 523 1063 litteris
546 1022 879 1065 convocatoriis
901 1023 1096 1064 concilii.
1131 1023 1334 1065 Venient
1356 1024 1495 1077 legati
1518 1025 1586 1067 sui
1611 1037 1711 1066 cum
1734 1025 1830 1078 ple-

61 1091 507 1144 nissimapotestate
535 1096 580 1134 et
606 1093 745 1134 etiam
770 1094 964 1135 notabili
991 1106 1200 1147 numero,
1229 1095 1337 1147 quia
1363 1098 1468 1137 sunt
1492 1095 1584 1137 duo
1611 1095 1831 1148 episcopi,

62 1161 154 1204 duo
175 1162 391 1215 barones,
412 1166 508 1205 tres
532 1163 744 1206 doctores
766 1164 882 1206 iuris
905 1167 950 1206 et
971 1164 1063 1206 duo
1086 1165 1298 1207 doctores
1321 1178 1450 1208 sacre
1474 1167 1656 1219 pagine.
1694 1166 1832 1208 Veni-

62 1235 235 1286 untque-
263 1234 433 1287 prelati
462 1234 593 1287 regni
622 1234 760 1277 huius
789 1235 1102 1287 personaliter
1131 1236 1204 1277 vel
1234 1249 1318 1289 per
1348 1249 1456 1279 suos
1484 1239 1828 1290 procuratores;

63 1304 242 1358 legatus
270 1304 396 1346 Petri
424 1305 482 1346 de
511 1304 655 1357 Luna,
684 1306 762 1358 qui
791 1306 983 1347 multum
1013 1306 1351 1348 adversabatur
1379 1308 1537 1349 unioni
1569 1310 1614 1349 et
1641 1307 1832 1360 expedi—

63 1375 183 1418 cioni
220 1377 393 1428 nostre,
430 1376 656 1429 expulsus
694 1376 887 1418 recessit
926 1376 982 1418 de
1021 1380 1153 1419 nocte
1192 1380 1237 1419 et
1276 1377 1440 1420 dicitur
1477 1378 1524 1419 in
1564 1379 1651 1420 isto
1688 1390 1831 1432 regno

61 1445 261 1499 publice,
291 1445 415 1499 quod
444 1447 599 1488 omnia
628 1447 789 1489 volunt
818 1460 980 1490 omnes
1008 1447 1229 1490 unionem
1259 1448 1469 1490 ecclesie.
1516 1449 1566 1490 In
1597 1449 1831 1502 Aragonia

62 1516 181 1558 etin
205 1516 413 1560 Navarra
437 1517 592 1560 omn-ia
618 1517 900 1561 obtinuimus
927 1531 1012 1572 per
1039 1519 1125 1560 Dei
1150 1519 1345 1572 gratiam
1373 1519 1431 1561 ad
1457 1522 1611 1561 votum
1636 1518 1831 1561 concilii.

61 1587 166 1630 Alia
200 1600 293 1630 non
329 1591 574 1631 occurrunt
610 1588 857 1632 scribenda
892 1592 1045 1631 vestre
1083 1599 1228 1631 revme
1264 1590 1546 1643 paternitati,
1582 1590 1674 1633 nisi
1710 1590 1831 1644 quod

65 1658 190 1702 Deus
224 1670 504 1702 conservare
541 1658 756 1713 dignetur
790 1659 991 1702 feliciter
1027 1660 1225 1703 eandem
1261 1664 1464 1704 vestram
1499 1673 1594 1703 rev.
1630 1661 1833 1715 paterni-

63 1732 217 1783 tatem,
240 1742 330 1783 que
355 1730 492 1772 michi
515 1731 731 1773 servitori
756 1744 839 1773 suo
864 1731 1087 1773 mandare
1112 1731 1342 1785 dignetur.
1378 1731 1607 1785 Scriptum
1631 1732 1834 1774 Vallem—

64 1800 175 1843 oleti
217 1801 293 1843 die
335 1800 550 1845 XXVIII.
596 1801 735 1843 Junii.
790 1802 957 1844 Vestre
1000 1815 1095 1843 rev.
1139 1802 1431 1855 paternitatis
1474 1803 1673 1844 servitor
1715 1802 1834 1845 Otto-

66 1870 215 1914 bonus
236 1870 294 1914 de
315 1870 537 1914 Bellonis.

181 1941 266 1984 Die
299 1942 410 1984 lune
440 1942 603 1985 ultima
636 1943 811 1985 mensis
843 1942 1038 1997 Augusti
1072 1944 1113 1985 d.
1147 1944 1386 1986 Johannes
1420 1944 1477 1986 de
1511 1944 1680 1998 Opizis‚
1714 1945 1832 1987 sacri

66 2012 232 2055 Palatii
264 2025 509 2056 causarum
544 2013 738 2066 auditor,
773 2014 851 2067 qui
884 2026 969 2068 pro
1001 2017 1133 2068 parte
1170 2015 1288 2058 sacri
1322 2015 1700 2059 Constanciensis
1734 2028 1836 2057 con-

63 2083 155 2126 cilii
182 2095 284 2126 cum
313 2083 463 2127 literis
492 2085 827 2128 convocatoriis
857 2085 915 2127 ad
944 2085 986 2127 d.
1016 2097 1174 2139 regem
1202 2086 1469 2140 Aragonum
1498 2086 1736 2140 profectus
1766 2086 1834 2128 fu-

65 2157 180 2208 erat,
205 2153 528 2197 Constanciam
553 2159 624 2197 est
649 2167 867 2198 reversus
893 2158 1195 2210 oratoresque
1222 2169 1384 2200 omnes
1408 2157 1619 2199 eiusdem
1645 2157 1686 2199 d.
1713 2157 1835 2210 regis

67 2224 114 2266 in
139 2224 355 2268 Scat'fusa
381 2225 581 2268 distante
608 2226 664 2268 de
692 2226 967 2269 Constancia
994 2239 1079 2280 per
1105 2230 1302 2280 quatuor
1328 2227 1526 2270 miliaria
1554 2227 1835 2270 Theutonica

68 2293 255 2338 dimisit.

182 2366 237 2409 Et
264 2366 340 2410 die
367 2367 527 2410 martis
558 2368 602 2409 in
631 2368 994 2421 congregacione
1023 2369 1208 2422 publica
1237 2368 1361 2422 apud
1390 2372 1596 2412 sanctum
1627 2369 1834 2412 Francis-

66 2447 167 2479 cum
201 2437 258 2479 de
293 2438 438 2490 gestis
470 2450 556 2492 per
590 2450 696 2480 eum
731 2438 777 2480 in
813 2451 896 2481 sua
930 2439 1168 2493 legacione
1205 2439 1486 2482 relacionem
1522 2439 1643 2482 fecit.
1689 2440 1832 2492 Quem

66 2515 234 2548 revmus
268 2507 310 2550 d.
344 2507 385 2550 d.
419 2508 670 2551 cardinalis
703 2509 736 2550 F
741 2510 1003 2552 lorentinus
1034 2523 1120 2563 pro
1152 2513 1283 2563 parte
1317 2510 1435 2553 sacri
1468 2510 1652 2564 collegii
1686 2510 1834 2552 multi-

69 2577 250 2630 pliciter
285 2579 567 2622 comendans
603 2579 755 2621 eidem
792 2580 1079 2634 amplissime
1118 2582 1403 2634 regraciatus
1440 2584 1510 2624 est
1547 2581 1710 2623 obtulit
1748 2581 1834 2624 sibi

68 2659 248 2690 sacrum
283 2649 526 2692 concilium
563 2650 621 2693 ad
656 2662 930 2704 quecunque
965 2651 1298 2694 concernencia
1331 2653 1433 2695 eius
1469 2651 1754 2695 commodum
1791 2655 1835 2692 et

68 2717 305 2762 honorem.

184 2789 271 2832 Die
294 2791 511 2833 mercurii
537 2791 740 2834 secunda
764 2793 939 2835 mensis
961 2792 1251 2846 Septembris
1275 2795 1485 2835 oratores
1508 2793 1626 2836 sacri
1651 2792 1832 2846 collegii

71 2861 116 2901 et
141 2859 381 2903 nationum
407 2861 605 2915 profecti
635 2865 741 2905 sunt
768 2862 1019 2905 Scaffusam
1049 2863 1276 2905 visitaturi
1305 2866 1513 2905 oratores
1541 2862 1750 2916 prefatos
1778 2875 1836 2904 ex

72 2928 278 2982 ipsorum
304 2933 453 2984 parte.

187 2999 271 3043 Die
307 3002 494 3044 veneris
532 3007 695 3056 quarta
730 3004 903 3046 mensis
939 3003 1226 3057 Septembris
1265 3004 1351 3045 fuit
1386 3004 1506 3045 facta
1542 3004 1836 3056 congregatio

70 3072 306 3122 generalis
336 3105 344 3114 .
380 3106 388 3114 .
424 3106 432 3115 .
463 3073 562 3115 loco
589 3073 724 3116 solito
752 3075 990 3116 sessionis.
1036 3074 1085 3115 In
1113 3087 1204 3126 qua
1233 3073 1490 3116 ascendens
1519 3073 1762 3115 ambonem
1793 3073 1833 3114 d.

140 3160 280 3196 finite,
307 3165 387 3191 Acta
407 3164 538 3191 concilii
561 3164 837 3192 Constanciensis.
861 3164 895 3192 Η.
1570 3155 1622 3195 92
