2102 3444
330 105 412 150 162
863 104 889 139 Ι.
914 103 1125 140 Abschnitt.
1164 103 1566 149 Konzilstagebiicher.

329 236 418 276 que
454 223 619 277 minor,
656 223 911 266 secundum
947 223 1156 265 valorem
1190 225 1397 266 taxatum
1432 223 1490 266 de
1526 223 1792 276 beneficiis3
1829 235 1953 277 papa
1987 235 2099 266 vero

327 294 563 337 conferret
597 294 713 336 duas
747 297 920 348 partes,
956 293 1183 336 ordinarii
1218 293 1426 347 terciam;
1463 294 1542 337 alii
1576 294 1778 336 mediam
1812 293 1914 337 sine
1947 305 2100 336 reser-

328 365 597 408 vacionibus
630 367 764 408 extra
795 365 881 408 ius.

445 436 591 479 Tanta
622 436 710 478 fuit
741 437 789 478 in
819 435 910 479 hiis
941 435 1212 489 difficultas,
1242 436 1367 489 quod
1398 436 1538 478 nichil
1570 436 1617 477 in
1648 435 1844 478 materia
1873 434 2099 478 reforma-

327 507 471 550 cionis
494 507 642 561 potuit
665 507 788 565 sieri.
826 507 880 549 Et
903 506 991 548 fuit
1017 510 1247 549 cessatum
1270 520 1356 561 per
1379 519 1590 549 mensem
1615 510 1660 548 et
1686 506 1901 560 amplius.
1938 506 2096 560 Legati

325 578 449 620 enim
478 577 737 621 studiorum
765 577 997 632 volebant,
1026 577 1150 631 quod
1179 577 1238 620 ad
1265 590 1434 632 papam
1464 578 1613 621 solum
1642 576 1982 620 beneficiorum
2007 577 2099 620 col-

327 649 441 690 13010
479 648 752 702 pertineret,
791 651 839 691 ut
877 648 1206 702 provideretur
1245 649 1553 692 studentibus.

443 719 531 761 Die
553 720 664 761 lune
687 719 735 761 in
758 719 879 762 festo
903 719 1027 761 beati
1049 719 1277 762 Joliannis
1300 719 1587 773 evangeliste
1612 718 1832 761 vicesima
1855 718 2094 774 septimaa)

325 790 599 832 Decembris
633 790 753 833 sedit
789 790 1032 832 concilium
1065 793 1109 832 et
1143 790 1352 844 presedit
1385 803 1507 844 papa
1540 790 1691 844 prima
1724 790 1824 832 vice
1857 802 1945 843 pro
1977 789 2098 832 redi-

324 860 708 904 cione.Johannis
729 873 852 914 pape
874 861 1047 903 XXIII.
1071 861 1284 915 depositi,
1306 862 1384 915 qui
1408 861 1563 915 fuerat
1584 873 1672 915 per
1693 860 1940 903 concilium
1960 860 2096 903 datus

324 932 373 973 in
395 931 604 974 custodia
626 932 726 985 regi
748 931 1076 986 Romanorum,
1099 932 1177 986 qui
1199 932 1332 974 illum
1355 931 1611 975 tradiderat
1635 931 1988 974 custodiendum
2010 931 2097 973 Lu-

324 1002 485 1045 dovico
509 1001 613 1044 duci
637 1002 833 1045 Bavarie
857 1002 1121 1056 principali,
1145 1015 1171 1045 a
1195 1015 1285 1056 qua
1309 1003 1518 1045 custodia
1540 1016 1626 1045 rex
1648 1003 1880 1056 petiverat
1903 1001 2096 1045 liberari

323 1076 367 1116 et
395 1073 483 1115 fuit
510 1072 682 1115 factum
713 1073 951 1115 decretum
980 1086 1122 1127 super
1150 1074 1235 1117 hoc
1264 1073 1461 1116 formam
1491 1073 1671 1116 habens
1701 1075 1993 1127 sequentem:

443 1143 667 1186 Martinus
698 1143 945 1198 episcopus
977 1156 1140 1187 servus
1172 1156 1414 1187 servorum
1445 1145 1531 1187 Dei
1561 1145 1803 1187 carissimo
1832 1145 1881 1186 in
1911 1143 2096 1187 Christo

321 1214 424 1258 filio
451 1214 748 1268 Sigismundo
777 1248 786 1257 .
822 1249 830 1257 .
866 1249 874 1258 .
904 1215 1089 1257 Dudum
1117 1228 1316 1269 presens
1346 1253 1353 1260 .
1391 1249 1399 1258 .
1435 1249 1443 1258 .
1475 1228 1598 1259 anno
1625 1215 1831 1270 primo.¹)

443 1286 569 1329 Inter
592 1286 678 1329 hec
703 1289 853 1328 actum
878 1290 948 1329 est
970 1298 1057 1340 per
1083 1287 1264 1340 aliquos
1291 1287 1556 1329 cardinales
1581 1287 1826 1340 deputatos
1852 1299 1879 1329 a
1901 1298 2025 1340 papa
2048 1288 2094 1328 et

319 1357 527 1411 prelatos
563 1370 589 1400 a
623 1356 820 1400 nacione
855 1356 1097 1400 Gallicana
1133 1357 1377 1411 deputatos
1414 1358 1470 1399 de
1508 1357 1702 1400 materia
1738 1356 2094 1400 reformacionis

320 1440 463 1482 super
495 1428 711 1482 capitulis
743 1427 791 1470 in
823 1428 1010 1470 decreto
1042 1428 1224 1470 concilii
1256 1432 1362 1471 ante
1395 1429 1679 1470 eleccionem
1710 1440 1832 1482 pape
1865 1427 2093 1470 ordinatis

318 1502 364 1541 et
396 1498 647 1553 presertim
680 1511 823 1553 super
856 1499 1052 1542 materia
1083 1499 1404 1553 provisionum
1439 1499 1758 1554 ecclesiarum,
1791 1498 2094 1541 monasterio-

319 1582 422 1612 rum
443 1572 489 1612 et
510 1569 865 1623 beneficiorum,
889 1582 1032 1623 super
1055 1582 1145 1623 quo
1167 1570 1299 1612 nulla
1321 1570 1470 1612 adhuc
1489 1569 1637 1624 potuit
1657 1569 1824 1612 haberi
1846 1568 2092 1612 concordia

319 1643 364 1683 et
391 1641 473 1683 illo
500 1641 694 1683 articulo
721 1640 945 1695 impedito
971 1640 1115 1683 ceteri
1139 1640 1472 1694 impediuntur.

438 1711 524 1753 Die
566 1712 786 1753 mercurii
827 1711 950 1754 XIX.
993 1711 1208 1754 Januarii
1251 1724 1374 1754 anno
1420 1711 1779 1754 MCCCCXVIII
1821 1713 1866 1753 et
1909 1709 2091 1753 concilii

319 1784 484 1835 quarto
509 1794 631 1835 papa
657 1782 766 1825 fecit
793 1782 1117 1825 consistorium
1142 1782 1395 1837 publicum,
1422 1783 1471 1825 in
1497 1795 1587 1836 quo
1612 1795 1699 1836 pro
1722 1784 1856 1836 parte
1884 1781 1926 1824 d.
1953 1780 2092 1836 Sigis—

316 1851 478 1895 mundi
497 1852 812 1895 Romanorum
832 1853 956 1907 regis
977 1853 1066 1896 fuit
1084 1854 1230 1907 petita
1249 1853 1532 1907 approbacio
1554 1852 1801 1896 eleccionis
1820 1855 1867 1895 et
1886 1864 2090 1907 persone

319 1935 402 1966 sue
437 1923 487 1966 in
522 1935 681 1978 regem
718 1923 1031 1966 Romanorum
1068 1927 1113 1966 et
1151 1924 1455 1966 denunciacio
1492 1936 1544 1966 ac
1579 1923 1844 1966 nominacio
1878 1922 2006 1966 illius
2041 1923 2091 1965 in

317 2006 494 2048 regem;
523 2005 634 2048 rege
660 1997 817 2036 tamen
843 1994 1038 2037 absente
1067 2007 1093 2036 a
1121 1994 1408 2048 consistorio,
1436 1994 1543 2037 licet
1569 1994 1617 2036 in
1644 1994 1826 2037 civitate
1852 1996 2088 2048 presente.

316 2065 445 2119 Papa
476 2065 734 2119 respondit,
767 2065 891 2118 quod
924 2065 1212 2108 deliberaret
1244 2078 1346 2107 cum
1380 2065 1607 2108 fratribus
1641 2065 1738 2108 suis
1771 2064 2089 2107 cardinalibus

315 2138 361 2178 et
391 2135 526 2179 finito
557 2136 847 2189 consistorio,
879 2136 1095 2178 omnibus
1127 2136 1234 2178 aliis
1266 2136 1483 2189 exclusis,
1515 2148 1638 2189 papa
1668 2135 1827 2178 habita
1857 2134 2089 2177 delibera-

316 2206 446 2249 cione
475 2219 578 2249 cum
606 2206 922 2249 cardinalibus
949 2207 1175 2249 commisit
1205 2206 1386 2249 duobus
1413 2206 1660 2259 episcopis,
1687 2206 1869 2248 duobus
1895 2205 2088 2259 presby-

314 2278 443 2331 teris,
481 2277 662 2320 duobus
701 2276 922 2330 dyaconis
959 2276 1276 2319 cardinalibus
1315 2276 1716 2319 examinacionem
1754 2276 2004 2319 eleccionis
2041 2278 2087 2318 et

314 2360 532 2402 persone.

431 2419 517 2462 Die
550 2418 731 2462 sabbati
764 2418 977 2473 sequenti
1009 2418 1155 2462 XXII.
1188 2417 1400 2460 Januarii
1430 2430 1553 2472 papa
1582 2417 1730 2460 tenuit
1760 2417 2086 2460 consistorium

315 2492 560 2544 secretum,
591 2488 639 2532 in
671 2502 761 2543 quo
795 2488 1099 2532 commissarii
1132 2501 1274 2541 super
1307 2489 1543 2531 eleccione
1577 2488 1685 2531 dicti
1716 2488 1842 2542 regis
1874 2488 2087 2530 fecerunt

313 2572 435 2614 pape
479 2563 524 2603 et
567 2560 763 2614 collegio
804 2559 1113 2602 cardinalium
1155 2559 1439 2601 relacionem
1484 2571 1566 2601 sue
1610 2558 1975 2602 informacionis.
2031 2558 2086 2600 Et

315 2643 595 2685 quamquam
621 2631 766 2674 multa
791 2630 1064 2672 viderentur
1092 2630 1278 2672 obstare
1307 2641 1393 2671 nec
1420 2629 1675 2672 haberetur
1703 2629 1940 2672 decretum
1966 2629 2086 2672 elec-

315 2701 474 2756 cionis,
497 2701 585 2744 fuit
607 2704 764 2744 tamen
787 2702 1069 2754 conclusum,
1094 2700 1216 2753 quod
1240 2703 1414 2742 attento
1439 2700 1538 2742 loco
1560 2703 1608 2743 et
1631 2699 1735 2743 aliis
1759 2699 1917 2743 multis
1940 2702 2084 2742 atten-

313 2773 372 2815 tis
397 2772 538 2815 fieret
563 2771 845 2826 approbacio
870 2775 914 2814 et
940 2770 1252 2823 confirmacio,
1277 2769 1361 2813 sed
1385 2770 1653 2813 dicerentur
1677 2770 1777 2824 regi
1800 2770 1982 2824 private
2007 2769 2085 2812 de-

313 2842 463 2886 fectus
489 2843 575 2897 sui,
600 2843 802 2885 maxime
828 2843 877 2884 in
903 2854 1048 2895 regno
1073 2840 1324 2895 Hungarie,
1351 2840 1399 2882 in
1425 2853 1515 2894 quo
1541 2841 1729 2895 publice
1755 2840 1934 2894 dicitur,
1960 2839 2084 2894 quod

417 2963 446 2991 a)
468 2959 504 2990 Β,
530 2960 558 2991 (”,
580 2959 609 2984 D
629 2959 714 2992 irriy
735 2959 862 2985 octava.

432 3006 465 3050 1)
497 3007 619 3042 Hardt
649 3006 715 3050 IV,
747 3007 837 3042 1500
850 3005 885 3051 Ῐ,·
918 3006 1045 3041 Mansa·
1075 3004 1235 3049 XXVII,
1267 3004 1397 3049 11727.
