2102 3444
375 234 460 277 674
809 230 874 264 ΙΙΙ.
908 227 1116 263 Abschnilt.
1160 225 1313 261 Reform
1345 226 1422 260 und
1456 225 1705 270 Verfassung.

493 352 641 403 Super
682 347 885 390 secundo
926 346 1132 399 articulo,
1176 344 1393 386 videlicet
1446 343 1515 386 de
1570 344 2102 387 reservacionibu

413 436 437 464 e
454 423 480 463 d
499 423 508 463 i
527 437 546 462 s
583 434 607 462 a
624 434 651 473 p
668 433 729 461 os
745 422 759 460 t
775 432 801 459 o
817 419 828 459 l
846 418 858 458 i
875 430 950 458 ce.
990 416 1166 458 Placuit
1191 415 1389 468 nacioni,
1416 415 1538 468 quod
1565 414 1780 458 dominus
1804 419 1964 458 noster
1987 418 2102 459 utat1

377 490 777 534 reservat-ionibus
800 489 912 530 iuris
932 487 1146 529 videlicet
1162 499 1197 528 c.
1215 486 1348 539 ,l'icet‘
1363 488 1411 528 et
1423 498 1458 527 c.
1476 485 1713 538 ,presenti‘
1731 485 1788 527 de
1802 486 1998 540 preben.
2014 487 2062 529 li.
2076 486 2102 529 W

377 569 419 606 et
450 563 778 613 extravagante
812 559 1038 601 ,Iohannis
1071 557 1234 610 XXII,
1266 557 1344 610 qui
1378 556 1555 609 incipit:
1590 557 1909 610 ,Execrabilis‘
1941 560 1989 600 et
2019 570 2102 611 quc

377 634 479 675 aliis
504 645 592 673 non
617 635 769 673 utatur
792 642 843 672 ac
864 642 1007 671 novas
1031 627 1384 670 reservaciones
1406 640 1499 669 non
1523 627 1722 670 inducat.

491 704 640 755 Super
679 701 759 742 Ill.
795 704 840 743 et
874 699 994 741 XVI.
1032 699 1241 751 articulo,
1275 697 1492 740 videlicet
1528 698 1596 740 de
1641 699 1899 742 annatis
1944 710 2102 742 comt

377 775 558 815 uibus
617 776 672 814 et
730 769 987 813 minutis
1046 768 1350 812 serviciis
1410 771 1467 811 et
1525 768 1593 810 de
1652 769 2102 821 provisionibu

379 856 528 897 pape
576 846 632 884 et
679 841 1116 883 cardinalium.
1164 840 1303 882 Nacio
1338 843 1426 881 stat
1461 839 1507 881 in
1540 839 1650 882 aliis
1686 839 2022 883 deliberacioni
2056 853 2102 894 p(

375 914 584 965 eandem,
611 912 839 963 videlicet,
866 912 989 964 quod
1014 911 1144 953 nullo
1170 911 1271 952 iure
1298 910 1528 952 debentur
1554 911 1787 964 vacancie,
1812 911 2073 954 communia
2096 927 2102 949 t

377 986 549 1026 minuta
587 983 782 1025 servicia
819 996 869 1024 ac
907 985 1090 1024 annate.
1141 981 1476 1026 Nichilomiinus
1510 981 1633 1023 dicta
1669 982 1804 1024 nacio
1838 981 1984 1024 volui-t
2017 981 2061 1025 d.
2096 995 2102 1024 1

376 1068 494 1108 pape
535 1068 584 1097 ac
625 1055 666 1096 d.
707 1053 1021 1096 cardinalibus
1060 1052 1311 1106 providere
1349 1055 1398 1094 et
1437 1052 1616 1094 eisdem
1657 1052 1852 1094 offerre.
1904 1053 1960 1095 Et
1998 1052 2101 1095 offe

376 1129 545 1167 tantam
572 1129 616 1167 et
641 1125 779 1168 talem
805 1123 1134 1177 provisionem,
1158 1123 1295 1165 sicuti
1322 1123 1412 1165 alie
1439 1123 1621 1176 singule
1646 1123 1869 1166 naciones
1893 1122 2073 1166 offerre
2099 1142 2102 1160 ι

376 1199 529 1238 lacere
555 1195 787 1237 voluerint
808 1208 909 1236 cum
935 1194 1111 1236 effectu
1136 1197 1181 1236 et
1206 1193 1443 1246 maiorem,
1468 1194 1507 1236 si
1533 1207 1650 1247 opus
1675 1193 1829 1239 fuerit.
1868 1194 1923 1237 Et
1945 1194 1995 1236 in
2019 1206 2102 1237 eas·

375 1280 463 1319 quo
490 1267 571 1309 fiat
598 1266 860 1308 huiusmodi
888 1265 1107 1318 provisio,
1137 1265 1194 1307 de
1221 1277 1312 1317 qua
1338 1264 1610 1308 tractabitur
1635 1277 1737 1307 cum
1763 1264 1929 1307 eodem
1956 1265 2102 1307 domir

376 1341 545 1389 nostro,
584 1338 727 1379 voluit
765 1336 911 1389 nacio,
950 1336 1072 1389 quod
1111 1336 1196 1378 fiat
1232 1348 1320 1389 per
1354 1335 1544 1378 modum
1583 1336 1858 1379 tollerancie
1896 1348 2045 1389 usque
2085 1347 2102 1378 a

375 1408 742 1460 quinquennium
771 1410 815 1449 et
846 1407 969 1459 quod
998 1419 1084 1459 pro
1112 1406 1408 1449 monasteriis
1438 1407 1688 1448 mulierum
1717 1405 1982 1449 indistincte
2011 1409 2056 1449 et
2085 1406 2102 1448 (ἰ

374 1478 658 1531 pauperibus
686 1477 932 1521 beneficiis
961 1477 1066 1519 licet
1093 1477 1346 1520 reservatis
1375 1489 1601 1519 summam
1628 1477 1812 1519 XXIIII
1841 1477 1946 1521 libr.
1973 1477 2102 1519 Turo:

377 1562 465 1590 non
503 1549 729 1590 excedant
766 1548 1024 1601 importatis
1057 1549 1130 1590 eis
1168 1548 1224 1590 de
1260 1548 1369 1591 aliis
1404 1547 1651 1591 beneficiis
1687 1547 1846 1602 vigore
1882 1548 2102 1602 graciaru:

374 1621 447 1661 vel
472 1620 709 1661 ordinarie
734 1619 1000 1661 collacionis
1025 1619 1210 1661 interim
1237 1618 1532 1672 assequende
1554 1631 1608 1661 *ac
1633 1618 1690 1660 de
1715 1617 2102 1672 permutacionibl

375 1690 512 1731 nichil
539 1690 744 1732 solvatur
768 1702 850 1732 seu
872 1689 1100 1743 exigatur.
1143 1690 1270 1732 Idem
1295 1690 1352 1731 de
1378 1689 1790 1743 surrogacionibus
1810 1692 1857 1732 et
1880 1689 1938 1731 de
1960 1688 2102 1743 gracii

375 1763 418 1802 et
470 1761 526 1802 de
578 1761 709 1802 novis
761 1760 1123 1814 provisionibus,
1171 1760 1424 1814 presertim
1473 1760 1515 1802 si
1566 1760 1793 1814 originem
1843 1772 1939 1802 non
1970 1759 2102 1803 habu<

376 1832 465 1873 rint
505 1831 561 1873 ab
602 1832 853 1884 apostolica
893 1831 1234 1874 reservacione.
1291 1831 1403 1874 Item
1443 1831 1566 1884 quod
1605 1831 1659 1874 fit
1697 1831 1913 1873 reduccio
1949 1833 2056 1874 taxe
2095 1829 2102 1872 i

374 1902 586 1943 omnibus
614 1903 882 1957 prelaturis,
910 1902 1214 1955 dignitatibus
1244 1906 1289 1946 et·
1317 1901 1579 1955 beneficiis,
1607 1902 1857 1956 presertim
1882 1901 1934 1944 zin
1962 1900 2102 1945 Gallu

375 1976 564 2025 propter
589 1974 866 2027 tenuratasss)
895 1973 1127 2015 fructuum
1149 1976 1197 2015 et
1221 1973 1403 2027 inopias
1430 1973 1488 2015 ad
1508 1973 1713 2016 mediam
1737 1976 1906 2016 taxam.
1943 1972 1998 2015 Et
2020 1971 2102 2014 ide:

376 2042 431 2083 de
458 2043 777 2086 communibus
802 2047 848 2086 et
872 2044 1060 2087 minutis
1088 2044 1312 2097 serviciis,
1337 2044 1378 2086 vsi
1406 2045 1660 2098 solvantur,
1686 2043 1832 2086 eciam
1855 2043 1919 2086 =a²d
1942 2042 2102 2086 media

376 2114 667 2157 reducantur.
704 2115 758 2156 Et
782 2115 820 2157 si
844 2114 926 2157 illa
948 2118 1055 2157 taxa
1079 2115 1137 2157 ad
1159 2114 1470 2168 medietatem,
1495 2115 1611 2158 sicut
1634 2114 1930 2169 premittitur,
1953 2113 2102 2156 reduci

376 2184 528 2236 alique
563 2185 759 2226 ecclesie
795 2185 943 2227 adhuc
979 2189 1223 2228 manerent
1256 2188 1461 2239 gravate,
1495 2186 1654 2239 voluit,
1690 2185 1814 2238 quod
1846 2188 1954 2228 taxa
1988 2183 2102 2227 huriu

376 2255 496 2296 modi
519 2255 583 2296 sic
604 2255 793 2298 reducta
812 2256 872 2298 sad
895 2256 1099 2298 debitam
1120 2259 1165 2298 et
1187 2256 1474 2299 moderatam
1496 2260 1651 2298 taxam
1672 2255 1982 2300 conside-ratis
2000 2255 2102 2298 facu

376 2325 544 2367 tatibus
582 2326 804 2368 dictarum
840 2327 1144 2369 ecclesiarum
1180 2327 1442 2370 reducatur.
1491 2327 1546 2369 Et
1583 2327 1621 2370 si
1658 2326 1858 2381 dignitas
1893 2326 1969 2368 vel
2003 2326 2102 2368 bem

376 2395 531 2437 ficium
556 2396 818 2439 huiusmodi
844 2397 915 2440 bis
940 2399 1015 2440 vel
1040 2398 1221 2451 pluries
1245 2397 1292 2439 in
1318 2410 1441 2440 anno
1464 2400 1608 2451 vacet,
1632 2410 1726 2439 non
1749 2397 1958 2440 solvatur
1980 2407 2102 2439 vaca]

376 2466 457 2518 cla,
494 2466 583 2508 nisi
623 2468 767 2509 semel
806 2480 948 2521 super
986 2469 1223 2511 solucione
1261 2469 1586 2511 vacanc'iarum
1623 2481 1707 2511 seu
1746 2470 2021 2510 annatarum
2057 2479 2102 2521 p]

376 2537 640 2588 provisione
682 2537 854 2580 domini
895 2538 1042 2581 nostri
1084 2543 1129 2581 et
1166 2539 1475 2581 cardinalium
1513 2539 1799 2581 concord-are
1838 2534 2102 2592 contigerit*

384 2607 490 2648 Item
533 2620 656 2661 casu,
698 2622 787 2661 quo
829 2621 915 2662 per
957 2622 1119 2652 omnes
1160 2609 1279 2652 ⁴alias
1321 2610 1543 2652 naciones
1586 2609 1914 2663 provideretur
1957 2607 2102 2652 domin

375 2681 532 2719 nostro
555 2682 599 2720 et
626 2679 666 2720 d.
694 2679 1011 2723 cardinalibus
1034 2693 1121 2733 pro
1147 2680 1384 2723 solucione
1411 2683 1687 2723 annatarum
1711 2692 1797 2722 seu
1819 2679 2102 2722 vacanciaru]

375 2751 450 2789 aut
486 2749 792 2791 communium
827 2753 872 2792 et
906 2751 1188 2792 minutorum
1222 2751 1539 2804 serviciorum,
1573 2750 1815 2793 videretur
1848 2748 2102 2793 statuendum

376 2830 458 2869 pro
488 2818 728 2862 honestate
761 2820 802 2862 d.
834 2833 877 2862 n.
907 2833 1029 2874 pape
1058 2824 1106 2863 et
1135 2821 1275 2874 curie,
1307 2821 1431 2874 quod
1459 2834 1546 2874 pro
1574 2821 1822 2874 premissis
1849 2833 1944 2863 non
1973 2819 2102 2863 retin·

377 2892 536 2930 rentur
558 2890 684 2931 bulle
706 2903 790 2932 nec
813 2891 958 2933 eciam
979 2891 1025 2932 in
1049 2904 1232 2934 camera
1255 2891 1338 2934 sed
1360 2892 1453 2934 alio
1472 2892 1610 2934 modo
1629 2891 1871 2934 honestius
1891 2886 2037 2945 super
2054 2890 2102 2933 h<

377 2959 714 3013 provideretur,
757 2964 805 3002 ut
849 2962 1069 3004 scandala
1109 2963 1314 3006 vitentur
1353 2965 1402 3005 et
1443 2962 1661 3016 alloquia,
1705 2974 1797 3015 que
1835 2961 2011 3004 exinde
2053 2971 2102 3003 or

378 3032 513 3069 untur
534 3034 578 3072 et
598 3031 719 3082 quod
741 3031 1070 3085 obligacioneS,
1093 3045 1182 3085 que
1204 3046 1231 3075 a
1249 3035 1459 3086 tempore
1481 3032 1819 3086 assumpoionis
1839 3031 1947 3075 duicti
1966 3029 2102 3075 dom-il

481 3138 510 3159 a)
531 3134 569 3158 ‚Su
592 3141 638 3159 or.
660 3133 813 3160 vielleicht
836 3134 1017 3168 penuriam.
1074 3135 1105 3167 b)
1126 3136 1164 3163 So
1187 3143 1233 3165 ω’.
