2102 3444
740 301 815 371 Α.
872 297 1547 375 Reformtraktate.

346 461 383 490 ει.
419 447 499 489 Ein
534 456 787 497 anonymer
819 441 1178 484 Reiormtraktat
1215 453 1298 483 aus
1332 441 1416 483 der
1450 443 1607 482 ersten
1640 438 1935 483 Konzilszeit.

376 528 622 569 lx'iiniqsbvrq,
652 524 904 558 §latussim-cliii·
933 524 1010 557 rod.
1040 523 1153 556 elmi-t.
1181 523 1250 557 377
1277 531 1366 564 pars
1392 523 1412 555 4
1440 522 1466 565 Ῐ.
1496 523 1525 555 J.

378 612 570 662 Propter
597 609 806 650 defectus
834 607 1081 648 multorum
1112 606 1155 646 in
1184 606 1267 647 hac
1295 604 1459 646 cedula
1485 606 1820 657 contentorum,
1847 603 1905 646 ad
1932 615 2027 645 cor-

262 682 513 723 reccionem
540 680 764 721 malorum
791 681 834 720 et
859 678 1139 718 exercicium
1167 677 1391 716 bonorum
1417 675 1639 728 evigilent
1662 687 1783 716 nunc
1807 674 2028 720 naciones

261 754 610 802 Germanorum,
664 749 960 800 Ytalicorum,
1010 747 1309 800 Anglicorum
1360 749 1404 787 et
1455 746 1751 788 Francorum.
1815 745 1870 787 Et
1920 756 2028 798 quo-

262 824 381 864 niam
414 823 529 875 (‘?)²²)
561 820 697 861 nichil
732 819 919 861 intendo
947 817 1175 870 diffinire,
1204 817 1312 869 quia
1339 829 1431 857 non
1460 829 1563 858 mea
1590 814 1800 871 etc.(‘?)¹’)
1832 819 1915 869 est,
1944 814 2027 858 sed

261 895 495 934 dumtaxat
524 891 720 933 aliorum
748 893 927 931 mentes
956 901 1142 930 movere
1173 888 1230 930 ad
1259 888 1415 929 omnia
1443 887 1538 940 illa,
1567 899 1656 940 que
1685 886 1813 940 potui
1840 898 2029 939 congre-

261 977 384 1016 gare,
407 967 449 1005 et
474 966 518 1004 ut
540 963 780 1003 veritatem
804 961 974 1002 clarius
998 959 1254 1010 ostendam,
1276 958 1393 999 nulli
1418 959 1522 999 volo
1544 970 1753 1011 parcere,
1778 957 1861 1000 sed
1883 956 2028 1010 digni-

262 1038 389 1087 tates,
420 1036 697 1086 personatus
729 1035 773 1073 et
804 1031 961 1072 officia
992 1043 1042 1072 ac
1074 1033 1218 1071 status
1249 1029 1507 1081 nominare,
1538 1028 1616 1081 qui
1646 1028 1752 1070 ideo
1783 1028 1891 1070 facti
1923 1030 2028 1070 sunt

261 1107 391 1157 tales,
436 1108 479 1146 ut
520 1103 741 1156 populum
784 1102 1028 1154 nutriant)
1074 1104 1118 1142 et
1161 1103 1455 1152 conservent3
1500 1111 1611 1152 ergo
1653 1102 1845 1152 propter
1884 1111 2029 1152 popu-

264 1177 354 1216 lum
379 1178 460 1217 etc.

380 1257 531 1298 Primo
569 1260 718 1298 utrum
757 1256 813 1297 sit
849 1254 1110 1307 expediens
1146 1254 1203 1295 ad
1241 1253 1479 1294 vitandum
1517 1253 1686 1294 multas
1724 1252 2029 1305 suspiciones,

261 1329 381 1381 quod
414 1327 620 1381 quelibet
652 1326 782 1368 nacio
815 1327 888 1367 vel
923 1326 1075 1367 saltim
1108 1324 1347 1377 provincia
1380 1324 1550 1365 habeat
1581 1324 1629 1364 in
1661 1323 1856 1365 concilio
1886 1334 2028 1364 unum

262 1399 503 1451 notarium,
530 1399 605 1450 qui
633 1397 803 1439 scribat
829 1396 982 1438 omnia
1008 1399 1053 1438 et
1079 1395 1276 1448 singula,
1303 1407 1391 1447 que
1420 1395 1466 1435 in
1493 1407 1624 1436 sacro
1651 1393 1844 1435 concilio
1868 1395 2030 1435 tracta-

263 1471 430 1511 buntur
463 1472 508 1510 et
541 1468 887 1520 concludentur,
921 1471 970 1509 ut
1005 1467 1051 1507 in
1086 1466 1293 1507 futurum
1327 1478 1421 1507 non
1454 1465 1634 1518 possint
1666 1464 1714 1506 in
1746 1461 2025 1518 posterumd)

263 1541 318 1581 ab
355 1540 521 1581 emulis
558 1539 857 1592 tergiversari
897 1550 980 1579 seu
1016 1537 1278 1590 impugnari
1316 1535 1640 1589 quoquomodo
1678 1539 1755 1577 aut
1792 1534 2029 1588 denegari.

378 1621 539 1663 Utrum
562 1620 895 1662 contendentes
920 1619 1010 1661 sint
1031 1631 1152 1660 nunc
1175 1618 1341 1660 iterum
1365 1616 1738 1670 condempnandi
1761 1617 1835 1658 vel
1856 1614 2028 1658 citandi

263 1705 346 1744 pro
381 1693 550 1733 unione
587 1691 745 1733 fienda
782 1694 1014 1743 tamquam
1051 1690 1107 1731 de
1145 1689 1241 1730 fide
1278 1689 1496 1741 suspecti,
1532 1687 1655 1740 quod
1689 1687 1926 1741 purgentc)
1964 1697 2029 1738 se,

263 1762 470 1814 quamvis
506 1762 620 1804 alias
656 1763 846 1804 fuerunt
880 1760 1107 1813 requisiti,
1143 1760 1279 1812 citati,
1315 1759 1476 1801 moniti
1512 1759 1569 1801 ab
1603 1761 1800 1811 utroque
1834 1756 2031 1810 collegio

264 1834 307 1873 in
341 1834 473 1885 Pisis,
505 1845 592 1885 que
625 1832 777 1874 omnia
809 1834 1189 1884 contempserunt
1219 1834 1265 1873 et
1294 1833 1342 1872 ut
1374 1830 1580 1872 rebelles
1611 1828 2030 1882 exprobraverunt.

261 1903 424 1953 Quero.
459 1904 494 1945 si
527 1907 618 1945 tota
648 1903 896 1955 posteritas
925 1915 1089 1944 eorum
1121 1902 1167 1942 in
1200 1901 1470 1943 memoriam
1501 1903 1733 1942 tantorum
1763 1895 2027 1952 malorumf)
2093 1932 2096 1935 Α

264 1978 307 2014 et
340 1974 396 2015 ad
429 1974 694 2026 exemplum
728 1973 924 2014 aliorum
958 1974 1147 2014 veniant
1181 1973 1226 2013 in
1260 1972 1467 2013 futurum
1500 1970 1624 2013 omni
1655 1970 1953 2024 promocione
1986 1970 2030 2010 et
2061 2018 2064 2019 7

265 2044 485 2096 dignitate
512 2057 561 2085 ac
588 2044 762 2085 honore
790 2044 977 2096 privari.

381 2126 541 2168 Utrum
568 2126 624 2167 sit
647 2126 904 2177 expediens
928 2138 1012 2178 pro
1037 2125 1206 2167 unione
1232 2124 1462 2176 habenda,
1487 2123 1610 2176 quod
1634 2123 1724 2176 ipsi
1748 2125 1843 2164 tres
1866 2120 2030 2163 cedant

266 2197 524 2238 successive
561 2198 633 2237 vel
669 2209 788 2237 unus
822 2209 908 2249 pro
943 2196 1170 2248 omnibus,
1206 2208 1265 2236 ne
1301 2195 1447 2248 possit
1483 2207 1588 2236 esse
1625 2193 1876 2247 sophisma,
1912 2194 1957 2234 et
1991 2189 2029 2233 si

266 2267 432 2318 aliquis
470 2267 651 2308 illorum
687 2267 824 2308 trium
861 2268 918 2308 sit
953 2267 1009 2308 de
1046 2279 1166 2308 novo
1201 2265 1465 2318 eligendus,·
1503 2277 1604 2306 cum
1640 2263 1874 2306 eleccione
1910 2261 2030 2304 facta

266 2337 321 2377 de
354 2337 499 2378 altero
532 2337 714 2377 illorum
748 2338 828 2389 illi,
861 2338 937 2389 qui
969 2340 1075 2378 ante
1107 2337 1153 2378 in
1185 2349 1268 2378 sua
1298 2335 1571 2378 obediencia
1602 2335 1806 2386 fuerunt,
1837 2333 2031 2386 possunt

267 2406 436 2448 dicere:
480 2407 603 2449 Deus
630 2407 754 2449 dedit
780 2408 928 2459 nobis,
955 2408 1077 2459 quod
1104 2407 1273 2449 iustum
1300 2409 1414 2460 erat,
1441 2409 1486 2448 et
1512 2406 1576 2448 sic
1603 2405 1681 2447 alii
1707 2404 1897 2446 fuerunt
1922 2403 2030 2445 scis-

268 2478 430 2530 matici,
467 2481 511 2519 et
547 2477 608 2519 sic
645 2479 811 2530 poterit
848 2478 1092 2530 insurgere
1133 2478 1205 2531 (52)
1244 2490 1401 2519 rumor
1436 2488 1631 2530 magnus
1665 2487 1819 2528 ymmo
1852 2473 2030 2528 pericu-

270 2549 393 2589 losus
435 2548 478 2588 in
520 2549 690 2600 populo
730 2549 880 2600 quoad
922 2562 1088 2601 corpus
1129 2551 1173 2590 et
1215 2549 1430 2600 animam,
1473 2546 1595 2600 quod
1635 2546 1827 2587 multum
1869 2543 2029 2587 adver-

266 2617 453 2659 tendum
482 2621 563 2660 est.

383 2699 542 2741 Utrum
567 2700 623 2741 sit
646 2700 890 2752 eligendus
914 2701 1083 2753 aliquis
1107 2714 1165 2742 ex
1189 2699 1387 2741 dominis
1411 2698 1742 2751 cardinalibus,
1765 2709 1867 2739 cum
1890 2692 2027 2738 simili

268 2769 400 2809 modo
429 2769 517 2810 sint
546 2770 602 2810 de
632 2770 779 2812 tribus
809 2771 952 2822 peciis
982 2774 1026 2812 et
1055 2772 1266 2823 partibus
1295 2774 1341 2812 et
1368 2771 1515 2812 eciam
1543 2781 1602 2810 ne
1633 2769 1693 2810 sit
1720 2767 1826 2810 talis
1853 2767 2051 2809 electus

269 2839 416 2879 minus
452 2840 724 2883 favorabilis
761 2842 991 2893 quondam
1029 2842 1247 2894 magistro
1284 2854 1367 2883 suo
1403 2841 1477 2881 vel
1512 2852 1607 2882 non
1640 2841 1795 2881 utatur
1830 2835 2027 2880 sciencia

371 2948 398 2967 aii
427 2943 467 2967 lss·
488 2950 582 2974 «μιειιιι
605 2944 642 2969 :id
667 2945 781 2970 niuniu⁴
860 2945 890 2968 bi
916 2946 958 2970 lls
982 2945 1137 2970 nnsis-hri:
1201 2953 1228 2969 ci
1254 2945 1297 2970 lls
1318 2942 1474 2970 nutriunt.
1531 2942 1563 2977 (1)
1583 2943 1630 2969 Hs
1649 2949 1693 2970 80.
1762 2942 1790 2975 υ)
1811 2941 1858 2968 IIS
1877 2943 2028 2975 Purgssns·

265 2989 287 3014 1·
314 2989 354 3013 ΙΙκ
375 2989 554 3015 ιιιειΙίιιιῚιιιι.

2090 3283 2102 3310 .¹.

2059 3312 2082 3325 ’Υ

1975 3431 2001 3444 ⁴1*
