2102 3444
251 107 334 149 582
696 102 759 135 llI.
788 99 998 135 Abschnill.
1038 97 1191 131 Reform
1221 97 1297 130 und
1326 95 1575 139 Verl'assung.

309 186 326 201 ‹-

252 224 372 268 dum,
410 222 577 262 milites
613 219 927 271 escutit'eros²¹)
966 216 1022 258 ad
1059 213 1386 266 assistendum,
1422 216 1704 255 mercatores
1739 212 2016 256 corratarios

254 294 307 335 ad
351 292 576 333 beneficia
615 288 924 338 vendendum,
962 290 1009 327 ut
1047 298 1148 326 cum
1188 285 1324 326 beato
1361 283 1620 326 Laurencio
1658 283 1813 325 dicere
1848 283 2014 336 possit:

255 362 493 414 l>ispcrsit,
528 361 651 402 dedit
687 357 1030 411 pauperibus¹),
1063 359 1109 397 et
1140 368 1241 397 cum
1274 354 1576 407 psalmista²):
1623 353 1808 407 Beatus,
1841 353 1920 407 qui
1951 354 2018 396 in-

255 433 413 484 telligit
454 444 594 483 super
631 441 826 481 egenum
865 431 910 469 et
948 438 1218 480 pauperem,
1257 438 1342 478 pro
1379 424 1547 477 quibus
1584 424 1686 477 ipse
1726 423 2017 468 constituitur

252 502 568 555 principaliter
602 500 658 542 ad
697 500 813 540 bona
848 498 1045 539 ecclesie
1080 497 1194 549 ipsis
1229 495 1553 538 distribuenda
1585 498 1632 537 et
1663 507 1828 548 preces
1860 506 2018 548 pecca-

252 574 426 614 toribus
460 570 747 612 infundando
780 582 829 610 ac
861 568 981 609 inter
1014 568 1159 608 Deum
1191 570 1235 608 et
1265 567 1479 608 homines
1510 577 1672 618 pacem
1703 565 1943 609 tractando
1973 567 2018 608 et

252 643 370 695 quod
404 655 534 683 suum
567 644 636 683 est
666 640 856 681 cuilibet
890 638 1144 690 reddendo,
1177 636 1392 679 omnibus
1424 635 1690 678 indistincte
1722 648 1884 679 aurem
1914 647 2019 690 pre-

252 713 402 754 bendo
429 716 471 753 et
500 711 767 752 nullomodo
796 708 1229 762 particularisando.

366 783 526 824 Utrum
560 782 617 823 sit
648 781 907 833 expediens
938 783 1130 832 propter
1163 777 1377 831 invidias,
1409 790 1514 831 que,
1545 777 1626 819 diu
1656 781 1741 831 est,
1770 780 2019 820 currerunt

253 854 294 894 in
324 853 594 894 nacionibus
623 851 821 893 diversis
850 853 1042 903 propter
1070 852 1304 902 papatum,
1334 848 1457 901 quod
1486 849 1662 891 scilicet
1689 848 1792 902 ipse
1818 851 2018 902 papatus

252 927 455 965 transeat
490 923 545 964 de
582 922 773 963 nacione
810 921 867 963 ad
902 920 1158 972 nacionem,
1193 922 1241 961 ut
1277 920 1442 961 saltem
1478 931 1537 960 ex
1570 919 1656 960 hoc
1689 921 2018 962 convertantur

251 994 384 1036 Greci
414 997 457 1035 et
485 993 614 1034 multi
645 993 722 1034 alii
752 995 796 1033 et
823 995 929 1033 tunc
959 990 1205 1044 apparebit
1233 993 1391 1032 contra
1422 990 1736 1044 obloqutores‚
1766 1001 1857 1043 que
1883 990 2018 1032 naoio
2080 1034 2082 1036 ,

251 1064 462 1106 babuerit
497 1063 750 1115 meliorem,
786 1063 823 1104 si
857 1062 913 1103 de
949 1061 1164 1103 omnibus
1199 1061 1382 1102 cronice
1417 1060 1548 1102 fiant.
1595 1060 1650 1102 Et
1683 1060 1748 1102 sic
1782 1063 1920 1103 erunt
1951 1059 2018 1103 VI

250 1135 466 1176 naciones
493 1134 666 1176 scilicet
691 1133 981 1184 Germanica,
1008 1132 1278 1184 Anglicana,
1306 1130 1499 1183 Gallica,
1526 1130 1772 1185 Yspanica‚
1799 1130 1949 1174 Greca
1973 1133 2019 1173 et
2077 1183 2079 1186 ι

252 1206 440 1247 Ytalica.
494 1205 544 1246 Et
585 1205 657 1245 hic
695 1203 944 1244 videndum
984 1206 1067 1255 est,
1108 1202 1185 1244 ubi
1226 1203 1314 1244 erit
1354 1201 1507 1254 sedeS,
1547 1202 1584 1244 si
1624 1205 1846 1256 sequetur
1885 1214 2017 1244 suam

250 1276 488 1317 nacionem
515 1276 586 1315 vel
615 1274 701 1316 erit
728 1275 773 1315 in
799 1274 965 1316 medio.

365 1346 526 1387 Utrum
557 1358 677 1398 papa
710 1347 923 1386 teneatur
955 1344 1203 1397 providere
1238 1344 1295 1385 de
1327 1355 1420 1386 uno
1450 1343 1600 1396 probo
1630 1344 1733 1385 viro
1762 1343 2018 1396 visitatore,

250 1417 326 1468 qui
357 1419 444 1457 stet
474 1416 518 1457 in
551 1416 678 1457 Rodo
710 1416 767 1457 ad
799 1414 1161 1456 examinandum
1193 1418 1238 1456 et
1268 1414 1599 1467 inquirendum
1630 1417 1929 1458 transeuntes
1959 1413 2018 1456 ad

250 1490 418 1528 terram
453 1487 730 1539 infidelium,
764 1499 864 1527 cum
898 1486 1027 1527 multi
1062 1486 1147 1528 sub
1180 1485 1261 1527 tali
1295 1486 1459 1527 umbra
1491 1488 1678 1538 portent
1709 1485 1778 1526 e'is
1812 1497 1941 1528 arma
1972 1487 2018 1527 et

251 1557 339 1599 alia
366 1557 502 1599 vetita
531 1557 586 1597 de
615 1557 729 1609 iure,
758 1560 802 1598 et
829 1557 953 1609 quod
979 1556 1112 1610 peius
1138 1559 1223 1609 est,
1251 1554 1526 1611 abnegant¹’)
1554 1568 1641 1609 pro
1669 1555 1848 1599 modico
1872 1555 2018 1598 fidem

251 1627 420 1668 domini
452 1628 596 1670 nostri
627 1628 772 1670 ‚Jhesu
802 1626 985 1670 Christi.

366 1698 527 1739 Utrum
568 1711 688 1751 papa
730 1701 942 1741 teneatur
982 1698 1231 1751 providere
1273 1698 1330 1739 de
1370 1710 1464 1740 uno
1504 1697 1746 1740 sanctifico
1784 1697 1900 1751 viro,
1939 1697 2017 1751 quei
2084 1688 2102 1719 ‘⁴

251 1768 399 1810 visitet
428 1769 603 1810 insulas
634 1769 897 1811 infidelium
925 1770 982 1811 ad
1008 1768 1404 1811 corroborandum
1433 1781 1510 1823 cor
1537 1765 1832 1810 credencium
1860 1768 2018 1811 deten-

252 1842 395 1879 torum
437 1840 505 1879 vel
550 1840 719 1881 ibidem
763 1840 856 1881 Deo
896 1840 1267 1881 deserviencium
1306 1845 1351 1883 et
1389 1840 1447 1882 ad
1485 1839 1864 1893 scismaticorum,
1903 1839 2018 1882 sicut

252 1913 374 1950 tenet
403 1910 570 1950 ibidem
598 1901 889 1952 collectorem
916 1911 973 1952 ad
998 1911 1274 1964 capiendum
1302 1910 1464 1964 spolia.
1503 1911 1558 1954 Et
1583 1911 1648 1953 sic
1671 1910 1870 1964 videtur,
1894 1909 2018 1964 quod

253 1992 341 2020 non
368 1981 426 2021 sit
451 1980 626 2021 mencio
652 1981 708 2022 de
734 1981 830 2022 fide
857 1985 925 2023 set
951 1982 1007 2023 de
1033 1982 1188 2024 bursa.

371 2050 528 2091 Utrum
554 2064 674 2103 papa
703 2052 869 2093 debeat
896 2053 1107 2105 recipere
1137 2053 1286 2105 spolia
1313 2053 1601 2105 prelatorum
1626 2055 1674 2094 et
1700 2051 1912 2106 aliorum,
1937 2052 2016 2105 qui

252 2132 339 2160 non
374 2120 629 2162 moriuntur
662 2122 705 2162 in
739 2122 878 2174 curia,
911 2136 1010 2164 cum
1044 2123 1101 2164 de
1133 2123 1248 2176 ipsis
1281 2123 1443 2176 spoliis
1472 2125 1666 2176 possent
1697 2123 1744 2164 in
1775 2122 2016 2176 plerisque

255 2190 362 2231 locis
400 2192 535 2232 scribi
576 2192 696 2243 libri,
733 2194 819 2233 emi
861 2194 1042 2246 calices,
1081 2194 1302 2247 missalia,
1341 2193 1626 2246 indumenta,
1662 2196 1935 2247 paramenta
1971 2195 2018 2235 et

253 2261 535 2312 pauperibus
576 2262 789 2304 distribui
830 2267 875 2305 et
913 2264 1130 2306 resarciri
1170 2264 1369 2306 ecclesia
1409 2268 1454 2307 et
1493 2264 1708 2318 coperiri,
1749 2264 1806 2306 de
1847 2263 2016 2318 quibus

252 2331 463 2373 omnibus
510 2332 694 2373 diverse
740 2333 958 2386 indigent.
1017 2335 1095 2377 Set
1138 2335 1271 2387 peius
1316 2338 1399 2388 est,
1443 2336 1563 2378 tales
1606 2335 1880 2378 collectores
1923 2345 2016 2376 non

252 2401 539 2443 satisl'aciunt
574 2404 876 2446 servitoribus
913 2405 1117 2448 defuncti
1155 2409 1224 2448 set
1261 2406 1341 2448 illa
1374 2409 1561 2459 portant
1596 2405 1870 2459 parentibus
1905 2404 2015 2458 suis,

256 2471 365 2513 l'iliis
387 2475 430 2513 et
452 2473 655 2525 filiabus,
677 2478 721 2516 et
742 2487 861 2527 papa
884 2476 1020 2518 babet
1042 2476 1320 2529 quandoque
1343 2477 1571 2518 minorem
1591 2479 1773 2530 partem
1792 2476 1839 2518 in
1858 2476 2014 2529 bursa,

254 2542 399 2583 maius
424 2542 670 2595 dampnum
697 2544 739 2584 in
765 2545 1069 2598 consciencia;
1097 2559 1238 2599 super
1260 2547 1350 2589 hiis
1374 2547 1501 2589 bene,
1518 2550 1568 2590 et
1589 2547 1892 2590 laudabiliter
1912 2558 2015 2600 pro-

253 2611 361 2653 vidit
390 2614 634 2654 recolendo
666 2617 885 2657 memorie
914 2617 956 2658 d.
986 2617 1257 2659 Alexander
1284 2618 1338 2660 V.
1369 2617 1503 2670 Pisis,
1530 2630 1620 2671 que
1649 2630 1842 2660 servare
1867 2615 2015 2660 noluit

252 2682 352 2723 cius
375 2695 625 2726 successor.
660 2685 855 2727 Narrent
880 2688 945 2728 illi
969 2688 1025 2729 de
1053 2688 1207 2741 lingua
1230 2688 1458 2741 Occitana,
1481 2688 1528 2730 in
1551 2688 1761 2742 Francia,
1783 2686 2011 2741 Lodone³)

252 2751 294 2791 in
328 2752 566 2795 Provincia
596 2759 638 2796 et
669 2755 713 2796 in
743 2757 955 2807 pluribus
985 2758 1110 2800 locis.

356 2851 385 2868 a»
410 2845 498 2869 llis-m
525 2846 659 2871 Iliun-vis
684 2848 746 2878 “¹'l'
764 2848 849 2873 rium
874 2848 1058 2875 ss'iidliiniler
1080 2851 1157 2876 ndei·
1178 2851 1209 2876 ct
1230 2849 1430 2877 scutiferos?
1487 2850 1518 2878 bl
1543 2851 1587 2878 113
1607 2851 1714 2884 negat.

372 2892 400 2932 1)
430 2892 487 2925 rs.
522 2895 591 2928 11⁷1.
668 2895 698 2937 2)
726 2896 785 2930 1¹⁸.
810 2897 864 2930 40.

370 2953 401 2990 ὁ)
434 2950 582 2985 1,ω«1()ιιο
609 2953 699 2985 mler
726 2953 905 2988 Lodoue‘?
943 2956 997 2989 Ob
1023 2956 1175 2990 Jnulcve
1203 2957 1241 2991 ιή
1265 2955 1594 3000 Se'idfranlrreich?
1631 2955 1745 2992 Danu
1769 2955 1950 2992 handelte
1974 2962 2014 2989 es

253 3006 328 3039 sicli
359 3018 417 3040 um
444 3009 554 3042 «ineu
583 3010 818 3045 bcsmnleren
845 3013 935 3047 fall.
974 3013 1063 3050 1413
1085 3015 1189 3048 stari)
1213 3015 1283 3049 der
1304 3015 1452 3059 ‹lortiye
1477 3013 1639 3058 Bischof.
