2227 3434
703 138 794 173 1416
817 138 918 182 Sept.
945 138 989 173 10
1014 159 1055 163 ——
1081 138 1162 173 Okt.
1191 138 1230 172 11
1765 140 1850 183 469

85 256 287 300 0kt.11.
326 284 374 288 -
411 256 696 300 Dietrich
738 270 849 299 von
887 255 1180 299 Manster.

207 338 331 372 Tea-t
352 347 362 371 .·
404 338 466 371 Ma·
497 338 586 372 5421
614 338 640 380 7⁷.
671 340 754 375 111,·
782 338 838 371 Νῑι·
867 339 914 371 4&
940 348 974 380 μ
1001 339 1088 379 469,·
1118 338 1179 371 sle
1206 340 1252 372 ,355
1278 338 1303 380 γ’.
1337 340 1418 379 196‚·
1451 338 1499 371 Τῆ
1533 338 1589 371 Mc
1617 338 1684 371 2852
1712 338 1736 380 Ῐ.
1772 338 1851 374 117:

99 395 145 429 l'e
165 395 229 435 113
252 395 319 429 XX
338 395 364 438 Ῐ.
390 396 470 433 123:
498 396 536 428 W
555 396 648 430 ‚3759
666 396 691 438 f.
712 396 798 434 2.·5.‘),·
819 396 912 428 4958
930 396 955 438 Ϊ.
976 397 1054 430 439.

204 467 369 509 Vade
410 466 467 508 in
507 467 738 508 domum
775 470 949 509 tuam.
991 467 1083 509 Hec
1112 468 1254 509 verba
1282 467 1471 509 recitata
1499 470 1605 509 sunt
1632 467 1676 507 in
1705 478 1855 507 ewan-

87 537 209 590 gelio
236 537 476 590 hodierno,
505 538 626 590 quod
654 538 870 579 scribitur
902 538 1054 580 Matth.
1082 538 1197 579 VIII
1226 572 1233 579 .
1270 572 1277 579 .
1314 572 1321 579 .

205 631 240 673 O
286 644 416 673 sacer
461 635 587 674 cetus
635 665 642 673 .
679 665 730 673 ..
784 631 863 685 [ad
911 631 1298 673 reformacionem
1345 631 1562 685 ecclesie]
1617 632 1767 683 primo
1812 633 1855 671 te

89 714 277 744 movere
307 701 446 745 debet
476 702 631 744 divine
663 702 881 744 iussionis
911 714 1085 755 urgens
1116 702 1361 754 imperium
1393 740 1399 745 .
1437 735 1444 743 .
1481 735 1488 743 .
1534 702 1726 742 Percute
1760 734 1767 742 .
1804 734 1812 741 .
1849 733 1856 740 .

89 772 324 825 Amalech,
349 773 395 814 id
418 777 488 816 est
512 774 735 826 populum
761 772 1058 825 lambentem,
1084 772 1366 814 lambentem
1391 772 1492 814 dico
1516 772 1720 824 divicias,
1746 771 1858 812 deli-

91 844 199 895 cias,
242 844 444 886 honores
485 847 529 885 et
572 856 762 897 magnos
804 847 949 886 status
990 855 1076 896 per
1114 844 1376 895 symoniam
1419 846 1495 884 aut
1539 843 1655 884 alios
1697 845 1858 894 turpes

91 917 297 967 questus,
334 927 528 967 quorum
567 914 875 956 lambencium
912 926 1005 955 non
1042 917 1113 955 est
1149 913 1262 956 finis
1300 917 1377 955 aut
1412 925 1649 964 numerus,
1686 913 1764 965 qui
1802 911 1858 953 de

91 984 288 1027 ecclesia
328 984 541 1027 fecerunt
581 986 713 1037 quasi
756 984 1025 1037 speluncam
1068 984 1317 1035 latronum,
1360 996 1480 1025 unus
1522 982 1682 1025 lambit
1721 981 1861 1023 bene-

92 1055 249 1097 ficium
290 1055 667 1108 ecclesiasticum,
709 1055 828 1097 alius
868 1055 1029 1097 lambit
1067 1055 1290 1107 pecunias
1329 1067 1414 1107 pro
1454 1054 1700 1105 beneficio,
1740 1066 1860 1094 unus

92 1126 253 1169 lambit
289 1125 501 1168 ordinem
538 1116 733 1178 sacrum,
771 1126 890 1168 alius
927 1126 1088 1168 lambit
1124 1126 1346 1178 precium,
1383 1125 1506 1177 quod
1542 1125 1703 1177 exigit3
1741 1136 1861 1165 unus

92 1195 253 1240 lambit
286 1196 547 1250 ingressum
583 1197 838 1250 religionis,
874 1196 994 1239 alius
1030 1197 1191 1238 lambit
1224 1196 1587 1237 emolumentum
1624 1194 1862 1236 retribuci-

92 1267 212 1320 onis;
244 1280 364 1310 unus
395 1268 556 1310 lambit
586 1267 933 1309 absolucionem
964 1270 1271 1320 peccatorum,
1304 1266 1422 1308 alius
1455 1266 1616 1308 lambit
1647 1277 1863 1317 augmen-

93 1341 187 1380 tum
221 1337 520 1380 denariorum
557 1372 564 1380 .
601 1372 609 1380 .
645 1372 654 1380 .
702 1339 755 1380 Et
790 1339 853 1380 sic
887 1338 944 1379 de
979 1339 1098 1389 aliis,
1134 1338 1242 1390 quia
1276 1337 1378 1378 fere
1414 1337 1568 1378 omnia
1603 1335 1863 1389 spiritualia

93 1412 391 1462 exponuntur
417 1409 475 1451 ad
502 1412 730 1462 questum,
759 1443 766 1451 .
803 1442 810 1450 .
848 1442 855 1450 .
883 1408 1271 1461 quemadmodum
1299 1408 1421 1459 olym
1449 1406 1670 1448 Amalech
1699 1405 1865 1447 restitit

100 1480 309 1533 Israheli,
343 1492 444 1521 cum
477 1479 752 1521 ascenderet
785 1480 841 1521 de
876 1480 1066 1532 Egypto,
1101 1480 1162 1521 ita
1194 1478 1279 1520 iste
1313 1478 1514 1531 populus
1547 1477 1774 1528 lambens,
1807 1475 1863 1517 de

95 1563 186 1603 quo
215 1551 326 1604 dixi,
356 1551 446 1593 iam
476 1551 556 1592 diu
584 1551 751 1593 restitit
780 1550 1045 1592 volentibus
1076 1549 1313 1591 declinare
1345 1561 1370 1590 a
1401 1548 1609 1590 tenebris
1640 1548 1789 1600 Egipti
1821 1549 1866 1587 et

96 1621 337 1664 ambulare
374 1622 419 1663 in
455 1623 556 1664 luce
592 1622 786 1673 iusticie,
818 1620 1052 1673 quoniam,
1088 1621 1195 1662 dum
1229 1619 1304 1662 isti
1338 1619 1565 1661 habentes
1600 1618 1747 1660 Deum
1781 1629 1864 1670 pre

97 1692 242 1735 ocul-is
275 1696 321 1734 et
354 1705 510 1735 sacros
545 1705 761 1744 canones,
797 1695 1011 1745 peterent
1044 1692 1188 1744 gratis
1224 1691 1322 1732 sine
1360 1689 1670 1731 retribucione
1706 1691 1867 1730 exacta

98 1763 345 1816 beneficia,
369 1763 560 1805 ordines
585 1776 755 1815 sacros,
783 1763 1016 1804 introitum
1044 1761 1283 1814 religionis
1308 1765 1390 1803 etc.
1429 1761 1571 1801 Nemo
1597 1760 1690 1801 illis
1715 1759 1867 1810 dabat,

98 1834 206 1887 quia
235 1835 307 1877 isti
338 1834 394 1876 ad
424 1833 721 1876 lambendum
752 1834 922 1875 assueti
955 1833 1227 1874 restiterunt
1255 1832 1323 1873 eis
1351 1834 1395 1872 et
1425 1832 1700 1883 repulerunt
1729 1833 1775 1871 et
1804 1830 1867 1872 sic

100 1918 125 1947 a
162 1908 287 1947 certo
324 1908 533 1958 tempore
573 1905 685 1946 citra
724 1904 807 1945 viri
848 1904 969 1945 bone
1008 1902 1292 1946 consciencie
1331 1902 1521 1943 fuerunt
1559 1914 1584 1943 a
1622 1899 1868 1942 beneficiis

99 1975 426 2019 ecclesiasticis
453 1976 629 2018 exclusi
659 1978 704 2017 et
730 1976 838 2028 quia
865 1987 1100 2027 pauperes
1128 1977 1176 2016 ut
1201 1973 1440 2015 novissimi
1469 1975 1514 2013 et
1542 1972 1706 2014 abiecti
1734 1983 1870 2022 repu-

100 2047 194 2089 tati.
243 2046 277 2089 Ο
314 2048 489 2088 utinam
529 2047 613 2088 ista
650 2046 737 2088 cito
772 2048 1011 2088 cessarent
1047 2049 1091 2087 et
1128 2044 1337 2086 redirent
1368 2044 1454 2085 illa
1493 2055 1634 2085 aurea
1671 2041 1869 2083 ecclesie

102 2118 314 2171 secula,³²)
341 2118 387 2159 in
408 2117 576 2170 quibus
600 2118 667 2158 illi
692 2117 829 2169 modi,
851 2117 926 2169 qui
951 2116 1041 2157 iam
1064 2115 1382 2156 defenduntur
1406 2118 1452 2156 ut
1476 2113 1584 2155 liciti
1609 2116 1652 2154 et
1674 2111 1870 2162 honesti,

102 2188 301 2230 fuissent
347 2188 719 2230 abhominabiles
768 2222 775 2229 .
812 2221 819 2228 .
857 2221 864 2229 .
925 2187 1138 2228 Dormire
1185 2199 1277 2227 non
1325 2185 1463 2226 debet
1510 2183 1736 2225 severitas
1784 2182 1871 2224 dis-

102 2258 272 2312 cipline
307 2292 314 2299 .
351 2292 358 2300 .
395 2293 402 2301 .
450 2259 594 2300 Proch
630 2258 775 2309 dolor,
809 2270 900 2299 non
935 2270 1092 2298 sumus
1126 2256 1264 2298 hodie
1299 2256 1343 2296 in
1380 2255 1472 2297 illis
1503 2254 1731 2306 terminis,
1764 2253 1871 2305 quia

103 2329 458 2372 innumerabilis
499 2329 744 2371 multitudo
782 2332 854 2370 est
896 2328 1078 2369 infecta.
1134 2327 1254 2379 Ergo
1293 2329 1474 2378 oportet
1514 2325 1682 2366 multos
1724 2335 1873 2364 reser-

103 2413 215 2443 vare
252 2400 409 2442 divino
447 2400 628 2452 iudicio,
666 2401 738 2440 vel
778 2400 834 2441 ad
874 2399 1025 2441 forum
1064 2398 1375 2451 penitenciale
1412 2409 1515 2438 cum
1555 2394 1872 2436 misericordia

105 2471 287 2513 mittere
313 2504 322 2512 .
358 2505 366 2512 .
401 2505 410 2513 .

223 2565 449 2618 Secundo,
489 2578 516 2606 o
553 2577 684 2606 sacer
721 2567 862 2616 cetus,
903 2575 1088 2604 movere
1129 2566 1171 2604 te
1213 2562 1351 2603 debet
1390 2561 1446 2603 ad
1487 2559 1872 2601 reformaoionem

107 2636 304 2679 ecclesie
330 2636 598 2678 devotorum
627 2635 796 2678 Christi
823 2634 1035 2676 fidelium
1062 2634 1254 2675 fervens
1279 2632 1577 2674 desiderium.
1616 2630 1740 2680 Nam,
1767 2630 1875 2680 quot

108 2706 363 2759 oraciones,
402 2710 511 2759 quot
549 2706 888 2758 processiones,
929 2707 1037 2757 quot
1076 2702 1501 2756 peregrinaciones,
1541 2703 1648 2753 quot
1690 2698 1875 2748 ieiunia,

109 2781 219 2830 quot
249 2778 340 2820 alia
371 2777 555 2830 pietatis
587 2789 730 2829 opera
761 2780 805 2818 et
836 2775 1097 2829 spiritualia
1129 2774 1357 2815 exercicia
1390 2772 1498 2813 fecit
1528 2774 1571 2812 et
1603 2770 1711 2811 facit
1742 2768 1876 2821 plebs

111 2847 294 2890 Christo
316 2848 480 2903 devota
506 2848 549 2888 in
575 2847 789 2889 omnibus
812 2846 988 2888 finibus
1010 2844 1374 2895 christianitatis,
1397 2845 1506 2894 quot
1529 2840 1744 2892 suspiria,
1769 2841 1877 2891 quot

110 2918 321 2971 gemitus,
358 2922 468 2970 quot
505 2918 719 2960 lacrimas
755 2917 909 2959 emisit
945 2920 989 2958 et
1026 2915 1189 2957 emittit
1228 2914 1283 2956 ad
1323 2911 1662 2967 impetrandum
1702 2922 1726 2950 a
1767 2909 1876 2959 Deo,

215 3051 245 3074 a)
267 3045 315 3071 Νῐὶ
336 3044 465 3081 pocula.
