2227 3434
464 157 507 190 D.
552 151 1201 197 Geschiit'tsordnungs-Vorschliige
1234 150 1295 184 fiir
1324 151 1392 184 (las
1424 149 1570 183 Konzil.

200 287 324 317 unus
344 287 505 316 eorum
526 273 694 315 debeat
715 284 959 314 remanere
982 271 1028 312 in
1050 268 1262 323 sequenti

204 357 379 398 mense,
406 348 453 386 ut
478 343 624 397 possit
649 356 728 385 eos
757 342 1010 393 informare
1038 341 1095 383 de
1122 340 1264 381 rebus

201 415 344 469 gestis
378 415 424 456 in
456 426 618 456 mense
648 412 933 466 precedenti.
982 412 1138 453 Iurent
1171 423 1265 452 ser-

202 498 314 528 vare
346 484 572 537 ordinem,
606 484 663 526 de
697 496 786 537 quo
819 483 983 536 agitur,
1016 485 1060 524 et
1094 481 1264 533 exequi

202 568 272 609 ea,
305 568 393 609 que
428 556 547 597 circa
580 555 664 596 hec
696 566 781 607 per
812 554 1054 595 nacionem
1088 552 1264 593 delibe-

204 626 430 669 rabuntur
462 629 509 668 et
541 623 876 667 concludentur
909 626 954 665 et
986 624 1109 664 ultra
1143 621 1264 674 quod

202 709 288 750 pro
337 696 544 749 quolibet
593 695 778 738 defectu
829 694 1025 747 quilibet
1075 692 1264 745 deputa-

204 770 354 810 torum
392 766 540 808 solvat
576 777 720 807 unum
759 764 1046 806 blaffardum
1084 766 1128 805 et
1164 775 1262 816 pre-

203 837 362 880 sidens
400 837 529 889 duos,
566 849 682 889 quos
719 834 893 877 levabit
929 833 1162 887 porterius
1200 833 1264 874 di-

203 907 500 950 stribuendos
540 906 599 949 ad
637 905 983 948 ordinacionem
1023 903 1264 958 presiden-

202 979 322 1020 cium
351 981 397 1020 et
427 977 766 1030 deputatorum.

222 1049 336 1090 Item
362 1048 501 1102 quod,
529 1046 716 1100 quando
740 1046 990 1099 presidens
1018 1045 1264 1087 cuiuslibet

132 1119 342 1162 nacionis
385 1118 561 1171 aliquid
601 1121 832 1171 proponet
874 1118 920 1158 in
965 1117 1046 1158 illa
1088 1116 1265 1157 delibe-

133 1189 344 1242 randum,
368 1189 474 1231 licet
494 1188 608 1231 utile
631 1188 688 1230 sit
711 1188 824 1230 dare
846 1188 1017 1230 motiva
1038 1200 1124 1240 pro
1145 1191 1265 1229 utra-

132 1272 222 1313 que
253 1262 400 1313 parte,
431 1272 524 1302 non
555 1262 711 1302 tamen
743 1258 961 1311 declaret,
995 1270 1131 1311 quam
1163 1270 1266 1311 par-

132 1334 224 1372 tem
251 1335 413 1374 tenere
436 1329 758 1372 intendibante
775 1329 931 1371 audita
946 1332 1049 1371 vota
1066 1329 1266 1370 maxime

134 1401 181 1443 in
206 1400 366 1444 ardutis
389 1405 437 1444 et
462 1401 510 1442 in
536 1400 704 1454 quibus
731 1400 802 1442 ius
827 1400 959 1442 tercii
986 1399 1079 1441 ledi
1107 1399 1267 1452 possit.

311 1471 468 1514 Placet
502 1471 738 1524 articulus,
771 1475 910 1524 prout
944 1470 1074 1512 iacet.

225 1542 354 1595 Item,
380 1542 503 1596 quod
523 1541 776 1595 presidens
802 1541 1165 1594 uniuscuiusque
1190 1553 1268 1583 na-

135 1612 280 1655 cionis
306 1613 380 1654 vel
407 1612 640 1666 antiquior
667 1613 723 1654 de
750 1612 1071 1665 condeputatis
1098 1612 1194 1654 suis
1222 1613 1268 1653 in

136 1684 239 1726 eius
260 1683 479 1726 absencia
499 1686 545 1726 et
565 1684 666 1725 loco
683 1683 772 1736 sud,
790 1696 894 1725 cum
915 1684 1016 1737 ipse
1038 1684 1267 1725 interesse

136 1766 228 1796 non
267 1755 450 1807 poterit,
490 1753 537 1795 in
575 1755 676 1796 loco
714 1754 1039 1807 deputatorum
1076 1766 1270 1807 genera-

140 1825 252 1866 lium
278 1837 363 1878 per
387 1824 512 1867 vices
537 1827 583 1866 et
608 1835 769 1880 singulis
793 1836 1019 1879 septimanis
1043 1825 1101 1868 sit
1123 1824 1270 1878 presi-

136 1894 253 1937 dens
281 1894 627 1948 presidencium
652 1898 700 1937 et
729 1894 1052 1948 deputatorum
1083 1896 1269 1937 illorum

136 1968 181 2007 et
200 1965 366 2008 sedeat
390 1965 452 2007 ibi
477 1966 523 2007 in
546 1966 648 2008 loco
669 1965 867 2019 digniori
892 1978 984 2008 non
1009 1965 1269 2008 deferendo

137 2035 274 2078 alicui
312 2036 627 2078 ecclesiastico
661 2037 753 2079 nisi
791 2036 991 2079 dominis
1024 2036 1271 2078 cardinali-

138 2105 238 2159 bus,
263 2106 301 2148 si
325 2106 388 2148 ibi
413 2106 581 2149 forent.
619 2107 675 2149 Et
697 2119 791 2149 non
815 2107 1092 2149 conveniant
1115 2107 1271 2148 huius-

138 2176 260 2218 modi
286 2177 582 2230 presidentes
603 2180 651 2219 et
676 2177 882 2231 deputati
906 2178 1155 2231 generales
1180 2178 1270 2220 nisi

138 2246 306 2290 diebus
344 2250 390 2290 et
427 2247 570 2301 horis,
611 2248 781 2301 quibus
819 2260 905 2301 per
945 2249 1085 2290 talem
1124 2249 1270 2302 presi-

137 2315 324 2360 dentem
352 2317 702 2371 presidencium
733 2319 808 2360 vel
839 2331 925 2372 per
957 2331 1151 2361 comune
1184 2322 1270 2361 sta-

137 2390 282 2430 tutum
316 2387 526 2441 >ipsorum
563 2392 886 2431 convocentur.
935 2390 991 2432 Et
1024 2393 1132 2431 tunc
1166 2402 1270 2432 con-

138 2459 327 2500 veniant
362 2458 451 2512 ipsi
487 2459 573 2501 soli
606 2460 907 2512 presidentes
942 2463 988 2502 et
1021 2461 1270 2514 generales

138 2527 344 2581 deputati
369 2532 418 2571 =et
443 2541 537 2571 non
566 2529 645 2572 alii
673 2533 719 2572 et
742 2531 833 2572 sub
857 2542 982 2583 pena
1006 2531 1146 2573 unius
1173 2532 1270 2584 pla-

138 2598 272 2651 perti,
325 2611 411 2652 pro
461 2599 668 2652 quolibet
708 2599 979 2653 presidente
1020 2601 1107 2643 sub
1147 2614 1269 2655 pena

139 2668 333 2710 duorum
372 2669 710 2722 'plapertorum

299 2738 475 2781 Placuit
515 2752 617 2782 cum
656 2740 918 2795 -addicione,
961 2742 1084 2794 quod
1128 2742 1269 2795 depu-

208 2809 287 2850 tati
324 2809 521 2851 sedeant
558 2813 662 2863 post
694 2811 1016 2863 presidentem
1053 2825 1187 2854 suum
1225 2816 1270 2854 et

210 2891 303 2920 non
347 2878 563 2923 intersint
603 2881 695 2922 nisi
738 2880 962 2934 deputati,
1006 2883 1096 2924 nisi
1142 2895 1269 2924 voc-a-

209 2951 370 2990 rentur
402 2950 476 2991 vel
509 2949 817 2992 invitarentur
849 2951 943 2993 alii.

247 3056 277 3083 u)
299 3058 360 3077 non
383 3071 387 3076 .
409 3071 415 3076 .
438 3070 444 3077 .
467 3052 582 3078 t'orcnt.
602 3052 681 3084 fehlt
704 3053 739 3079 B.
850 3053 881 3085 b)
903 3055 936 3080 et
956 3053 1017 3080 sub
1039 3061 1122 3087 pena
1143 3074 1148 3079 .
1171 3073 1175 3079 .

1817 150 1900 192 749

1334 268 1643 321 putandorum
1676 268 1902 311 ordinatis

1336 352 1420 380 seu
1455 339 1726 381 ordinandis
1764 340 1902 381 inter—

1336 422 1455 452 esse.

1399 1047 1526 1099 Item,
1560 1047 1746 1100 quando
1778 1081 1786 1089 .
1822 1081 1830 1089 .
1866 1081 1874 1089 .

1338 1116 1384 1158 in
1415 1118 1494 1159 illa
1524 1119 1718 1159 nacione
1749 1152 1757 1160 .
1793 1152 1802 1160 .
1838 1152 1846 1160 .

1341 1400 1434 1442 ledi
1464 1400 1624 1453 possit.

1404 1542 1516 1584 Item
1546 1541 1668 1594 quod
1698 1575 1707 1583 .
1743 1578 1749 1585 .
1786 1575 1795 1583 .

1341 1613 1396 1654 de
1419 1613 1651 1666 deputatis
1673 1612 1768 1655 suis
1789 1612 1909 1653 eius-

1342 1684 1447 1725 dem
1483 1683 1691 1725 nacionis
1727 1684 1774 1724 in
1811 1717 1819 1724 .
1855 1716 1863 1724 .
1900 1716 1907 1724 .

1342 1829 1386 1868 et
1418 1826 1464 1867 in
1496 1825 1691 1878 singulis
1724 1859 1732 1867 .
1768 1859 1776 1867 .
1812 1858 1820 1866 .

1344 1967 1599 2021 tilgniorifl)

1343 2109 1397 2150 Et
1429 2121 1521 2150 non
1555 2142 1563 2150 .
1599 2142 1608 2150 .
1643 2143 1651 2151 .

1343 2180 1432 2221 nisi
1468 2179 1514 2221 in
1551 2179 1717 2221 diebus
1754 2214 1762 2221 .
1798 2213 1806 2221 .
1842 2213 1850 2221 .

1344 2393 1621 2434 convenient
1659 2427 1667 2434 .
1703 2426 1711 2434 .
1747 2426 1755 2434 .

1343 2536 1387 2574 ot
1412 2546 1502 2574 non
1531 2533 1624 2585 alii,
1649 2533 1737 2574 nisi
1766 2533 1909 2585 speci-

1343 2603 1479 2645 aliter
1534 2607 1809 2645 vocarentur
1865 2606 1911 2644 et

1344 2672 1704 2727 invitarenturst')

1197 3075 1199 3078 .
1224 3054 1312 3090 piap.
1332 3055 1410 3087 [μων
1434 3056 1470 3082 11.
