2102 3444
221 152 306 198 516
574 148 618 198 Il.
652 146 861 185 Abschnitt.
903 144 1108 181 Sermones
1138 144 1287 180 concilii
1318 144 1638 180 Constanciensis.

338 272 401 314 Ne
434 270 638 324 procella
670 265 957 320 tempestatis
1259 263 1384 306 Talis
1409 276 1592 316 quoque
1617 263 1675 305 sit
1696 263 1962 316 nauclerus,

280 343 396 384 hanc
425 341 611 383 sorbeat
639 351 738 380 cum
769 337 931 390 piratis
1201 347 1290 387 quo
1319 337 1543 388 purgetur
1571 333 1672 387 ipse
1701 334 1856 376 clerus

284 411 528 455 infernalis
565 411 702 460 furie,
1201 405 1384 448 sentine
1417 405 1702 458 spurcici=a.¹¹)

281 475 650 535 quinamrunque
683 479 974 530 reclametur,

281 553 411 595 decet
443 555 587 593 status
620 552 866 603 reparetur

280 628 369 665 tam
396 622 620 664 deformis
644 621 784 662 curie.

1259 512 1411 554 Verus
1439 512 1528 553 erit
1553 511 1702 554 cultor
1731 510 1830 564 Dei,

1202 584 1238 624 si
1272 595 1364 624 non
1397 583 1518 625 latus
1549 581 1706 634 Elysei

1202 653 1330 695 Giezi
1366 653 1580 706 decipiat.

339 729 391 770 Et
421 740 479 768 ne
511 739 674 768 rursus
704 725 749 767 in
779 726 864 767 hoc
894 725 1009 766 mari
1202 724 1354 767 Bonos
1386 726 1536 766 sumat
1566 724 1613 765 in
1644 723 1851 776 prelatos

280 812 363 840 nos
397 799 630 850 contingat
663 795 948 849 naufragari,
1202 799 1245 838 et
1271 794 1425 836 foveat
1450 794 1676 836 litteratos

280 869 440 920 dicam,
474 868 695 920 quidnam
730 866 950 909 senciam:
1202 878 1286 907 nec
1314 878 1481 907 munus
1510 864 1715 918 accipiat.

280 940 478 991 eligatur
515 938 621 979 hinc
658 941 881 990 patronus

280 1013 477 1062 sanctus,
513 1009 632 1061 pius,
666 1008 827 1060 iustus,
862 1007 1012 1050 bonus

279 1084 322 1122 et
351 1092 510 1121 amans
538 1078 792 1121 scientiam.

1262 972 1376 1013 Ecce
1407 971 1548 1024 Naym
1579 971 1825 1023 civitatem,

1202 1042 1339 1085 huius
1375 1042 1515 1084 maris
1549 1044 1873 1095 tempestatem

1204 1116 1336 1155 sonat
1371 1113 1417 1154 in
1454 1113 1749 1164 Constancia;

338 1185 470 1227 Absit
506 1184 643 1236 enim,
679 1187 727 1226 ut
762 1196 853 1225 non
889 1183 1009 1225 forte
1204 1184 1287 1225 sed
1322 1187 1370 1226 ut
1405 1184 1538 1225 navis
1576 1183 1633 1226 sit
1668 1181 1936 1236 tranquilla,

280 1256 477 1308 eligatur
510 1256 609 1308 ipse
643 1258 781 1307 sorte,
1203 1254 1290 1297 cito
1317 1254 1428 1297 assit
1456 1254 1557 1297 dies
1580 1253 1678 1307 illa,

280 1326 363 1368 sed
398 1326 510 1368 artis
545 1325 768 1381 peritiafi)
1203 1338 1293 1377 qua
1322 1337 1441 1367 nova
1470 1327 1578 1367 sunt
1605 1324 1774 1366 omnia.

337 1431 470 1473 Unde
509 1434 660 1473 rector
697 1431 830 1473 navis
867 1432 978 1485 esta)

342 1538 409 1579 Ex
447 1536 616 1590 quibus
653 1536 832 1590 liquido
869 1549 1100 1590 apparere
1139 1539 1292 1590 potest
1329 1537 1450 1579 iusta
1487 1549 1569 1579 sue
1607 1548 1748 1579 causa
1785 1536 1994 1590 querele,

222 1608 343 1660 quod
374 1608 550 1650 scilicet
579 1611 704 1650 tanta
735 1608 871 1660 mala,
902 1610 1087 1650 tanteve
1119 1607 1436 1651 exorbitancie
1469 1608 1515 1649 in
1547 1607 1729 1650 civitate
1760 1607 1917 1661 Naym,
1947 1606 1994 1649 id

224 1682 292 1720 est
315 1679 519 1721 Romane
545 1678 684 1731 curie,
708 1678 1012 1733 contigerunt,
1035 1681 1084 1720 ut
1109 1682 1233 1721 recte
1258 1678 1316 1721 de
1335 1691 1396 1721 «ea
1419 1681 1579 1732 posset
1602 1678 1691 1720 dici
1716 1678 1847 1732 illud,
1871 1676 1994 1732 quod

223 1748 439 1790 scribitur
470 1748 741 1791 threnorum
772 1749 940 1802 primo:
989 1749 1043 1791 Et
1075 1749 1196 1791 facta
1230 1752 1299 1792 est
1330 1750 1463 1802 quasi
1496 1749 1635 1792 vidua
1668 1748 1855 1792 domina
1885 1760 1994 1802 gen-

223 1819 354 1872 cium,
380 1820 598 1872 princeps
624 1819 968 1872 provinciarum
995 1819 1114 1862 facta
1141 1823 1211 1862 est
1237 1820 1323 1862 sub
1350 1820 1523 1863 tributo
1550 1853 1559 1862 .
1595 1853 1603 1862 .
1639 1854 1647 1862 .

340 1890 561 1932 Transire
584 1891 823 1933 valeamus
848 1891 906 1932 ad
930 1891 1058 1933 illam
1083 1891 1303 1933 celestem
1327 1891 1592 1933 Jerusalem
1615 1891 1813 1933 ecclesie
1837 1889 1993 1933 trium-

222 1960 422 2014 phantis,
450 1973 585 2013 quam
613 1961 747 2003 nobis
774 1962 994 2004 concedat
1023 1961 1235 2004 Christus
1261 1962 1400 2004 Jesus
1428 1961 1701 2004 verissimus
1728 1962 1831 2005 eius
1858 1973 1994 2015 spon-

224 2043 315 2083 sus,
359 2032 434 2084 qui
480 2043 580 2073 cum
623 2034 755 2084 patre
799 2035 843 2074 et
886 2032 1052 2085 spiritu
1097 2035 1254 2074 sancto
1297 2032 1408 2074 vivit
1451 2035 1495 2074 et
1538 2034 1701 2086 regnat
1745 2032 1793 2074 in
1832 2031 1992 2074 secula

223 2102 498 2143 seculorum.
538 2102 700 2144 Amen.
741 2103 803 2144 Te
833 2103 964 2146 decet
990 2103 1107 2156 laus,
1135 2106 1178 2145 te
1207 2103 1338 2145 decet
1364 2096 1577 2156 ympnus,
1606 2103 1688 2145 tibi
1716 2103 1803 2146 soli
1830 2102 1992 2156 gloria.

222 2172 384 2215 Amen.
1137 2184 1140 2188 ’

222 2299 344 2353 Sept.
380 2300 447 2343 27.
486 2328 533 2332 —
571 2300 883 2344 Giovanni
924 2302 1133 2345 Franc.
1176 2302 1418 2356 Poyyio.

342 2370 468 2403 Τρωΐ
488 2380 499 2404 .·
538 2370 635 2405 Killa
664 2371 788 2414 Alfler
814 2373 880 2406 146
904 2372 930 2415 f.
956 2373 1010 2407 24.

340 2428 373 2461 Ι)
389 2438 406 2461 r
422 2438 443 2462 u
460 2438 476 2461 c
494 2428 516 2461 k
536 2438 545 2462 .·
583 2428 702 2463 Hardt
726 2428 754 2466 Ι,
777 2430 863 2471 536;
888 2429 1019 2472 Poqqiz·
1044 2441 1100 2473 op.
1126 2431 1249 2474 (Rasil
1274 2432 1383 2476 1538)
1407 2430 1437 2472 Ι,
1458 2430 1536 2466 252.

340 2485 447 2527 Inh
466 2487 580 2529 alt:
624 2487 916 2531 Trauerrede
948 2490 1027 2542 auf
1057 2490 1145 2532 den
1178 2497 1317 2533 verst.
1346 2490 1572 2533 Kardinal
1602 2489 1864 2532 Zabarella.

339 2557 434 2598 Etsi
462 2557 664 2609 plurimo
693 2559 815 2600 luctu
849 2559 1103 2612 doloreque
1136 2560 1366 2613 impedior
1397 2594 1405 2603 .
1441 2594 1450 2602 .
1485 2594 1494 2603 .

224 2685 333 2727 1417
367 2684 466 2728 Okt.
502 2685 540 2728 2.
580 2713 627 2717 —
663 2686 703 2728 H
725 2687 969 2730 einrich
1018 2689 1373 2742 Flemminy.

340 2755 465 2789 'refrt
485 2765 496 2789 .·
537 2755 593 2789 Ka·
621 2756 746 2799 Alfter
779 2757 839 2791 146
864 2757 889 2800 7'-
922 2759 979 2795 15:
1008 2759 1074 2792 Lei
1104 2760 1167 2793 179
1192 2759 1217 2802 s.
1248 2760 1331 2799 122,-
1360 2760 1422 2794 Me
1447 2760 1493 2795 39
1518 2759 1544 2803 f.
1570 2759 1658 2802 209‚·
1687 2759 1753 2794 Miz
1778 2759 1822 2794 84
1847 2758 1874 2804 ν.
1904 2759 1987 2802 110,-

227 2812 376 2846 11'4922
414 2814 522 2847 ‚264

339 2812 441 2904 Drfu
459 2881 475 2905 c
492 2871 515 2904 Ιι·
534 2881 544 2905 .·
583 2871 701 2906 Hara'l
725 2872 753 2913 Ι,
778 2873 855 2907 546.

338 2928 444 2971 Inh
465 2931 580 2972 alt:
627 2930 918 2974 Trauerrede
952 2933 1031 2985 auf
1061 2934 1151 2975 den
1184 2935 1522 2977 verstorbenen
1553 2935 1694 2978 Kard.
1725 2933 1987 2977 Zabarella.

325 3051 354 3072 a)
377 3046 450 3072 Res!
470 3045 559 3079 fehlt.
