2227 3434
446 193 488 227 D.
533 190 1182 236 Gesch‘aftsordnungs-Vorschliige
1214 189 1276 225 ffir
1305 192 1374 225 das
1406 189 1552 225 Konzil.
1798 191 1882 235 753

115 316 371 364 occurrent,
420 311 600 364 aperiet
648 323 731 352 seu
779 309 964 363 aperire
1013 309 1153 351 faciet
1199 309 1247 350 in
1318 308 1496 362 aperiat
1555 322 1639 351 seu
1698 309 1883 363 aperire

114 382 309 424 nacione
350 381 557 434 ipsorum
597 381 839 422 materiam
878 389 964 433 pro
1003 383 1048 422 ei
1088 382 1246 421 contra
1318 379 1490 422 faciat.
1524 413 1533 421 .
1568 413 1577 422 .

114 464 294 504 ponens
326 452 539 493 raciones
570 454 614 493 et
646 445 814 492 motiva
844 450 902 492 ad
932 450 1092 502 finem,
1123 449 1247 502 quod

114 526 365 575 sequentes
397 521 726 575 providencius
758 524 952 574 possunt
985 520 1140 562 dicere
1173 533 1247 561 vo·
1316 521 1496 573 possint
1527 554 1535 562 .
1570 554 1580 562 .
1615 554 1623 563 .
1652 533 1799 565 suum.

114 595 208 634 tum
237 604 384 634 suum.

291 662 448 706 Placet
471 661 706 715 articulus,
733 662 849 703 sicut
873 661 1003 704 iacet.

206 732 285 774 De
352 731 843 786 presidentibus
908 730 1247 784 presiden-

115 803 268 845 cium
307 806 390 845 etc.

208 874 321 917 Item
361 874 747 926 quociescumque
788 886 875 926 pro
914 872 1126 926 legendis
1167 873 1248 914 ali-

115 944 285 998 quibus
330 944 496 987 litteris
541 944 616 986 vel
662 943 1078 986 ambassiatoribus
1122 942 1248 985 audi-

114 1015 249 1058 endis
280 1016 355 1056 vel
382 1015 622 1068 aliquibus
655 1014 814 1057 arduis
846 1017 891 1056 et
922 1026 1035 1067 sepe
1068 1016 1247 1056 secrete

115 1085 367 1128 tractandis
387 1085 636 1139 presidens
655 1084 1004 1138 presidencium
1022 1097 1124 1126 cum
1144 1097 1249 1126 con-

116 1156 221 1199 silio
246 1157 454 1210 ipsorum
480 1155 826 1209 presidencium
853 1158 898 1198 et
924 1155 1248 1208 deputatorum

114 1226 261 1280 possit
289 1239 375 1280 per
404 1227 618 1268 cedulam
645 1227 720 1268 vel
749 1238 834 1280 per
865 1238 1102 1268 cur-sorem
1133 1225 1250 1267 indi·
1514 1226 1695 1280 (fehlt.)

116 1297 278 1340 stincte
307 1309 561 1340 convocare
592 1309 754 1340 omnes
784 1297 841 1338 de
870 1296 1145 1339 nacionibus
1174 1296 1248 1338 vel

115 1367 281 1410 saltem
332 1367 514 1421 aliquos
563 1368 827 1421 singulares
878 1367 935 1409 ab
985 1366 1249 1409 huiusmodi

116 1438 364 1492 deputatis,
388 1441 526 1492 prout
549 1439 639 1491 ipsi
663 1438 924 1491 presidenti
949 1440 994 1480 et
1018 1437 1249 1491 deputati-s

117 1509 350 1552 videbitur
375 1508 616 1563 expedire,
642 1513 689 1551 et
713 1509 901 1562 quando
927 1508 1069 1562 aliqui
1097 1509 1251 1561 singu-

116 1581 242 1623 lares
268 1580 533 1623 huiusmodi
560 1580 949 1632 convocabuntur,
978 1579 1048 1621 illi
1074 1582 1250 1622 tantum

118 1650 278 1692 venire
306 1650 511 1693 debeant
538 1663 639 1693 cum
669 1650 801 1693 dictis
828 1649 1179 1704 presidentibus
1207 1652 1252 1692 et

118 1733 210 1763 non
237 1720 331 1763 alii.

295 1791 465 1846 Placet,
488 1795 625 1845 prout
647 1791 778 1834 iacet.

211 1862 290 1904 De
353 1861 851 1915 pre-sidentibus
919 1861 1251 1915 deputato-

119 1945 141 1973 r
157 1945 185 1974 u
201 1945 258 1975 m.

209 2002 323 2045 Item
352 2003 524 2047 habitis
552 2003 979 2046 deliberacionibus
1006 2004 1251 2046 nacionum
1387 2003 1499 2045 Item
1532 2036 1541 2045 .
1577 2036 1585 2045 .
1620 2035 1630 2045 .

119 2073 265 2116 eciam
328 2073 620 2116 dominorum
678 2074 1002 2127 cardinalium,
1067 2074 1253 2128 quando

119 2147 256 2186 erunt
279 2145 471 2197 negocia
495 2144 619 2199 talia,
644 2157 733 2198 que
758 2144 806 2186 in
831 2145 1040 2187 sessione
1064 2145 1252 2198 publica

119 2213 416 2257 decernenda
448 2215 553 2268 sint,
584 2215 798 2268 prefatus
829 2215 1078 2269 presidens
1109 2215 1253 2269 depu-

119 2288 316 2328 tatorum
342 2297 444 2327 cum
468 2285 663 2328 consilio
686 2285 882 2328 aliorum
904 2286 1251 2340 presidencium

119 2358 164 2397 et
193 2355 517 2408 deputatorum
547 2357 693 2399 eciam
720 2369 750 2399 ¹a
779 2356 978 2399 dominis
1007 2356 1253 2399 cardinali-

120 2425 221 2478 bus,
254 2425 292 2468 si
325 2426 554 2468 interesse
586 2426 832 2480 voluerint,
865 2427 1080 2469 dictatam
1113 2427 1253 2480 scrip-

119 2499 269 2538 turam
301 2495 476 2540 decreti
506 2497 553 2538 in
597 2498 808 2539 sessione
853 2497 1252 2550 pronunciandam
1324 2495 1662 2549 pronunciandi
1701 2528 1710 2537 .
1745 2529 1753 2537 .
1788 2528 1797 2537 .

121 2566 212 2619 legi
244 2566 383 2608 faciat
416 2569 461 2609 et
492 2566 640 2610 mittat
670 2567 716 2609 in
744 2568 949 2621 singulis
979 2567 1253 2610 nacionibus

121 2639 166 2678 et
213 2635 427 2680 dominus
474 2636 739 2690 cardinalis,
787 2638 865 2691 qui
912 2637 1161 2691 deputatus
1209 2641 1254 2680 et

122 2707 244 2748 inter
273 2706 518 2760 deputatos
547 2719 746 2760 presens
775 2708 877 2761 erit,
909 2708 1106 2750 eandem
1136 2721 1254 2750 com-

122 2777 358 2819 municare
392 2777 562 2830 poterit
595 2777 795 2820 dominis
827 2777 1145 2821 cardinalibus
1178 2779 1252 2820 vel

122 2846 242 2899 aliis,
269 2846 329 2889 de
353 2847 525 2899 quibus
551 2847 639 2889 sibi
665 2847 911 2901 videbitur,
939 2851 982 2890 et
1008 2851 1252 2901 postquam

63 2934 66 2936 ·
122 2916 343 2959 naciones
365 2919 450 2976 etc„
475 2929 620 2970 super
642 2917 726 2959 illa
752 2917 1147 2970 deliberaverunt,
1174 2919 1254 2959 ite·
1325 2915 1691 2957 deliberaverint
1728 2947 1737 2956 .
1771 2947 1781 2956 .
1816 2947 1825 2956 .

123 2998 225 3027 rum
250 2989 515 3039 reportetur
537 2989 584 3028 et
608 2987 844 3039 relegatur
865 2991 978 3040 aput
1001 2987 1128 3040 ipsos
1150 2999 1254 3040 pre-

35 2984 44 3151 Κ
125 3055 334 3098 sidentes
350 3059 396 3098 et
406 3055 655 3109 deputatos
671 3059 716 3098 et
728 3056 976 3109 deputatos
989 3058 1252 3110 generales,

40 3155 52 3346 X
194 3145 340 3180 Finke,
367 3146 450 3174 Acta
475 3145 608 3174 concilii
630 3145 906 3174 Constanciensis.
929 3146 969 3174 11.
1618 3136 1674 3176 48
