2227 3434
540 191 577 225 B.
619 192 696 225 Der
722 191 821 225 liber
845 193 1039 234 gestorum
1065 191 1134 224 des
1161 188 1402 225 Cerretanus.
1770 188 1855 231 333

89 313 164 352 tur
189 322 310 354 esse.
349 310 445 351 Hec
471 312 622 350 tecum
651 308 891 351 scolastice
919 309 1179 361 conscripta
1207 307 1330 349 bono
1359 307 1513 349 animo
1540 309 1585 347 et
1612 318 1714 347 cum
1743 306 1856 347 cari-

90 384 181 424 tate
203 381 386 434 suscipe
408 383 453 422 et
472 383 550 422 tuo
571 380 848 422 liberamine
867 391 1107 432 percense.
1142 379 1271 432 Equo
1292 379 1416 419 enim
1439 378 1592 420 animo
1613 376 1856 425 sufferam,

90 453 126 494 si
164 452 276 505 quid
311 451 503 493 duxeris
539 449 897 492 emendandum.
950 449 1221 491 Franciscus
1257 448 1506 490 cardinalis
1547 448 1579 489 F
1584 447 1854 489 lorentinus.

206 522 507 565 Sacrosancte
538 521 748 574 generali
781 521 959 573 synodo
991 520 1343 562 Constanciensi
1374 519 1423 560 in
1455 518 1639 561 Christo
1669 518 1857 560 nomine

90 596 380 646 congregate,
413 591 570 633 revmis
603 592 648 633 in
683 591 788 633 Chr.
822 604 865 644 p.
899 591 940 632 d.
974 591 1145 632 nostris
1178 589 1586 632 metuendissimis.
1630 587 1781 630 Revnli
1814 601 1855 641 p.

90 667 137 706 et
182 663 225 706 d.
272 664 419 707 nostri
466 662 835 705 metuendissimi
883 661 1144 703 humillima
1191 673 1293 702 cum
1340 661 1478 703 totius
1527 659 1858 702 familiaritatis

90 734 454 788 promptitudine
491 732 951 775 recommendacione
989 732 1236 786 premissa!
1290 732 1396 773 Post
1433 743 1668 773 recessum
1706 730 1747 772 d.
1786 730 1859 771 Jo-

90 805 258 848 hannis
290 804 462 858 Sinete,
494 804 743 847 familiaris
777 816 872 845 rev.
906 816 950 856 p.
986 803 1027 845 d.
1060 803 1324 856 patriarche
1360 801 1857 854 Constantinopolitani

38 930 42 933 Ι
91 877 197 918 hinc
233 875 327 918 IIII
359 875 594 929 presentis
627 874 801 916 mensis
834 873 1111 925 recedentis,
1144 885 1229 926 per
1262 885 1399 925 quem
1434 872 1600 925 omnia,
1635 884 1724 925 que
1756 874 1860 924 post

92 950 300 989 nostrum
338 946 395 988 de
432 946 665 999 Aragonia
702 957 938 987 recessum
974 957 1122 997 usque
1160 944 1218 986 ad
1257 944 1403 996 ipsam
1442 943 1563 985 diem
1600 943 1778 996 egimus
1816 945 1860 984 et

91 1017 226 1060 nobis
249 1029 476 1070 responsa
498 1016 648 1069 fuere,
671 1017 811 1069 plene
837 1015 1122 1068 scripsimus,
1144 1017 1380 1067 postremo
1404 1015 1490 1066 hIc,
1514 1017 1734 1067 quantum
1759 1013 1861 1054 dili-

91 1089 276 1142 gentius
297 1091 344 1130 et
366 1087 627 1130 ferventius
649 1087 896 1140 potuimus,
918 1086 1057 1128 etiam
1081 1098 1193 1138 sepe
1219 1086 1481 1138 inportune,
1508 1085 1584 1126 ubi
1608 1088 1653 1126 et
1675 1084 1861 1137 quando

91 1159 352 1212 expediens
385 1159 728 1211 conspeximus,
762 1157 1110 1210 expeditionem
1146 1155 1508 1199 sollicitavimus.
1556 1155 1762 1197 Tandem
1797 1154 1862 1195 di-

93 1230 199 1272 vine
225 1230 399 1283 placuit
424 1229 632 1282 bonitati,
661 1229 783 1282 quod
817 1227 984 1282 [die]²¹)
1013 1227 1200 1269 veneris
1228 1227 1411 1268 XVIIII
1440 1227 1575 1268 huius
1602 1226 1722 1267 circa
1749 1225 1861 1267 solis

93 1313 304 1343 occasum
328 1303 432 1354 post
458 1300 646 1342 labores
672 1300 912 1351 maximos,
940 1299 1064 1340 tedia
1092 1298 1277 1340 Infinita
1303 1301 1347 1340 et
1375 1297 1710 1349 intolerabiles,
1736 1296 1862 1338 novit

94 1371 362 1426 alfissimus,
400 1371 725 1424 displicencias
761 1370 899 1412 VIIII
939 1369 1211 1422 septimanis
1247 1381 1339 1410 non
1377 1369 1476 1410 sine
1515 1368 1653 1410 etiam
1690 1378 1863 1421 expen-

95 1454 252 1485 sarum
270 1442 491 1496 gravibus
513 1442 736 1484 oneribus
759 1442 831 1483 hic
853 1441 1018 1483 stando
1033 1440 1169 1492 bene,
1183 1443 1234 1482 ut
1246 1443 1474 1492 tenemur,
1492 1438 1746 1480 secundum
1759 1450 1864 1479 con-

93 1513 333 1556 cernentia
364 1513 451 1556 ista
480 1516 691 1566 tempora
722 1515 767 1554 et
798 1512 1096 1565 negociorum
1129 1510 1390 1564 qualitates,
1423 1510 1610 1552 attentis
1640 1509 1863 1563 precipue

95 1584 454 1638 impedimentis,
482 1596 572 1637 que
598 1583 670 1625 hic
698 1585 986 1635 occurerunt,
1015 1583 1072 1624 de
1100 1582 1268 1635 quibus
1294 1581 1446 1634 pridie
1474 1581 1565 1622 late
1594 1579 1863 1633 scripsimus

94 1658 153 1709 et,
180 1658 231 1698 ut
255 1655 440 1697 videtur
468 1655 628 1697 amicis
657 1666 787 1696 sacre
818 1654 1004 1696 unionis
1032 1654 1105 1694 hic
1135 1652 1426 1706 degentibus,
1455 1651 1663 1705 expediti
1691 1650 1865 1692 exstiti-

95 1738 198 1769 mus
219 1729 265 1769 et
285 1726 442 1769 taliter
463 1725 586 1779 quod
607 1737 693 1778 per
716 1724 1063 1778 expeditionem
1086 1722 1350 1766 huiusmodi
1375 1722 1559 1765 Christo
1581 1721 1711 1775 duce,
1735 1721 1864 1763 cuius

96 1809 174 1840 res
198 1797 363 1850 agitur,
389 1808 634 1850 speramus
659 1795 848 1837 indubie
875 1794 1095 1836 unionem
1122 1806 1300 1836 sacram
1326 1806 1352 1836 a
1377 1793 1552 1835 cunctis
1576 1791 1864 1845 concupitam

96 1867 484 1910 christifidelibus
506 1870 551 1909 et
570 1879 658 1920 pro
680 1879 770 1919 qua
792 1866 968 1908 tamdiu
991 1869 1145 1908 vestre
1170 1877 1300 1907 sacre
1322 1868 1369 1907 et
1391 1873 1537 1905 revme
1559 1863 1864 1917 paternitates

97 1937 329 1992 intrepide
353 1941 400 1981 et
423 1937 690 1980 cordialiter
713 1939 963 1989 certarunt,
987 1935 1232 1988 habebitis,
1257 1938 1306 1977 ut
1330 1935 1468 1977 latius
1493 1934 1672 1976 eisdem
1697 1933 1866 1975 vestris

96 2008 254 2050 revmis
274 2008 638 2061 paternitatibus
663 2011 883 2050 oretenus
909 2007 1116 2049 breviter
1141 2006 1396 2049 auxiliante
1425 2005 1524 2047 Deo
1549 2003 1866 2046 reserabimus

97 2083 141 2122 et
171 2080 217 2122 in
245 2080 410 2133 literis,
439 2091 554 2133 quas
582 2079 823 2121 nobiscum
851 2077 1123 2130 deferimus,
1152 2076 1383 2119 videbitis.
1426 2076 1578 2118 Unum
1607 2079 1762 2118 tamen
1791 2075 1865 2115 vel

97 2150 202 2203 duo,
226 2149 365 2192 revmi
384 2163 431 2204 ¹p.
452 2153 502 2193 et
525 2151 566 2192 d.
591 2148 964 2202 prestantissimi,
987 2161 1082 2190 non
1106 2147 1370 2200 omittimus,
1396 2147 1520 2200 quod
1544 2147 1679 2188 litere
1702 2157 1866 2187 convo-

97 2222 268 2264 catorie
296 2234 322 2264 a
349 2221 480 2265 vobis
507 2211 722 2263 emanate
749 2221 838 2263 iam
867 2219 983 2262 reali
1011 2231 1096 2273 per
1124 2222 1266 2261 totum
1293 2218 1416 2260 istud
1443 2229 1638 2271 regnum
1665 2216 1866 2258 executi-

98 2292 175 2334 oni
201 2291 546 2334 demandantur
571 2291 787 2345 quodque
817 2294 1026 2332 oratores
1054 2290 1290 2332 solemnes
1318 2289 1377 2331 ad
1402 2288 1589 2330 unionis
1619 2300 1748 2330 sacre
1777 2298 1867 2327 ma-

97 2361 262 2406 teriam
288 2362 486 2405 affectati
512 2374 572 2404 ex
599 2365 732 2415 parte
759 2361 897 2404 huius
925 2361 1215 2404 serenissimi
1244 2360 1370 2413 regis
1395 2362 1441 2401 et
1468 2358 1599 2412 regni
1628 2358 1738 2399 illuc
1764 2357 1867 2398 bre-

99 2432 216 2476 viter
245 2433 480 2487 accedent,
512 2445 721 2486 quorum,
754 2444 1020 2485 quesumus,
1052 2431 1301 2473 adventum
1333 2429 1670 2482 aliquantulum
1703 2440 1867 2481 expec-

98 2507 197 2546 tare
227 2504 422 2558 placeat,
453 2503 671 2557 quoniam
702 2503 763 2545 ita
793 2502 1066 2544 infallanter
1095 2501 1328 2543 credimus
1359 2499 1584 2553 expedire
1617 2499 1739 2541 bono
1767 2499 1866 2539 uni-

100 2573 202 2616 onis
226 2573 470 2617 antedicte.
508 2574 599 2617 Nos
625 2576 778 2616 autem
805 2582 949 2615 revme
975 2585 1018 2626 p.
1044 2575 1089 2614 et
1115 2573 1155 2616 d.
1182 2571 1329 2614 nostri
1354 2569 1738 2622 metuendissimi,
1764 2571 1866 2621 post

100 2644 237 2687 huius
266 2645 398 2699 regni
429 2645 605 2687 exitum
636 2656 800 2687 versus
831 2643 1042 2686 dominos
1070 2643 1275 2685 Navarre
1306 2642 1457 2695 primo
1486 2654 1572 2694 pro
1601 2638 1867 2690 obtinendo,

100 2714 223 2768 quod
248 2715 384 2759 nobis
410 2715 636 2769 promisit,
666 2726 718 2757 ac
744 2714 915 2756 deinde
942 2716 1151 2756 nostrum
1180 2712 1323 2766 aliqui
1352 2711 1410 2754 ad
1436 2712 1702 2764 Aragonum
1731 2721 1866 2763 reges

102 2785 442 2829 illustrissimos
478 2798 563 2839 pro
601 2784 906 2837 sollicitando,
945 2797 1033 2837 que
1073 2784 1197 2826 clare
1236 2783 1458 2824 memorie
1497 2781 1743 2823 defunctus
1783 2792 1866 2821 rex

102 2855 381 2910 Aragonum,
418 2857 601 2910 genitor
639 2855 849 2898 moderni
888 2855 1174 2906 decreverat,
1212 2857 1258 2895 et·
1296 2853 1377 2896 alii
1414 2856 1621 2894 nostrum
1660 2863 1746 2893 nos
1781 2862 1866 2903 pro

103 2925 306 2970 breviori
343 2926 482 2970 nobis
518 2926 868 2970 commissorum
906 2924 1212 2978 expedicione
1253 2922 1505 2965 dividendo
1543 2921 1601 2964 ad
1639 2921 1866 2963 illustrem

103 2996 360 3051 principem
396 2996 438 3040 d.
474 2996 685 3040 comitem
721 2995 839 3039 Fuxi
874 2997 1001 3038 iuxta
1036 2995 1388 3038 instructionum
1424 2992 1560 3034 nobis
1595 2990 1867 3033 traditarum

206 3100 236 3131 a)
258 3099 338 3133 fehlt
360 3100 397 3132 B,
419 3102 447 3128 ζ’.
