2102 3444
144 158 230 199 458
500 158 544 191 ll.
578 157 786 191 Abschnitt.
831 156 1034 190 Semnones
1065 156 1215 190 concilii
1246 156 1563 191 Constanciensis.

147 276 400 318 ‹lot-trinam
429 275 599 318 Christi
626 275 788 316 domus
815 273 1036 316 orationis
1062 274 1312 326 vocabitur,
1340 275 1412 316 isti
1438 287 1549 316 vero
1575 274 1787 316 fecerunt
1812 287 1914 317 eam

147 347 415 398 speluncam
448 347 691 397 latronum,
722 345 894 386 scilicet
926 345 1013 397 isti,
1044 345 1120 397 qui
1153 345 1279 387 lucra
1311 345 1394 387 Dei
1425 344 1650 398 religione
1682 348 1915 387 sectantur

147 421 189 458 et
224 417 455 458 beneficia
489 429 577 457 non
612 419 802 468 propter
837 416 1033 457 salutem
1067 415 1339 468 animarum,
1375 416 1456 457 sed
1489 419 1742 468 proventus
1774 416 1915 469 impe-

148 491 281 529 trant.
323 488 414 528 Non
446 487 588 538 vides,
617 486 724 538 quid
754 487 824 528 isti
853 486 1057 528 t'aciunt‘?
1088 520 1095 528 .
1132 520 1139 527 .
1176 521 1184 528 .

265 558 336 599 Sic
378 558 431 599 t’it
475 559 516 598 in
561 557 742 599 iudiciis
782 557 986 599 Romane
1029 558 1168 610 curie,
1209 558 1285 599 ubi
1327 558 1550 610 advocati,
1590 561 1916 610 procuratores

149 630 331 670 infinita
361 629 583 670 suscitant
611 628 844 680 scandala,
873 628 1186 681 exceptiones,
1215 629 1551 681 prolongantur
1580 640 1717 670 cause
1746 641 1917 682 paupe-

150 713 247 740 rum
284 703 328 741 et
365 699 597 740 invenitur
633 699 856 741 defensor
892 700 936 741 in
973 700 1096 741 omni
1132 712 1270 742 causa
1308 699 1490 741 iniusta.
1539 699 1629 741 Alii
1664 711 1779 741 vero
1813 702 1919 742 sunt

149 770 481 823 penitentiarii,
525 771 602 822 qui
646 771 752 822 plus
796 770 852 812 ad
897 770 1226 812 consitencium
1272 770 1525 823 respiciunt
1570 770 1737 813 bursas
1779 782 1917 824 quam

149 843 415 883 intueantur
454 853 615 882 eorum
655 841 974 884 conscientias.
1028 841 1257 883 Divitibus
1297 854 1467 894 parvas
1507 841 1754 894 iniungunt
1789 841 1918 894 peni-

147 913 336 963 tencias,
364 912 603 954 vivificant
631 913 824 964 animas,
852 925 941 965 que
969 925 1061 954 non
1089 913 1261 964 vivunt,
1291 912 1544 954 secundum
1572 912 1847 965 prophetam
1875 914 1919 954 et

148 983 441 1035 mortificant,
472 995 560 1035 que
591 983 863 1025 moriuntur.
904 983 994 1024 Alii
1025 983 1274 1036 impetrant
1304 983 1482 1025 litteras
1512 982 1806 1036 indulgencie
1833 995 1919 1036 pro

148 1067 291 1107 parva
312 1054 522 1107 pecunia.
558 1054 672 1096 Sunt
693 1055 838 1096 eciam
860 1056 1073 1096 nonnulli
1097 1055 1263 1108 prelati
1288 1054 1510 1106 dicentes,
1532 1054 1639 1096 dum
1662 1055 1708 1096 in
1728 1066 1919 1107 prospe-

149 1125 281 1167 ritate
318 1128 436 1178 sunt,
468 1125 594 1166 *istud
629 1124 873 1178 Sapiencie
908 1125 951 1167 2:
1002 1126 1228 1179 Exiguum
1265 1129 1308 1167 et
1343 1138 1442 1167 cum
1477 1125 1602 1167 tedio
1636 1128 1705 1167 est
1736 1128 1920 1178 tempus

149 1196 237 1237 vite
266 1198 424 1238 nostre
453 1198 499 1238 et
524 1208 618 1238 non
647 1199 717 1239 est
744 1197 940 1250 agnitus,
970 1196 1046 1249 qui
1077 1197 1132 1238 sit
1162 1209 1381 1238 reversus
1408 1197 1465 1238 ab
1497 1196 1677 1248 inferis,
1706 1208 1765 1237 ex
1790 1196 1921 1238 nullo

150 1267 242 1309 nati
280 1280 438 1309 sumus
473 1271 519 1310 et
553 1270 656 1320 post
692 1268 774 1309 hoc
812 1268 1000 1320 erimus,
1036 1271 1268 1320 tamquam
1308 1268 1344 1310 si
1380 1280 1473 1309 non
1510 1267 1751 1309 fuerimus.
1801 1267 1921 1320 Ergo

149 1340 360 1380 truamur
392 1338 542 1392 bonis,
574 1350 663 1391 que
697 1342 816 1391 sunt,
847 1342 892 1380 et
924 1342 1106 1380 utamur
1138 1342 1364 1390 creatura,
1396 1338 1568 1391 ubique
1602 1337 1921 1391 relinquamus

151 1409 279 1462 signa
314 1409 480 1462 leticie,
515 1410 733 1462 quoniam
766 1410 851 1451 hec
884 1413 953 1452 est
985 1422 1094 1462 pars
1129 1413 1173 1451 et
1207 1422 1308 1452 sors
1340 1412 1498 1452 nostra
1533 1443 1541 1451 .
1577 1443 1585 1450 .
1621 1443 1629 1451 .
1674 1409 1768 1450 Alii
1803 1411 1921 1461 sunt,

151 1493 264 1532 quos
298 1480 527 1533 infernus,
561 1493 685 1523 mors
718 1484 764 1523 et
795 1480 1002 1533 perdicio
1037 1481 1260 1533 sequitur.
1306 1480 1430 1522 Sicut
1465 1481 1510 1521 in
1545 1479 1733 1522 inferno
1764 1479 1922 1522 nullus

151 1552 412 1604 confitetur,
453 1552 611 1593 nullus
652 1551 903 1594 annunciat
941 1552 1185 1594 veritatem
1227 1551 1325 1604 Dei,
1365 1552 1429 1594 sic
1470 1551 1559 1604 ipsi
1600 1551 1769 1605 prelati
1808 1563 1922 1592 nun-

151 1635 287 1674 quam
316 1626 393 1665 aut
421 1635 528 1665 raro
557 1636 640 1665 sua
668 1626 856 1676 peccata
885 1623 1181 1675 confitentur,
1209 1635 1447 1675 nunquam
1476 1625 1553 1665 aut
1581 1634 1689 1664 raro
1717 1622 1923 1664 divinum

151 1694 359 1735 officium
398 1695 569 1747 legunt,
605 1707 843 1747 nunquam
879 1694 1077 1736 subditis
1112 1694 1368 1747 predicant,
1405 1706 1558 1746 ymmo
1594 1693 1689 1736 suis
1725 1692 1922 1736 subditis

152 1765 394 1817 predicare
420 1766 715 1808 erubescunt.
752 1765 843 1808 Sua
868 1765 1101 1808 beneficia
1126 1765 1334 1807 vendunt
1356 1768 1401 1807 et
1424 1764 1687 1806 mercedem
1711 1764 1922 1806 laborum

153 1836 251 1877 sine
288 1837 447 1878 labore
482 1837 745 1889 percipiunt
780 1871 787 1878 .
824 1871 831 1878 .
869 1871 876 1878 .
924 1837 976 1878 Et
1011 1837 1184 1878 dicunt:
1234 1837 1338 1889 quis
1371 1836 1496 1878 videt
1528 1848 1627 1888 nos,
1662 1835 1765 1889 quis
1798 1835 1924 1877 novit

153 1908 267 1949 nos?
313 1907 346 1949 O
379 1920 515 1960 quam
548 1920 772 1960 perversa
805 1912 875 1950 est
906 1909 989 1950 hec
1021 1907 1252 1961 cogitacio.
1298 1908 1352 1949 Et
1383 1907 1502 1961 ideo,
1535 1910 1682 1949 mater
1713 1905 1922 1958 ecclesia,

156 1979 243 2020 iarn
270 1979 418 2031 video,
445 1980 565 2031 quod
595 1983 699 2021 sunt
725 1979 994 2021 abscondita
1021 1979 1078 2021 ab
1103 1979 1248 2021 oculis
1274 1979 1377 2021 tuis.

271 2050 480 2092 Audiens
514 2052 634 2092 mala
669 2051 752 2092 hec
787 2051 985 2093 ecclesia
1019 2050 1169 2104 gentis
1204 2062 1286 2092 sue
1321 2049 1435 2092 dixit
1470 2049 1640 2091 anime:
1690 2049 1936 2100 Discurres

154 2121 340 2173 festina,
367 2121 534 2163 suscita
559 2122 702 2163 verba
726 2125 802 2163 tua
829 2156 836 2163 .
873 2156 880 2163 .
917 2156 924 2163 .
964 2122 1044 2164 Dic
1070 2124 1222 2163 autem
1247 2121 1422 2174 populo
1443 2121 1563 2173 huic,
1588 2120 1666 2174 qui
1690 2119 1828 2162 labiis
1852 2131 1923 2161 me

156 2192 364 2243 honorat,
404 2205 481 2233 cor
523 2195 673 2234 autem
716 2205 876 2234 eorum
919 2193 1054 2245 longe
1095 2196 1165 2234 est
1206 2205 1231 2234 a
1272 2205 1359 2244 me,
1401 2192 1523 2233 istud
1561 2191 1714 2244 Ysaye
1754 2190 1921 2244 primo:

157 2262 422 2315 Rexertere,
453 2266 706 2312 revertere,
736 2262 1027 2305 adversatrix
1062 2264 1222 2315 lsrael,
1253 2264 1314 2305 ait
1345 2263 1573 2315 dominus,
1603 2265 1649 2304 et
1675 2274 1766 2304 non
1798 2273 1924 2303 aver-

156 2338 245 2375 tam
273 2333 440 2375 faciem
467 2346 615 2376 meam
643 2348 667 2376 a
694 2335 825 2377 vobis
852 2369 859 2376 .
897 2369 904 2376 .
941 2369 948 2376 .

276 2405 580 2458 Respondens
615 2408 767 2447 autem
804 2406 936 2446 dixit:
986 2405 1020 2447 O
1057 2409 1202 2447 mater
1237 2406 1448 2457 ecclesia,
1484 2405 1648 2458 loquor
1682 2404 1728 2446 in
1763 2402 1924 2446 ameri-

156 2476 313 2517 tudine
343 2476 493 2517 anime
523 2489 624 2517 mee
651 2480 694 2517 et
722 2476 926 2519 lacrimis
954 2476 1068 2518 meis
1096 2480 1288 2518 stratum
1316 2488 1469 2517 meum
1497 2475 1658 2529 rigabo
1685 2474 1792 2528 quia
1818 2474 1925 2516 dum

157 2547 212 2588 de
237 2547 377 2588 rebus
398 2547 734 2600 temporalibus
757 2548 973 2599 letantur,
996 2548 1252 2589 honoribus
1272 2547 1562 2589 extolluntur
1586 2580 1594 2588 .
1613 2580 1620 2587 .
1639 2580 1646 2588 .
1686 2546 1735 2587 In
1757 2556 1924 2587 vanum

157 2630 267 2670 ergo
292 2618 360 2659 eis
383 2618 635 2670 predicabo
658 2621 740 2659 ete.
768 2652 775 2659 .
813 2652 820 2658 .
857 2652 864 2659 .
902 2618 1035 2670 Ergo,
1060 2632 1085 2659 o
1110 2621 1256 2660 mater
1281 2618 1493 2669 ecclesia,
1518 2629 1662 2670 quare
1687 2616 1828 2658 mittis
1853 2626 1923 2656 me

159 2689 213 2730 ad
243 2689 464 2741 populum
493 2692 536 2730 et
562 2692 738 2741 gentes,
766 2702 855 2742 que
884 2702 960 2731 cor
989 2702 1121 2730 suum
1150 2692 1406 2742 posuerunt
1434 2692 1481 2730 ut
1509 2688 1801 2730 adamantem
1829 2720 1837 2728 .
1873 2719 1880 2727 .
1915 2718 1924 2726 .

275 2759 483 2803 Audiens
515 2761 597 2801 hec
627 2760 823 2802 ecclesia
855 2760 932 2802 ait:
979 2759 1180 2802 prefatis
1210 2772 1302 2801 non
1333 2759 1624 2802 obstantibus
1655 2758 1726 2800 dic
1755 2756 1925 2811 populo

159 2831 261 2871 huic
293 2844 314 2872 c
345 2830 497 2883 Ysaye
529 2831 601 2872 28:
647 2830 816 2873 Audite
848 2832 1041 2873 verbum
1073 2830 1261 2882 domini,
1291 2830 1377 2871 viri
1411 2830 1630 2872 illusores
1663 2863 1671 2870 .
1707 2863 1715 2870 .
1751 2863 1759 2871 .
1804 2828 1858 2870 Et
1887 2825 1924 2868 si

161 2904 348 2954 propter
376 2902 494 2944 dicta
519 2902 631 2944 tanti
658 2902 884 2954 prophete
913 2915 937 2943 a
963 2902 1085 2943 malo
1112 2914 1202 2943 non
1230 2902 1511 2944 recesserint
1535 2903 1581 2942 et
1606 2912 1656 2943 se
1682 2900 1808 2953 ipsos
1833 2908 1925 2939 non

162 2972 519 3014 reformaverint
541 2976 586 3014 et
606 2985 762 3014 vocem
786 2976 908 3014 tuam
930 2985 1022 3013 non
1045 2972 1292 3024 audierint,
1314 2984 1435 3025 ecce,
1457 2975 1563 3014 tunc
1583 2971 1746 3013 ultimo
1768 2980 1924 3012 secun-

160 3042 265 3083 dum
298 3043 490 3084 verbum
523 3043 691 3085 Christi
724 3043 767 3084 in
800 3044 1045 3096 evangelio
1075 3043 1199 3086 dices
1229 3044 1401 3096 populo
1429 3042 1552 3085 huic:
1597 3041 1799 3084 Venient
1827 3038 1925 3082 dies
