2227 3434
238 173 394 208 CaDer
417 171 658 208 literarische
684 171 827 215 Kampf
852 182 915 206 um
942 171 1005 206 die
1031 171 1204 215 Stellung
1230 171 1298 205 des
1324 171 1484 213 Papstes
1510 180 1594 204 zum
1624 170 1768 204 Konzil.
1803 171 1883 213 711

120 279 324 351 habebit,
349 290 427 344 qui
453 290 540 333 sibi
566 289 769 341 obediat;
797 302 856 331 ex
881 301 973 342 quo
996 289 1240 330 concilium
1265 291 1417 342 potest
1443 287 1652 341 obligare
1679 287 1887 330 subditos

121 360 179 403 ad
203 360 500 403 contrarium.
540 360 586 402 Si
616 359 807 412 dicatur,
836 360 958 412 quod
987 360 1064 413 sic,
1092 362 1198 401 tunc
1227 358 1449 411 sequitur,
1479 358 1600 411 quod
1631 359 1715 400 iste
1744 358 1886 410 leges,

121 443 210 484 que
246 443 368 473 nunc
403 430 579 473 habent
614 430 940 483 plenissimum
971 426 1134 481 robur,
1173 433 1217 471 et
1252 429 1492 471 habebunt
1529 431 1720 471 vacante
1760 428 1886 479 sede,

120 503 281 553 postea
309 500 543 554 valebunt,
573 500 619 542 in
649 503 869 553 quantum
899 500 1126 553 placuerit
1155 513 1333 541 summo
1362 499 1587 552 pontifici,
1615 511 1767 551 ymmo
1796 510 1888 539 non

119 571 354 624 valebunt,
383 571 474 614 nisi
503 570 619 613 sicut
647 571 785 612 unius
815 570 983 624 privati
1010 570 1212 612 hominis
1241 570 1473 622 iudicium,
1502 570 1625 623 quod
1652 582 1775 622 papa
1804 581 1888 621 pro

120 642 224 696 lege
266 641 561 696 approbaret.
618 642 848 683 Ponamus
891 641 1029 694 enim,
1073 641 1194 693 quod
1237 653 1358 693 papa
1398 653 1492 682 non
1535 640 1763 693 approbet
1802 652 1888 681 nec

119 712 341 766 reprobet
367 713 532 766 legem,
561 725 650 765 que
678 711 820 754 fuerit
846 714 1055 764 tempore
1083 711 1343 754 vacacionis
1371 711 1490 753 facta
1517 723 1603 764 per
1629 710 1887 763 concilium,

118 786 228 826 tunc
256 795 416 837 quero,
447 796 506 826 an
536 783 619 825 illa
647 783 839 825 habebit
868 783 960 824 vim
992 781 1109 835 legis
1138 782 1213 823 vel
1243 782 1367 823 non‘?
1412 781 1457 824 Si
1487 794 1594 833 non,
1625 784 1732 824 tunc
1761 784 1888 823 errat

119 857 212 897 tota
252 853 463 907 ecclesia,
504 853 627 896 idem
667 853 926 905 concilium,
968 852 1090 906 quod
1129 855 1425 905 representat
1463 855 1602 894 totam
1644 851 1885 893 ecclesiam

119 934 178 966 ex
205 925 304 978 hoc,
333 924 456 977 quod
483 924 580 967 vult
607 923 764 966 facere
792 924 921 977 leges
949 926 1217 976 perpetuas,
1246 935 1334 976 que
1362 926 1518 964 tamen
1546 935 1639 964 non
1667 922 1888 964 valebunt

118 994 208 1038 nisi
238 994 297 1037 ad
324 1007 497 1048 paucos
526 1006 727 1047 menses,
756 1007 922 1047 ymmo,
952 994 1075 1047 quod
1103 997 1174 1036 est
1202 993 1348 1046 magis
1377 993 1637 1046 ridiculum,
1667 993 1888 1035 valebunt

118 1078 240 1108 nunc
277 1065 388 1108 sede
426 1068 632 1118 vacante,
668 1068 831 1118 postea
867 1077 989 1118 papa
1027 1067 1182 1106 creato
1218 1067 1264 1106 et
1299 1065 1484 1106 vivente
1521 1077 1615 1106 non
1651 1063 1887 1116 valebunt,

118 1135 289 1178 deinde
319 1136 433 1179 sede
460 1140 651 1179 vacante
681 1135 904 1178 valebunt
931 1138 977 1177 et
1004 1135 1171 1178 iterum
1198 1147 1321 1188 papa
1348 1138 1504 1177 creato
1531 1147 1623 1176 non
1652 1134 1887 1186 valebunt,

119 1210 165 1249 et
186 1207 251 1250 sic
271 1219 358 1260 per
379 1207 506 1249 vices
527 1206 750 1249 valebunt
771 1209 816 1248 et
835 1218 929 1248 non
950 1206 1185 1247 valebunt.
1220 1205 1349 1257 Quod
1372 1205 1449 1258 sic,
1472 1209 1592 1257 tunc,
1615 1218 1674 1247 ex
1697 1218 1788 1258 quo
1810 1206 1887 1247 lex

119 1289 306 1331 semper
329 1277 548 1331 loquitur,
573 1276 634 1319 ita
660 1277 796 1330 quod,
823 1277 860 1318 si
886 1280 957 1319 est
980 1277 1262 1330 preceptiva,
1289 1288 1476 1329 semper
1501 1275 1711 1329 precipit,
1738 1276 1887 1329 sequi-

116 1351 204 1401 tur,
239 1347 362 1401 quod
398 1348 544 1390 eciam
580 1360 702 1401 papa
738 1347 942 1401 legitime
978 1347 1250 1400 presidente
1287 1350 1333 1388 et
1369 1346 1606 1389 residente
1642 1346 1886 1389 concilium

116 1418 257 1462 habet
281 1418 625 1471 execucionem,
652 1418 775 1471 quod
801 1422 871 1461 est
897 1421 1054 1460 contra
1080 1417 1270 1460 terciam
1296 1418 1625 1470 assercionem,
1651 1417 1759 1470 quia
1784 1430 1887 1470 pre-

115 1489 273 1542 cipere
299 1489 374 1531 vel
401 1501 567 1531 vocare
596 1488 928 1541 auctoritative,
957 1488 1019 1531 ita
1047 1488 1170 1542 quod
1196 1488 1371 1541 obliget
1398 1487 1608 1531 subditos
1634 1488 1695 1530 ad
1720 1500 1886 1541 paren-

115 1559 239 1613 dum,
262 1563 337 1603 est
363 1559 563 1613 quedam
586 1560 810 1602 execucio
836 1558 1184 1602 iurisdictionis.
1225 1559 1448 1601 Preterea
1478 1559 1515 1600 si
1545 1559 1735 1612 dicatur,
1763 1559 1886 1612 quod

116 1630 259 1684 leges,
289 1642 378 1684 que
407 1643 528 1672 nunc
557 1630 677 1673 fiunt
705 1633 897 1672 vacante
928 1630 1054 1683 sede,
1083 1633 1245 1683 postea
1274 1633 1430 1672 creato
1458 1642 1637 1672 summo
1664 1629 1885 1682 pontifice

114 1701 350 1755 valebunt,
379 1701 426 1743 in
455 1704 675 1754 quantum
704 1701 746 1743 ei
774 1701 1016 1754 placuerit,
1044 1701 1129 1743 hoc
1157 1705 1240 1754 est,
1270 1701 1308 1742 si
1337 1713 1429 1742 non
1458 1701 1751 1754 repugnabit,
1779 1703 1885 1742 tunc

114 1772 341 1826 sequitur,
365 1772 502 1825 quod,
527 1772 643 1814 sicut
664 1784 789 1825 papa
812 1772 982 1825 poterit
1005 1774 1112 1813 tunc
1136 1772 1303 1815 tollere
1329 1772 1458 1825 leges
1483 1784 1604 1813 nunc
1630 1771 1776 1814 factas
1801 1784 1886 1824 per

115 1842 374 1896 concilium,
417 1843 478 1885 ita
517 1842 760 1885 concilium
800 1846 951 1896 potest
991 1843 1157 1884 tollere
1198 1845 1244 1884 et
1286 1843 1513 1895 abrogare
1554 1855 1715 1885 omnes
1756 1843 1885 1895 leges

115 1913 262 1957 factas
285 1925 372 1967 per
397 1926 601 1956 summos
626 1913 874 1966 pontifices
899 1913 1161 1966 preteritos.
1200 1912 1330 1956 Alias
1356 1913 1506 1955 minor
1531 1916 1655 1955 esset
1681 1915 1885 1966 potestas

115 1983 296 2026 concilii
324 1996 460 2037 nunc,
490 1996 626 2037 quam
656 1984 745 2026 erit
771 1986 935 2037 postea
962 1996 1098 2037 pape,
1124 1987 1174 2026 et
1201 1983 1288 2026 ista
1318 1996 1536 2026 asserere
1564 1988 1635 2026 est
1664 1983 1884 2025 inducere

115 2067 257 2097 unum
297 2055 464 2097 scisma
505 2055 551 2097 in
591 2055 966 2110 christianitatess)
1011 2055 1132 2096 inter
1170 2067 1338 2108 papam
1378 2057 1423 2096 et
1463 2055 1723 2107 ecclesiam,
1763 2053 1885 2107 quod

115 2137 353 2178 nunquam
379 2125 527 2179 possit
550 2126 665 2168 tolli.

233 2195 365 2239 Circa
386 2199 597 2249 quartam
618 2197 931 2239 assercionem
953 2197 1176 2249 queritur,
1197 2196 1428 2248 quomodo
1448 2195 1734 2248 intelligatur
1755 2195 1884 2247 illud,

115 2267 238 2320 quod
268 2279 390 2320 papa
422 2267 549 2310 solus
580 2267 720 2310 habet
752 2266 997 2324 diffinire‘?
1042 2266 1088 2309 Si
1120 2267 1244 2308 enim
1278 2266 1577 2319 intelligatur,
1609 2266 1731 2319 quod
1764 2278 1884 2319 papa

116 2337 243 2380 solus
271 2337 411 2380 habet
439 2337 656 2391 proferre
687 2338 979 2390 sententiam,
1009 2337 1219 2390 quamvis
1249 2337 1492 2379 concilium
1521 2337 1692 2379 habeat
1721 2349 1885 2389 appro-

115 2407 228 2450 bare
260 2411 305 2450 et
335 2408 607 2462 reprobare,
637 2411 743 2450 tunc
776 2409 1000 2461 sequitur,
1033 2407 1169 2460 quod,
1201 2408 1238 2450 si
1271 2407 1328 2450 de
1359 2408 1444 2449 hoc
1476 2411 1601 2449 esset
1633 2406 1883 2458 contencio,

116 2478 222 2532 quis
247 2478 418 2522 habeat
443 2478 660 2532 proferre
690 2479 975 2521 sentenciam
1004 2478 1303 2520 diffinitivam
1333 2482 1378 2520 et
1407 2481 1604 2531 ponetur
1635 2479 1680 2519 in
1710 2478 1884 2519 delibe-

116 2548 316 2602 racione,
348 2552 470 2602 tunc,
505 2550 542 2591 si
578 2550 820 2591 concilium
858 2550 1154 2602 approbaret,
1189 2549 1311 2602 quod
1346 2548 1515 2601 aliquis
1550 2548 1669 2591 alius
1704 2561 1729 2590 a
1764 2561 1883 2601 papa

115 2620 302 2662 nomine
331 2619 510 2662 concilii
541 2620 614 2662 vel
645 2620 841 2662 ecclesie
871 2619 1153 2662 universalis
1182 2620 1255 2661 vel
1285 2619 1471 2661 nomine
1501 2632 1620 2672 pape
1648 2618 1883 2671 proferret

116 2693 161 2732 et
187 2702 279 2732 non
304 2702 442 2743 papa,
467 2693 574 2732 tunc
601 2690 680 2732 ille
709 2694 753 2733 et
780 2703 871 2732 non
899 2703 1019 2743 papa
1045 2690 1237 2732 habebit
1260 2690 1494 2743 proferre,
1521 2694 1568 2733 et
1595 2689 1659 2730 sic
1687 2689 1731 2730 in
1760 2691 1883 2741 pote-

116 2763 232 2803 state
261 2760 441 2802 concilii
470 2763 554 2813 est,
583 2761 687 2813 quis
716 2761 925 2814 proferat
954 2762 1025 2802 vel
1055 2773 1149 2803 non
1177 2760 1387 2814 proferat
1414 2761 1560 2802 eciam
1589 2772 1709 2812 papa
1739 2759 1883 2811 presi-

117 2829 255 2872 dente
283 2830 488 2884 legitime
515 2834 560 2873 et
588 2830 823 2873 residente
854 2832 899 2873 in
929 2832 1141 2883 ecclesia,
1170 2831 1292 2883 quod
1318 2834 1390 2872 est
1417 2834 1574 2872 contra
1604 2830 1720 2871 hanc
1749 2842 1883 2881 quar-

116 2903 208 2942 tam
241 2901 569 2943 assercionem.
614 2901 659 2944 Si
693 2914 804 2943 vero
836 2901 1136 2954 intelligatur,
1170 2901 1306 2954 quod,
1339 2900 1525 2953 quando
1557 2900 1675 2941 circa
1708 2898 1882 2951 aliquid

118 2970 450 3013 diffiniendum
475 2983 596 3024 papa
620 2971 762 3015 habet
784 2984 922 3013 unam
949 2971 1215 3026 opinionem
1241 2974 1285 3014 et
1309 2973 1450 3014 totum
1477 2969 1717 3014 concilium
1744 2969 1881 3011 habet

222 3075 252 3108 a)
267 3073 321 3101 ⁴11³
342 3073 631 3101 christianissimo.
