<?xml version="1.0" encoding="UTF-8"?>
<!DOCTYPE html PUBLIC "-//W3C//DTD XHTML 1.0 Transitional//EN"
    "http://www.w3.org/TR/xhtml1/DTD/xhtml1-transitional.dtd">
<html xmlns="http://www.w3.org/1999/xhtml" xml:lang="en" lang="en">
 <head>
  <title>
</title>
<meta http-equiv="Content-Type" content="text/html;charset=utf-8" />
  <meta name='ocr-system' content='tesseract 3.04.00' />
  <meta name='ocr-capabilities' content='ocr_page ocr_carea ocr_par ocr_line ocrx_word'/>
</head>
<body>
  <div class='ocr_page' id='page_1' title='image "./actaconciliicons02counuoft_0258.png"; bbox 0 0 2102 3444; ppageno 0'>
   <div class='ocr_carea' id='block_1_1' title="bbox 295 148 1532 193">
    <p class='ocr_par' dir='ltr' id='par_1_1' title="bbox 295 148 1532 193">
     <span class='ocr_line' id='line_1_1' title="bbox 295 148 1532 193; baseline 0.001 -11"><span class='ocrx_word' id='word_1_1' title='bbox 295 149 381 191; x_wconf 86' lang='lat'>244</span> <span class='ocrx_word' id='word_1_2' title='bbox 832 149 855 182; x_wconf 87' lang='grc' dir='ltr'>Ι.</span> <span class='ocrx_word' id='word_1_3' title='bbox 884 148 1093 183; x_wconf 74' lang='lat' dir='ltr'>Abschnitt.</span> <span class='ocrx_word' id='word_1_4' title='bbox 1133 148 1532 193; x_wconf 82' lang='lat' dir='ltr'>Konzilstagebiicher.</span> 
     </span>
    </p>
   </div>
   <div class='ocr_carea' id='block_1_2' title="bbox 295 250 2068 452">
    <p class='ocr_par' dir='ltr' id='par_1_2' title="bbox 295 250 2068 452">
     <span class='ocr_line' id='line_1_2' title="bbox 295 250 2067 322; baseline 0.002 -14"><span class='ocrx_word' id='word_1_5' title='bbox 295 270 453 319; x_wconf 88' lang='lat' dir='ltr'>terest,</span> <span class='ocrx_word' id='word_1_6' title='bbox 487 267 629 309; x_wconf 84' lang='lat' dir='ltr'>fuerit</span> <span class='ocrx_word' id='word_1_7' title='bbox 663 266 958 309; x_wconf 85' lang='lat' dir='ltr'>sufficienter</span> <span class='ocrx_word' id='word_1_8' title='bbox 991 267 1227 320; x_wconf 89' lang='lat' dir='ltr'>provisum</span> <span class='ocrx_word' id='word_1_9' title='bbox 1262 280 1346 321; x_wconf 89' lang='lat' dir='ltr'>per</span> <span class='ocrx_word' id='word_1_10' title='bbox 1378 268 1463 310; x_wconf 95' lang='lat' dir='ltr'>hoc</span> <span class='ocrx_word' id='word_1_11' title='bbox 1496 281 1676 311; x_wconf 90' lang='lat' dir='ltr'>sacrum</span> <span class='ocrx_word' id='word_1_12' title='bbox 1709 269 1932 322; x_wconf 86' lang='lat' dir='ltr'>generale</span> <span class='ocrx_word' id='word_1_13' title='bbox 1964 250 2067 311; x_wconf 86' lang='lat' dir='ltr'>con-</span> 
     </span>
     <span class='ocr_line' id='line_1_3' title="bbox 296 338 2068 394; baseline 0.002 -15"><span class='ocrx_word' id='word_1_14' title='bbox 296 339 471 390; x_wconf 87' lang='lat' dir='ltr'>cilium;</span> <span class='ocrx_word' id='word_1_15' title='bbox 502 338 833 380; x_wconf 84' lang='lat' dir='ltr'>attendendum</span> <span class='ocrx_word' id='word_1_16' title='bbox 863 339 986 391; x_wconf 90' lang='lat' dir='ltr'>quod</span> <span class='ocrx_word' id='word_1_17' title='bbox 1015 338 1141 393; x_wconf 68' lang='lat' dir='ltr'>ista²¹)</span> <span class='ocrx_word' id='word_1_18' title='bbox 1173 339 1284 381; x_wconf 89' lang='lat' dir='ltr'>talia</span> <span class='ocrx_word' id='word_1_19' title='bbox 1313 351 1404 381; x_wconf 92' lang='lat' dir='ltr'>non</span> <span class='ocrx_word' id='word_1_20' title='bbox 1435 343 1541 382; x_wconf 90' lang='lat' dir='ltr'>sunt</span> <span class='ocrx_word' id='word_1_21' title='bbox 1568 340 1825 393; x_wconf 89' lang='lat' dir='ltr'>approbata</span> <span class='ocrx_word' id='word_1_22' title='bbox 1852 347 1938 394; x_wconf 87' lang='lat' dir='ltr'>per</span> <span class='ocrx_word' id='word_1_23' title='bbox 1964 352 2068 382; x_wconf 91' lang='lat' dir='ltr'>con-</span> 
     </span>
     <span class='ocr_line' id='line_1_4' title="bbox 297 409 1123 452; baseline 0.001 -2"><span class='ocrx_word' id='word_1_24' title='bbox 297 409 453 451; x_wconf 89' lang='lat' dir='ltr'>cilium</span> <span class='ocrx_word' id='word_1_25' title='bbox 478 409 562 452; x_wconf 91' lang='lat' dir='ltr'>sed</span> <span class='ocrx_word' id='word_1_26' title='bbox 587 409 920 451; x_wconf 89' lang='lat' dir='ltr'>deliberacioni</span> <span class='ocrx_word' id='word_1_27' title='bbox 949 409 1123 451; x_wconf 88' lang='lat' dir='ltr'>relicta.</span> 
     </span>
    </p>
   </div>
   <div class='ocr_carea' id='block_1_3' title="bbox 296 491 2097 759">
    <p class='ocr_par' dir='ltr' id='par_1_3' title="bbox 296 491 2097 617">
     <span class='ocr_line' id='line_1_5' title="bbox 417 491 2097 557; baseline 0.001 -23"><span class='ocrx_word' id='word_1_28' title='bbox 417 491 634 534; x_wconf 90' lang='lat' dir='ltr'>Feliciter</span> <span class='ocrx_word' id='word_1_29' title='bbox 666 492 872 534; x_wconf 88' lang='lat' dir='ltr'>ecclesia</span> <span class='ocrx_word' id='word_1_30' title='bbox 916 526 923 534; x_wconf 95' lang='lat'><strong>.</strong></span> <span class='ocrx_word' id='word_1_31' title='bbox 960 526 967 534; x_wconf 93' lang='lat'><em>.</em></span> <span class='ocrx_word' id='word_1_32' title='bbox 1004 527 1012 534; x_wconf 89' lang='lat'><strong>.</strong></span> <span class='ocrx_word' id='word_1_33' title='bbox 1057 505 1208 546; x_wconf 84' lang='lat' dir='ltr'>nuper</span> <span class='ocrx_word' id='word_1_34' title='bbox 1250 492 1618 536; x_wconf 83' lang='lat' dir='ltr'>existimavimus</span> <span class='ocrx_word' id='word_1_35' title='bbox 1663 528 1670 535; x_wconf 93' lang='lat'><strong><em>.</em></strong></span> <span class='ocrx_word' id='word_1_36' title='bbox 1707 527 1714 535; x_wconf 92' lang='lat'><strong>.</strong></span> <span class='ocrx_word' id='word_1_37' title='bbox 1751 527 1759 535; x_wconf 92' lang='lat'><strong><em>.</em></strong></span> <span class='ocrx_word' id='word_1_38' title='bbox 1803 496 2097 557; x_wconf 34' lang='lat' dir='ltr'>represent-u</span> 
     </span>
     <span class='ocr_line' id='line_1_6' title="bbox 296 563 535 617; baseline 0.008 -13"><span class='ocrx_word' id='word_1_39' title='bbox 296 563 535 617; x_wconf 87' lang='lat' dir='ltr'>antibus.¹)</span> 
     </span>
    </p>

    <p class='ocr_par' dir='ltr' id='par_1_4' title="bbox 296 633 2066 759">
     <span class='ocr_line' id='line_1_7' title="bbox 413 633 1920 689; baseline 0.001 -12"><span class='ocrx_word' id='word_1_40' title='bbox 413 633 725 677; x_wconf 87' lang='lat' dir='ltr'>Serenissimo</span> <span class='ocrx_word' id='word_1_41' title='bbox 773 634 970 688; x_wconf 83' lang='lat' dir='ltr'>principi</span> <span class='ocrx_word' id='word_1_42' title='bbox 1022 634 1279 677; x_wconf 90' lang='lat' dir='ltr'>Wladislao</span> <span class='ocrx_word' id='word_1_43' title='bbox 1478 635 1664 678; x_wconf 84' lang='lat' dir='ltr'>Certum</span> <span class='ocrx_word' id='word_1_44' title='bbox 1713 636 1920 689; x_wconf 86' lang='lat' dir='ltr'>gerimus</span> 
     </span>
     <span class='ocr_line' id='line_1_8' title="bbox 296 703 550 759; baseline 0.004 -13"><span class='ocrx_word' id='word_1_45' title='bbox 296 703 550 759; x_wconf 88' lang='lat' dir='ltr'>sigillata.²)</span> 
     </span>
    </p>
   </div>
   <div class='ocr_carea' id='block_1_4' title="bbox 294 776 2067 973">
    <p class='ocr_par' dir='ltr' id='par_1_5' title="bbox 294 776 2067 973">
     <span class='ocr_line' id='line_1_9' title="bbox 412 776 2067 832; baseline 0.002 -15"><span class='ocrx_word' id='word_1_46' title='bbox 412 776 777 819; x_wconf 90' lang='lat' dir='ltr'>Venerabilibus</span> <span class='ocrx_word' id='word_1_47' title='bbox 807 780 851 819; x_wconf 92' lang='lat' dir='ltr'>et</span> <span class='ocrx_word' id='word_1_48' title='bbox 881 777 1076 820; x_wconf 87' lang='lat' dir='ltr'>eruditis</span> <span class='ocrx_word' id='word_1_49' title='bbox 1106 777 1282 819; x_wconf 89' lang='lat' dir='ltr'>viribus</span> <span class='ocrx_word' id='word_1_50' title='bbox 1313 812 1320 819; x_wconf 94' lang='lat'><strong>.</strong></span> <span class='ocrx_word' id='word_1_51' title='bbox 1358 812 1365 819; x_wconf 94' lang='lat'><strong>.</strong></span> <span class='ocrx_word' id='word_1_52' title='bbox 1401 812 1409 819; x_wconf 91' lang='lat'>.</span> <span class='ocrx_word' id='word_1_53' title='bbox 1452 777 1668 820; x_wconf 84' lang='lat' dir='ltr'>Graviter</span> <span class='ocrx_word' id='word_1_54' title='bbox 1698 781 1743 820; x_wconf 96' lang='lat' dir='ltr'>et</span> <span class='ocrx_word' id='word_1_55' title='bbox 1770 791 1871 820; x_wconf 91' lang='lat' dir='ltr'>cum</span> <span class='ocrx_word' id='word_1_56' title='bbox 1902 790 2067 832; x_wconf 89' lang='lat' dir='ltr'>magna</span> 
     </span>
     <span class='ocr_line' id='line_1_10' title="bbox 296 846 2067 892; baseline 0.002 -4"><span class='ocrx_word' id='word_1_57' title='bbox 296 846 447 889; x_wconf 87' lang='lat' dir='ltr'>cordis</span> <span class='ocrx_word' id='word_1_58' title='bbox 497 847 748 890; x_wconf 80' lang='lat' dir='ltr'>acerbitate</span> <span class='ocrx_word' id='word_1_59' title='bbox 959 849 1059 890; x_wconf 92' lang='lat' dir='ltr'>Dat.</span> <span class='ocrx_word' id='word_1_60' title='bbox 1110 848 1318 891; x_wconf 89' lang='lat' dir='ltr'>Parisius</span> <span class='ocrx_word' id='word_1_61' title='bbox 1515 848 1589 891; x_wconf 92' lang='lat' dir='ltr'>die</span> <span class='ocrx_word' id='word_1_62' title='bbox 1639 849 1844 892; x_wconf 88' lang='lat' dir='ltr'>secunda</span> <span class='ocrx_word' id='word_1_63' title='bbox 1893 848 2067 891; x_wconf 89' lang='lat' dir='ltr'>mensis</span> 
     </span>
     <span class='ocr_line' id='line_1_11' title="bbox 294 917 528 973; baseline 0.004 -14"><span class='ocrx_word' id='word_1_64' title='bbox 294 917 528 973; x_wconf 78' lang='lat' dir='ltr'>Aprilis.³)</span> 
     </span>
    </p>
   </div>
   <div class='ocr_carea' id='block_1_5' title="bbox 294 989 2069 1898">
    <p class='ocr_par' dir='ltr' id='par_1_6' title="bbox 294 989 2068 1103">
     <span class='ocr_line' id='line_1_12' title="bbox 412 989 2068 1045; baseline 0.001 -13"><span class='ocrx_word' id='word_1_65' title='bbox 412 989 737 1044; x_wconf 83' lang='lat' dir='ltr'>Suprascripta</span> <span class='ocrx_word' id='word_1_66' title='bbox 764 990 917 1033; x_wconf 90' lang='lat' dir='ltr'>littera</span> <span class='ocrx_word' id='word_1_67' title='bbox 944 991 1061 1033; x_wconf 90' lang='lat' dir='ltr'>lecta</span> <span class='ocrx_word' id='word_1_68' title='bbox 1088 990 1175 1033; x_wconf 77' lang='lat' dir='ltr'>fuit</span> <span class='ocrx_word' id='word_1_69' title='bbox 1201 991 1246 1032; x_wconf 93' lang='lat' dir='ltr'>in</span> <span class='ocrx_word' id='word_1_70' title='bbox 1274 991 1401 1033; x_wconf 92' lang='lat' dir='ltr'><strong>VIII.</strong></span> <span class='ocrx_word' id='word_1_71' title='bbox 1430 991 1640 1034; x_wconf 84' lang='lat' dir='ltr'>sessione</span> <span class='ocrx_word' id='word_1_72' title='bbox 1667 992 1806 1034; x_wconf 93' lang='lat' dir='ltr'>huius</span> <span class='ocrx_word' id='word_1_73' title='bbox 1831 991 2068 1045; x_wconf 90' lang='lat' dir='ltr'>generalis</span> 
     </span>
     <span class='ocr_line' id='line_1_13' title="bbox 294 1060 490 1103; baseline 0.01 -2"><span class='ocrx_word' id='word_1_74' title='bbox 294 1060 490 1103; x_wconf 88' lang='lat' dir='ltr'>concilii.</span> 
     </span>
    </p>

    <p class='ocr_par' dir='ltr' id='par_1_7' title="bbox 294 1131 2069 1898">
     <span class='ocr_line' id='line_1_14' title="bbox 414 1131 2067 1187; baseline 0.002 -14"><span class='ocrx_word' id='word_1_75' title='bbox 414 1131 497 1174; x_wconf 92' lang='lat' dir='ltr'>Die</span> <span class='ocrx_word' id='word_1_76' title='bbox 524 1133 712 1175; x_wconf 89' lang='lat' dir='ltr'>veneris</span> <span class='ocrx_word' id='word_1_77' title='bbox 739 1133 885 1175; x_wconf 92' lang='lat' dir='ltr'><strong>XVII.</strong></span> <span class='ocrx_word' id='word_1_78' title='bbox 912 1134 1088 1176; x_wconf 91' lang='lat' dir='ltr'>mensis</span> <span class='ocrx_word' id='word_1_79' title='bbox 1117 1133 1222 1176; x_wconf 91' lang='lat' dir='ltr'>Maii</span> <span class='ocrx_word' id='word_1_80' title='bbox 1250 1134 1446 1176; x_wconf 81' lang='lat' dir='ltr'>illustris</span> <span class='ocrx_word' id='word_1_81' title='bbox 1473 1134 1693 1187; x_wconf 88' lang='lat' dir='ltr'>princeps</span> <span class='ocrx_word' id='word_1_82' title='bbox 1719 1133 1761 1176; x_wconf 91' lang='lat' dir='ltr'>d.</span> <span class='ocrx_word' id='word_1_83' title='bbox 1789 1133 2067 1176; x_wconf 89' lang='lat' dir='ltr'>Fredericus</span> 
     </span>
     <span class='ocr_line' id='line_1_15' title="bbox 295 1203 2068 1258; baseline 0.001 -14"><span class='ocrx_word' id='word_1_84' title='bbox 295 1203 572 1255; x_wconf 87' lang='lat' dir='ltr'>burgravius</span> <span class='ocrx_word' id='word_1_85' title='bbox 604 1203 1010 1257; x_wconf 89' lang='lat' dir='ltr'>Nurenbergensis</span> <span class='ocrx_word' id='word_1_86' title='bbox 1043 1207 1088 1246; x_wconf 93' lang='lat' dir='ltr'>et</span> <span class='ocrx_word' id='word_1_87' title='bbox 1119 1217 1213 1247; x_wconf 92' lang='lat' dir='ltr'>rev.</span> <span class='ocrx_word' id='word_1_88' title='bbox 1248 1218 1290 1258; x_wconf 93' lang='lat' dir='ltr'>p.</span> <span class='ocrx_word' id='word_1_89' title='bbox 1326 1205 1365 1249; x_wconf 80' lang='lat' dir='ltr'>d.</span> <span class='ocrx_word' id='word_1_90' title='bbox 1402 1205 1739 1258; x_wconf 90' lang='lat' dir='ltr'>archiepiscopi</span> <span class='ocrx_word' id='word_1_91' title='bbox 1774 1205 1991 1258; x_wconf 90' lang='lat' dir='ltr'>Rigensis</span> <span class='ocrx_word' id='word_1_92' title='bbox 2021 1207 2068 1246; x_wconf 93' lang='lat' dir='ltr'>et</span> 
     </span>
     <span class='ocr_line' id='line_1_16' title="bbox 296 1273 2068 1330; baseline 0.001 -15"><span class='ocrx_word' id='word_1_93' title='bbox 296 1273 565 1317; x_wconf 88' lang='lat' dir='ltr'>Bisuntinus</span> <span class='ocrx_word' id='word_1_94' title='bbox 591 1275 823 1318; x_wconf 82' lang='lat' dir='ltr'>sexcentis</span> <span class='ocrx_word' id='word_1_95' title='bbox 849 1276 1084 1328; x_wconf 91' lang='lat' dir='ltr'>equitibus</span> <span class='ocrx_word' id='word_1_96' title='bbox 1110 1276 1354 1329; x_wconf 87' lang='lat' dir='ltr'>armigeris</span> <span class='ocrx_word' id='word_1_97' title='bbox 1379 1277 1453 1317; x_wconf 93' lang='lat' dir='ltr'>vel</span> <span class='ocrx_word' id='word_1_98' title='bbox 1479 1277 1599 1318; x_wconf 92' lang='lat' dir='ltr'>circa</span> <span class='ocrx_word' id='word_1_99' title='bbox 1625 1276 1798 1330; x_wconf 86' lang='lat' dir='ltr'>sociati,</span> <span class='ocrx_word' id='word_1_100' title='bbox 1822 1278 1958 1330; x_wconf 88' lang='lat' dir='ltr'>prout</span> <span class='ocrx_word' id='word_1_101' title='bbox 1982 1288 2068 1330; x_wconf 92' lang='lat' dir='ltr'>per</span> 
     </span>
     <span class='ocr_line' id='line_1_17' title="bbox 296 1345 2065 1401; baseline 0.001 -14"><span class='ocrx_word' id='word_1_102' title='bbox 296 1346 648 1389; x_wconf 90' lang='lat' dir='ltr'>serenissimum</span> <span class='ocrx_word' id='word_1_103' title='bbox 703 1345 744 1388; x_wconf 86' lang='lat' dir='ltr'>d.</span> <span class='ocrx_word' id='word_1_104' title='bbox 787 1346 1134 1399; x_wconf 86' lang='lat' dir='ltr'>Sigismundum</span> <span class='ocrx_word' id='word_1_105' title='bbox 1187 1347 1499 1389; x_wconf 87' lang='lat' dir='ltr'>Romanorum</span> <span class='ocrx_word' id='word_1_106' title='bbox 1541 1351 1586 1389; x_wconf 92' lang='lat' dir='ltr'>et</span> <span class='ocrx_word' id='word_1_107' title='bbox 1627 1348 1864 1401; x_wconf 91' lang='lat' dir='ltr'>Hungarie</span> <span class='ocrx_word' id='word_1_108' title='bbox 1908 1359 2065 1401; x_wconf 90' lang='lat' dir='ltr'>regem</span> 
     </span>
     <span class='ocr_line' id='line_1_18' title="bbox 294 1418 2068 1471; baseline 0.002 -14"><span class='ocrx_word' id='word_1_109' title='bbox 294 1429 481 1469; x_wconf 90' lang='lat' dir='ltr'>semper</span> <span class='ocrx_word' id='word_1_110' title='bbox 508 1421 752 1471; x_wconf 89' lang='lat' dir='ltr'>augustum</span> <span class='ocrx_word' id='word_1_111' title='bbox 780 1430 1055 1471; x_wconf 90' lang='lat' dir='ltr'>sacrumque</span> <span class='ocrx_word' id='word_1_112' title='bbox 1083 1419 1327 1460; x_wconf 90' lang='lat' dir='ltr'>concilium</span> <span class='ocrx_word' id='word_1_113' title='bbox 1355 1418 1509 1460; x_wconf 80' lang='lat' dir='ltr'>fuerat</span> <span class='ocrx_word' id='word_1_114' title='bbox 1534 1419 1603 1460; x_wconf 86' lang='lat' dir='ltr'>eis</span> <span class='ocrx_word' id='word_1_115' title='bbox 1630 1418 1898 1471; x_wconf 89' lang='lat' dir='ltr'>iniunctum,</span> <span class='ocrx_word' id='word_1_116' title='bbox 1925 1418 1953 1460; x_wconf 93' lang='lat' dir='ltr'>d</span> <span class='ocrx_word' id='word_1_117' title='bbox 1980 1418 2068 1460; x_wconf 63' lang='grc' dir='ltr'>,ἆο-</span> 
     </span>
     <span class='ocr_line' id='line_1_19' title="bbox 294 1488 2067 1542; baseline 0.001 -13"><span class='ocrx_word' id='word_1_118' title='bbox 294 1488 497 1530; x_wconf 91' lang='lat' dir='ltr'>hannem</span> <span class='ocrx_word' id='word_1_119' title='bbox 532 1501 701 1542; x_wconf 92' lang='lat' dir='ltr'>papam</span> <span class='ocrx_word' id='word_1_120' title='bbox 737 1488 910 1531; x_wconf 91' lang='lat' dir='ltr'><strong>XXIII.</strong></span> <span class='ocrx_word' id='word_1_121' title='bbox 948 1489 1006 1531; x_wconf 89' lang='lat' dir='ltr'>ad</span> <span class='ocrx_word' id='word_1_122' title='bbox 1042 1492 1243 1531; x_wconf 88' lang='lat' dir='ltr'>castrum</span> <span class='ocrx_word' id='word_1_123' title='bbox 1281 1489 1410 1531; x_wconf 92' lang='lat' dir='ltr'>Celle</span> <span class='ocrx_word' id='word_1_124' title='bbox 1449 1490 1505 1531; x_wconf 92' lang='lat' dir='ltr'>de</span> <span class='ocrx_word' id='word_1_125' title='bbox 1544 1489 1822 1532; x_wconf 87' lang='lat' dir='ltr'>Constancia</span> <span class='ocrx_word' id='word_1_126' title='bbox 1855 1501 1941 1542; x_wconf 90' lang='lat' dir='ltr'>per</span> <span class='ocrx_word' id='word_1_127' title='bbox 1976 1488 2067 1531; x_wconf 92' lang='lat' dir='ltr'>duo</span> 
     </span>
     <span class='ocr_line' id='line_1_20' title="bbox 294 1559 2068 1614; baseline 0.001 -13"><span class='ocrx_word' id='word_1_128' title='bbox 294 1559 495 1602; x_wconf 87' lang='lat' dir='ltr'>miliaria</span> <span class='ocrx_word' id='word_1_129' title='bbox 517 1559 802 1602; x_wconf 86' lang='lat' dir='ltr'>Theutonica</span> <span class='ocrx_word' id='word_1_130' title='bbox 825 1559 1002 1602; x_wconf 88' lang='lat' dir='ltr'>distans</span> <span class='ocrx_word' id='word_1_131' title='bbox 1026 1560 1329 1602; x_wconf 88' lang='lat' dir='ltr'>reduxerunt.</span> <span class='ocrx_word' id='word_1_132' title='bbox 1365 1560 1509 1612; x_wconf 86' lang='lat' dir='ltr'>Quem</span> <span class='ocrx_word' id='word_1_133' title='bbox 1533 1561 1667 1614; x_wconf 91' lang='lat' dir='ltr'>pauci</span> <span class='ocrx_word' id='word_1_134' title='bbox 1692 1561 1749 1602; x_wconf 93' lang='lat' dir='ltr'>de</span> <span class='ocrx_word' id='word_1_135' title='bbox 1774 1560 1885 1614; x_wconf 84' lang='lat' dir='ltr'>suis,</span> <span class='ocrx_word' id='word_1_136' title='bbox 1907 1559 2068 1602; x_wconf 90' lang='lat' dir='ltr'>videli-</span> 
     </span>
     <span class='ocr_line' id='line_1_21' title="bbox 295 1630 2069 1685; baseline 0.001 -14"><span class='ocrx_word' id='word_1_137' title='bbox 295 1633 365 1672; x_wconf 87' lang='lat' dir='ltr'>cet</span> <span class='ocrx_word' id='word_1_138' title='bbox 392 1630 433 1672; x_wconf 92' lang='lat' dir='ltr'>d.</span> <span class='ocrx_word' id='word_1_139' title='bbox 463 1631 669 1684; x_wconf 78' lang='lat' dir='ltr'>episcopi</span> <span class='ocrx_word' id='word_1_140' title='bbox 698 1631 920 1673; x_wconf 86' lang='lat' dir='ltr'>Aretinus</span> <span class='ocrx_word' id='word_1_141' title='bbox 945 1635 993 1673; x_wconf 90' lang='lat' dir='ltr'>et</span> <span class='ocrx_word' id='word_1_142' title='bbox 1019 1630 1259 1674; x_wconf 85' lang='lat' dir='ltr'>Olerensis</span> <span class='ocrx_word' id='word_1_143' title='bbox 1288 1635 1333 1674; x_wconf 87' lang='lat' dir='ltr'>et</span> <span class='ocrx_word' id='word_1_144' title='bbox 1361 1631 1698 1685; x_wconf 76' lang='lat' dir='ltr'>archiepiscopi</span> <span class='ocrx_word' id='word_1_145' title='bbox 1725 1631 2069 1674; x_wconf 87' lang='lat' dir='ltr'>Acherontinus</span> 
     </span>
     <span class='ocr_line' id='line_1_22' title="bbox 297 1701 2068 1756; baseline 0.001 -13"><span class='ocrx_word' id='word_1_146' title='bbox 297 1704 341 1743; x_wconf 94' lang='lat' dir='ltr'>et</span> <span class='ocrx_word' id='word_1_147' title='bbox 373 1701 619 1744; x_wconf 87' lang='lat' dir='ltr'>Remensis</span> <span class='ocrx_word' id='word_1_148' title='bbox 652 1705 697 1744; x_wconf 93' lang='lat' dir='ltr'>et</span> <span class='ocrx_word' id='word_1_149' title='bbox 730 1702 917 1755; x_wconf 90' lang='lat' dir='ltr'>quidam</span> <span class='ocrx_word' id='word_1_150' title='bbox 952 1703 1031 1745; x_wconf 91' lang='lat' dir='ltr'>alii</span> <span class='ocrx_word' id='word_1_151' title='bbox 1065 1701 1275 1744; x_wconf 82' lang='lat' dir='ltr'>scutiferi</span> <span class='ocrx_word' id='word_1_152' title='bbox 1310 1715 1457 1756; x_wconf 91' lang='lat' dir='ltr'>usque</span> <span class='ocrx_word' id='word_1_153' title='bbox 1492 1703 1602 1744; x_wconf 92' lang='lat' dir='ltr'>illuc</span> <span class='ocrx_word' id='word_1_154' title='bbox 1635 1702 1780 1745; x_wconf 92' lang='lat' dir='ltr'>secuti</span> <span class='ocrx_word' id='word_1_155' title='bbox 1814 1704 1933 1746; x_wconf 89' lang='lat' dir='ltr'>sunt.</span> <span class='ocrx_word' id='word_1_156' title='bbox 1978 1701 2068 1744; x_wconf 91' lang='lat' dir='ltr'>Ubi</span> 
     </span>
     <span class='ocr_line' id='line_1_23' title="bbox 296 1773 2069 1827; baseline 0.001 -14"><span class='ocrx_word' id='word_1_157' title='bbox 296 1785 396 1814; x_wconf 91' lang='lat' dir='ltr'>cum</span> <span class='ocrx_word' id='word_1_158' title='bbox 427 1776 566 1826; x_wconf 89' lang='lat' dir='ltr'>ess-et,</span> <span class='ocrx_word' id='word_1_159' title='bbox 597 1773 812 1826; x_wconf 81' lang='lat' dir='ltr'>prefatus</span> <span class='ocrx_word' id='word_1_160' title='bbox 844 1773 885 1816; x_wconf 93' lang='lat' dir='ltr'>d.</span> <span class='ocrx_word' id='word_1_161' title='bbox 918 1787 1004 1816; x_wconf 83' lang='lat' dir='ltr'>rex</span> <span class='ocrx_word' id='word_1_162' title='bbox 1036 1774 1146 1815; x_wconf 89' lang='lat' dir='ltr'>illu-c</span> <span class='ocrx_word' id='word_1_163' title='bbox 1176 1773 1415 1826; x_wconf 82' lang='lat' dir='ltr'>profectus</span> <span class='ocrx_word' id='word_1_164' title='bbox 1447 1777 1517 1816; x_wconf 89' lang='lat' dir='ltr'>est</span> <span class='ocrx_word' id='word_1_165' title='bbox 1547 1777 1605 1827; x_wconf 91' lang='lat' dir='ltr'>et,</span> <span class='ocrx_word' id='word_1_166' title='bbox 1638 1777 1686 1815; x_wconf 93' lang='lat' dir='ltr'>ut</span> <span class='ocrx_word' id='word_1_167' title='bbox 1716 1773 1935 1827; x_wconf 87' lang='lat' dir='ltr'>creditur,</span> <span class='ocrx_word' id='word_1_168' title='bbox 1966 1785 2069 1816; x_wconf 90' lang='lat' dir='ltr'>cum</span> 
     </span>
     <span class='ocr_line' id='line_1_24' title="bbox 298 1843 1008 1898; baseline 0.003 -13"><span class='ocrx_word' id='word_1_169' title='bbox 298 1843 397 1886; x_wconf 90' lang='lat' dir='ltr'>solo</span> <span class='ocrx_word' id='word_1_170' title='bbox 427 1843 678 1897; x_wconf 89' lang='lat' dir='ltr'>burgravio</span> <span class='ocrx_word' id='word_1_171' title='bbox 708 1847 779 1887; x_wconf 91' lang='lat' dir='ltr'>est</span> <span class='ocrx_word' id='word_1_172' title='bbox 809 1844 1008 1898; x_wconf 80' lang='lat' dir='ltr'>loqutus,</span> 
     </span>
    </p>
   </div>
   <div class='ocr_carea' id='block_1_6' title="bbox 295 1926 2072 2479">
    <p class='ocr_par' dir='ltr' id='par_1_8' title="bbox 295 1926 2072 2479">
     <span class='ocr_line' id='line_1_25' title="bbox 415 1926 2070 1981; baseline 0.001 -13"><span class='ocrx_word' id='word_1_173' title='bbox 415 1926 500 1968; x_wconf 92' lang='lat' dir='ltr'>Die</span> <span class='ocrx_word' id='word_1_174' title='bbox 527 1927 708 1969; x_wconf 88' lang='lat' dir='ltr'>sabbati</span> <span class='ocrx_word' id='word_1_175' title='bbox 736 1927 909 1969; x_wconf 89' lang='lat' dir='ltr'><strong>XVIII.</strong></span> <span class='ocrx_word' id='word_1_176' title='bbox 938 1927 1113 1970; x_wconf 89' lang='lat' dir='ltr'>mensis</span> <span class='ocrx_word' id='word_1_177' title='bbox 1141 1928 1248 1970; x_wconf 90' lang='lat' dir='ltr'>Maii</span> <span class='ocrx_word' id='word_1_178' title='bbox 1277 1927 1567 1981; x_wconf 89' lang='lat' dir='ltr'>congregatis</span> <span class='ocrx_word' id='word_1_179' title='bbox 1593 1927 1882 1981; x_wconf 90' lang='lat' dir='ltr'>nacionibus,</span> <span class='ocrx_word' id='word_1_180' title='bbox 1907 1926 2070 1969; x_wconf 91' lang='lat' dir='ltr'>videli-</span> 
     </span>
     <span class='ocr_line' id='line_1_26' title="bbox 295 1997 2068 2052; baseline 0.002 -14"><span class='ocrx_word' id='word_1_181' title='bbox 295 2000 367 2039; x_wconf 90' lang='lat' dir='ltr'>cet</span> <span class='ocrx_word' id='word_1_182' title='bbox 407 1997 578 2052; x_wconf 80' lang='lat' dir='ltr'>Italica,</span> <span class='ocrx_word' id='word_1_183' title='bbox 615 1997 908 2051; x_wconf 87' lang='lat' dir='ltr'>Germanica,</span> <span class='ocrx_word' id='word_1_184' title='bbox 947 1998 1189 2041; x_wconf 90' lang='lat' dir='ltr'>Gallicana</span> <span class='ocrx_word' id='word_1_185' title='bbox 1226 2002 1270 2040; x_wconf 91' lang='lat' dir='ltr'>et</span> <span class='ocrx_word' id='word_1_186' title='bbox 1306 1998 1563 2052; x_wconf 92' lang='lat' dir='ltr'>Anglicana</span> <span class='ocrx_word' id='word_1_187' title='bbox 1601 2000 1649 2041; x_wconf 91' lang='lat' dir='ltr'>in</span> <span class='ocrx_word' id='word_1_188' title='bbox 1684 1998 1797 2041; x_wconf 93' lang='lat' dir='ltr'>locis</span> <span class='ocrx_word' id='word_1_189' title='bbox 1834 1999 2068 2041; x_wconf 86' lang='lat' dir='ltr'>consuetis</span> 
     </span>
     <span class='ocr_line' id='line_1_27' title="bbox 297 2067 2070 2124; baseline 0.002 -16"><span class='ocrx_word' id='word_1_190' title='bbox 297 2068 542 2120; x_wconf 89' lang='lat' dir='ltr'>elegerunt</span> <span class='ocrx_word' id='word_1_191' title='bbox 573 2067 897 2122; x_wconf 82' lang='lat' dir='ltr'>infrascriptos</span> <span class='ocrx_word' id='word_1_192' title='bbox 931 2070 1145 2112; x_wconf 87' lang='lat' dir='ltr'>custodes</span> <span class='ocrx_word' id='word_1_193' title='bbox 1179 2070 1238 2112; x_wconf 93' lang='lat' dir='ltr'>ad</span> <span class='ocrx_word' id='word_1_194' title='bbox 1269 2069 1622 2112; x_wconf 89' lang='lat' dir='ltr'>custodiendum</span> <span class='ocrx_word' id='word_1_195' title='bbox 1654 2069 1890 2124; x_wconf 82' lang='lat' dir='ltr'>prefatum</span> <span class='ocrx_word' id='word_1_196' title='bbox 1921 2069 1963 2112; x_wconf 92' lang='lat' dir='ltr'>d.</span> <span class='ocrx_word' id='word_1_197' title='bbox 1995 2069 2070 2112; x_wconf 84' lang='lat' dir='ltr'>Jo-</span> 
     </span>
     <span class='ocr_line' id='line_1_28' title="bbox 298 2138 2071 2195; baseline 0.001 -15"><span class='ocrx_word' id='word_1_198' title='bbox 298 2138 501 2181; x_wconf 89' lang='lat' dir='ltr'>hannem</span> <span class='ocrx_word' id='word_1_199' title='bbox 528 2152 698 2193; x_wconf 92' lang='lat' dir='ltr'>papam</span> <span class='ocrx_word' id='word_1_200' title='bbox 725 2140 897 2182; x_wconf 92' lang='lat' dir='ltr'><strong>XXIII.</strong></span> <span class='ocrx_word' id='word_1_201' title='bbox 927 2153 1124 2182; x_wconf 86' lang='lat' dir='ltr'>unacum</span> <span class='ocrx_word' id='word_1_202' title='bbox 1153 2140 1398 2194; x_wconf 89' lang='lat' dir='ltr'>armigeris</span> <span class='ocrx_word' id='word_1_203' title='bbox 1426 2154 1511 2195; x_wconf 91' lang='lat' dir='ltr'>per</span> <span class='ocrx_word' id='word_1_204' title='bbox 1540 2141 1709 2183; x_wconf 90' lang='lat' dir='ltr'>dictum</span> <span class='ocrx_word' id='word_1_205' title='bbox 1737 2141 1779 2183; x_wconf 94' lang='lat' dir='ltr'>d.</span> <span class='ocrx_word' id='word_1_206' title='bbox 1808 2153 1966 2195; x_wconf 91' lang='lat' dir='ltr'>regem</span> <span class='ocrx_word' id='word_1_207' title='bbox 1994 2139 2071 2182; x_wconf 91' lang='lat' dir='ltr'>de-</span> 
     </span>
     <span class='ocr_line' id='line_1_29' title="bbox 298 2203 2070 2265; baseline 0.001 -14"><span class='ocrx_word' id='word_1_208' title='bbox 298 2210 531 2263; x_wconf 86' lang='lat' dir='ltr'>putandis,</span> <span class='ocrx_word' id='word_1_209' title='bbox 559 2210 777 2253; x_wconf 90' lang='lat' dir='ltr'>videlicet</span> <span class='ocrx_word' id='word_1_210' title='bbox 803 2224 888 2264; x_wconf 92' lang='lat' dir='ltr'>pro</span> <span class='ocrx_word' id='word_1_211' title='bbox 915 2211 1108 2254; x_wconf 91' lang='lat' dir='ltr'>nacione</span> <span class='ocrx_word' id='word_1_212' title='bbox 1135 2203 1298 2254; x_wconf 65' lang='lat' dir='ltr'>vItalica</span> <span class='ocrx_word' id='word_1_213' title='bbox 1326 2212 1369 2254; x_wconf 92' lang='lat' dir='ltr'>d.</span> <span class='ocrx_word' id='word_1_214' title='bbox 1397 2213 1668 2265; x_wconf 92' lang='lat' dir='ltr'>episcopum</span> <span class='ocrx_word' id='word_1_215' title='bbox 1696 2211 1958 2265; x_wconf 89' lang='lat' dir='ltr'>Astensem,</span> <span class='ocrx_word' id='word_1_216' title='bbox 1983 2223 2070 2265; x_wconf 91' lang='lat' dir='ltr'>pro</span> 
     </span>
     <span class='ocr_line' id='line_1_30' title="bbox 298 2280 2070 2336; baseline 0.001 -14"><span class='ocrx_word' id='word_1_217' title='bbox 298 2280 492 2323; x_wconf 89' lang='lat' dir='ltr'>nacione</span> <span class='ocrx_word' id='word_1_218' title='bbox 528 2280 806 2324; x_wconf 90' lang='lat' dir='ltr'>Germanica</span> <span class='ocrx_word' id='word_1_219' title='bbox 842 2282 883 2324; x_wconf 89' lang='lat' dir='ltr'>d.</span> <span class='ocrx_word' id='word_1_220' title='bbox 921 2281 1251 2336; x_wconf 78' lang='lat' dir='ltr'>Fridericum*’)</span> <span class='ocrx_word' id='word_1_221' title='bbox 1290 2283 1559 2336; x_wconf 90' lang='lat' dir='ltr'>episcopum</span> <span class='ocrx_word' id='word_1_222' title='bbox 1593 2283 1950 2336; x_wconf 89' lang='lat' dir='ltr'>Augustensem‚</span> <span class='ocrx_word' id='word_1_223' title='bbox 1985 2295 2070 2336; x_wconf 92' lang='lat' dir='ltr'>pro</span> 
     </span>
     <span class='ocr_line' id='line_1_31' title="bbox 298 2351 2072 2407; baseline 0.001 -14"><span class='ocrx_word' id='word_1_224' title='bbox 298 2352 493 2394; x_wconf 92' lang='lat' dir='ltr'>nacione</span> <span class='ocrx_word' id='word_1_225' title='bbox 527 2351 769 2395; x_wconf 90' lang='lat' dir='ltr'>Gallicana</span> <span class='ocrx_word' id='word_1_226' title='bbox 803 2352 843 2395; x_wconf 89' lang='lat' dir='ltr'>d.</span> <span class='ocrx_word' id='word_1_227' title='bbox 877 2353 1146 2407; x_wconf 91' lang='lat' dir='ltr'>episcopum</span> <span class='ocrx_word' id='word_1_228' title='bbox 1180 2354 1539 2407; x_wconf 88' lang='lat' dir='ltr'>Tholonensem,</span> <span class='ocrx_word' id='word_1_229' title='bbox 1572 2366 1657 2407; x_wconf 93' lang='lat' dir='ltr'>pro</span> <span class='ocrx_word' id='word_1_230' title='bbox 1688 2354 1884 2396; x_wconf 91' lang='lat' dir='ltr'>nacione</span> <span class='ocrx_word' id='word_1_231' title='bbox 1914 2352 2072 2406; x_wconf 90' lang='lat' dir='ltr'>Angli-</span> 
     </span>
     <span class='ocr_line' id='line_1_32' title="bbox 299 2423 1753 2479; baseline 0.002 -15"><span class='ocrx_word' id='word_1_232' title='bbox 299 2434 413 2465; x_wconf 89' lang='lat' dir='ltr'>cana</span> <span class='ocrx_word' id='word_1_233' title='bbox 444 2423 677 2476; x_wconf 90' lang='lat' dir='ltr'>quendam</span> <span class='ocrx_word' id='word_1_234' title='bbox 709 2423 941 2466; x_wconf 87' lang='lat' dir='ltr'>doctorem</span> <span class='ocrx_word' id='word_1_235' title='bbox 974 2424 1243 2477; x_wconf 87' lang='lat' dir='ltr'>magistrum</span> <span class='ocrx_word' id='word_1_236' title='bbox 1275 2425 1537 2467; x_wconf 80' lang='lat' dir='ltr'>Johannem</span> <span class='ocrx_word' id='word_1_237' title='bbox 1571 2425 1753 2479; x_wconf 62' lang='lat' dir='ltr'>Fytonss)</span> 
     </span>
    </p>
   </div>
   <div class='ocr_carea' id='block_1_7' title="bbox 365 2543 648 2546">
    <p class='ocr_par' dir='ltr' id='par_1_9' title="bbox 365 2543 648 2546">
     <span class='ocr_line' id='line_1_33' title="bbox 365 2543 648 2546; baseline 0 0"><span class='ocrx_word' id='word_1_238' title='bbox 365 2543 648 2546; x_wconf 95' lang='lat' dir='ltr'> </span> 
     </span>
    </p>
   </div>
   <div class='ocr_carea' id='block_1_8' title="bbox 402 2599 1802 2679">
    <p class='ocr_par' dir='ltr' id='par_1_10' title="bbox 402 2599 1802 2679">
     <span class='ocr_line' id='line_1_34' title="bbox 402 2599 1802 2634; baseline 0 -8"><span class='ocrx_word' id='word_1_239' title='bbox 402 2602 432 2626; x_wconf 76' lang='lat' dir='ltr'>a)</span> <span class='ocrx_word' id='word_1_240' title='bbox 457 2606 508 2626; x_wconf 78' lang='lat' dir='ltr'>am</span> <span class='ocrx_word' id='word_1_241' title='bbox 532 2599 627 2625; x_wconf 73' lang='lat' dir='ltr'>Ram!</span> <span class='ocrx_word' id='word_1_242' title='bbox 668 2600 719 2625; x_wconf 78' lang='lat' dir='ltr'>mit</span> <span class='ocrx_word' id='word_1_243' title='bbox 750 2599 1112 2632; x_wconf 47' lang='lat' dir='ltr'>I&#39;erurist(&#39;alswit-hen.·</span> <span class='ocrx_word' id='word_1_244' title='bbox 1138 2600 1221 2626; x_wconf 72' lang='lat' dir='ltr'>nlius</span> <span class='ocrx_word' id='word_1_245' title='bbox 1244 2600 1375 2627; x_wconf 73' lang='lat' dir='ltr'>ultima:</span> <span class='ocrx_word' id='word_1_246' title='bbox 1395 2608 1479 2634; x_wconf 61' lang='lat'>9011:</span> <span class='ocrx_word' id='word_1_247' title='bbox 1499 2600 1597 2633; x_wconf 63' lang='lat' dir='ltr'>‚qleich</span> <span class='ocrx_word' id='word_1_248' title='bbox 1621 2601 1651 2627; x_wconf 79' lang='lat' dir='ltr'>in</span> <span class='ocrx_word' id='word_1_249' title='bbox 1676 2601 1702 2627; x_wconf 87' lang='lat' dir='ltr'>B</span> <span class='ocrx_word' id='word_1_250' title='bbox 1724 2608 1750 2628; x_wconf 70' lang='grc' dir='ltr'>Η.</span> <span class='ocrx_word' id='word_1_251' title='bbox 1773 2602 1802 2628; x_wconf 74' lang='grc' dir='ltr'>Ο.</span> 
     </span>
     <span class='ocr_line' id='line_1_35' title="bbox 404 2646 960 2679; baseline -0.002 -6"><span class='ocrx_word' id='word_1_252' title='bbox 404 2646 436 2676; x_wconf 84' lang='lat' dir='ltr'>b)</span> <span class='ocrx_word' id='word_1_253' title='bbox 457 2646 536 2679; x_wconf 70' lang='lat' dir='ltr'>fehlt</span> <span class='ocrx_word' id='word_1_254' title='bbox 561 2647 594 2672; x_wconf 82' lang='lat' dir='ltr'>B.</span> <span class='ocrx_word' id='word_1_255' title='bbox 652 2648 680 2675; x_wconf 66' lang='grc' dir='ltr'>(τ)</span> <span class='ocrx_word' id='word_1_256' title='bbox 702 2647 801 2673; x_wconf 67' lang='lat' dir='ltr'>Namv</span> <span class='ocrx_word' id='word_1_257' title='bbox 823 2646 901 2679; x_wconf 67' lang='lat' dir='ltr'>s&#39;ehlr</span> <span class='ocrx_word' id='word_1_258' title='bbox 924 2647 960 2673; x_wconf 68' lang='lat'>15.</span> 
     </span>
    </p>
   </div>
   <div class='ocr_carea' id='block_1_9' title="bbox 302 2706 2070 2984">
    <p class='ocr_par' dir='ltr' id='par_1_11' title="bbox 302 2706 2070 2807">
     <span class='ocr_line' id='line_1_36' title="bbox 420 2706 2070 2749; baseline 0 -9"><span class='ocrx_word' id='word_1_259' title='bbox 420 2708 450 2749; x_wconf 87' lang='lat'>¹)</span> <span class='ocrx_word' id='word_1_260' title='bbox 492 2706 725 2741; x_wconf 63' lang='lat' dir='ltr'>Universitc&#39;it</span> <span class='ocrx_word' id='word_1_261' title='bbox 762 2706 870 2741; x_wconf 79' lang='lat' dir='ltr'>Paris</span> <span class='ocrx_word' id='word_1_262' title='bbox 907 2717 952 2741; x_wconf 79' lang='grc' dir='ltr'>(ιη</span> <span class='ocrx_word' id='word_1_263' title='bbox 989 2707 1052 2741; x_wconf 73' lang='lat' dir='ltr'>(lie</span> <span class='ocrx_word' id='word_1_264' title='bbox 1090 2707 1335 2741; x_wconf 73' lang='lat' dir='ltr'>ltalienisehe</span> <span class='ocrx_word' id='word_1_265' title='bbox 1370 2707 1527 2747; x_wconf 66' lang='lat' dir='ltr'>Notion:</span> <span class='ocrx_word' id='word_1_266' title='bbox 1564 2707 1684 2743; x_wconf 82' lang='lat' dir='ltr'>Hardt</span> <span class='ocrx_word' id='word_1_267' title='bbox 1719 2707 1785 2749; x_wconf 80' lang='lat' dir='ltr'>JV,</span> <span class='ocrx_word' id='word_1_268' title='bbox 1823 2708 1907 2749; x_wconf 84' lang='lat'><strong><em>133‚·</em></strong></span> <span class='ocrx_word' id='word_1_269' title='bbox 1946 2706 2070 2742; x_wconf 80' lang='lat' dir='ltr'>Mansi</span> 
     </span>
     <span class='ocr_line' id='line_1_37' title="bbox 302 2764 563 2807; baseline 0.004 -9"><span class='ocrx_word' id='word_1_270' title='bbox 302 2764 458 2807; x_wconf 73' lang='lat' dir='ltr'><strong>XXVII,</strong></span> <span class='ocrx_word' id='word_1_271' title='bbox 485 2766 563 2800; x_wconf 82' lang='lat'><strong><em>614.</em></strong></span> 
     </span>
    </p>

    <p class='ocr_par' dir='ltr' id='par_1_12' title="bbox 304 2822 2069 2926">
     <span class='ocr_line' id='line_1_38' title="bbox 418 2822 2069 2868; baseline -0.001 -10"><span class='ocrx_word' id='word_1_272' title='bbox 418 2824 450 2866; x_wconf 88' lang='lat'>2)</span> <span class='ocrx_word' id='word_1_273' title='bbox 472 2823 609 2858; x_wconf 72' lang='lat' dir='ltr'>Konze&#39;l</span> <span class='ocrx_word' id='word_1_274' title='bbox 629 2834 676 2858; x_wconf 76' lang='lat' dir='ltr'>an</span> <span class='ocrx_word' id='word_1_275' title='bbox 697 2823 822 2866; x_wconf 63' lang='grc' dir='ltr'>Κϋηίζ]</span> <span class='ocrx_word' id='word_1_276' title='bbox 844 2824 1044 2858; x_wconf 74' lang='lat' dir='ltr'>Ladislaus</span> <span class='ocrx_word' id='word_1_277' title='bbox 1068 2834 1136 2858; x_wconf 71' lang='lat'>0011</span> <span class='ocrx_word' id='word_1_278' title='bbox 1158 2824 1275 2859; x_wconf 78' lang='lat' dir='ltr'>Polen</span> <span class='ocrx_word' id='word_1_279' title='bbox 1298 2824 1395 2858; x_wconf 64' lang='lat' dir='ltr'>{Iber</span> <span class='ocrx_word' id='word_1_280' title='bbox 1413 2824 1476 2859; x_wconf 73' lang='lat' dir='ltr'>die</span> <span class='ocrx_word' id='word_1_281' title='bbox 1498 2824 1631 2859; x_wconf 75' lang='lat' dir='ltr'>Flucht</span> <span class='ocrx_word' id='word_1_282' title='bbox 1649 2825 1840 2868; x_wconf 79' lang='grc' dir='ltr'><em>,ΙοΙιαηηε;</em></span> <span class='ocrx_word' id='word_1_283' title='bbox 1862 2824 1982 2859; x_wconf 76' lang='grc' dir='ltr'><em>Ηανάι</em></span> <span class='ocrx_word' id='word_1_284' title='bbox 2002 2822 2069 2864; x_wconf 85' lang='lat' dir='ltr'>IV,</span> 
     </span>
     <span class='ocr_line' id='line_1_39' title="bbox 304 2881 1000 2926; baseline 0.001 -11"><span class='ocrx_word' id='word_1_285' title='bbox 304 2882 504 2924; x_wconf 79' lang='lat'><strong><em>131—135,·</em></strong></span> <span class='ocrx_word' id='word_1_286' title='bbox 535 2882 660 2916; x_wconf 73' lang='lat' dir='ltr'>Manse&#39;</span> <span class='ocrx_word' id='word_1_287' title='bbox 690 2881 847 2923; x_wconf 76' lang='lat' dir='ltr'><strong>XXVII,</strong></span> <span class='ocrx_word' id='word_1_288' title='bbox 876 2884 944 2917; x_wconf 81' lang='lat'>603</span> <span class='ocrx_word' id='word_1_289' title='bbox 957 2881 1000 2926; x_wconf 68' lang='lat' dir='ltr'>ff</span> 
     </span>
    </p>

    <p class='ocr_par' dir='ltr' id='par_1_13' title="bbox 418 2939 2068 2984">
     <span class='ocr_line' id='line_1_40' title="bbox 418 2939 2068 2984; baseline -0.001 -10"><span class='ocrx_word' id='word_1_290' title='bbox 418 2941 449 2981; x_wconf 69' lang='lat'>3)</span> <span class='ocrx_word' id='word_1_291' title='bbox 482 2939 714 2974; x_wconf 64' lang='lat' dir='ltr'>Universum</span> <span class='ocrx_word' id='word_1_292' title='bbox 740 2940 849 2975; x_wconf 77' lang='lat' dir='ltr'>Paris</span> <span class='ocrx_word' id='word_1_293' title='bbox 875 2951 924 2975; x_wconf 79' lang='grc' dir='ltr'>αη</span> <span class='ocrx_word' id='word_1_294' title='bbox 950 2941 1033 2975; x_wconf 69' lang='lat' dir='ltr'>ihre</span> <span class='ocrx_word' id='word_1_295' title='bbox 1062 2940 1300 2984; x_wconf 62' lang='lat' dir='ltr'>Gesczmllem</span> <span class='ocrx_word' id='word_1_296' title='bbox 1330 2942 1508 2976; x_wconf 42' lang='lat' dir='ltr'>*inseriert</span> <span class='ocrx_word' id='word_1_297' title='bbox 1535 2943 1604 2976; x_wconf 79' lang='lat' dir='ltr'>das</span> <span class='ocrx_word' id='word_1_298' title='bbox 1630 2941 1838 2976; x_wconf 81' lang='lat' dir='ltr'>Schreiben</span> <span class='ocrx_word' id='word_1_299' title='bbox 1864 2942 1934 2976; x_wconf 83' lang='lat' dir='ltr'>der</span> <span class='ocrx_word' id='word_1_300' title='bbox 1960 2940 2068 2975; x_wconf 82' lang='lat' dir='ltr'>Univ.</span> 
     </span>
    </p>
   </div>
   <div class='ocr_carea' id='block_1_10' title="bbox 300 2997 2068 3101">
    <p class='ocr_par' dir='ltr' id='par_1_14' title="bbox 300 2997 2068 3101">
     <span class='ocr_line' id='line_1_41' title="bbox 300 2997 2068 3044; baseline 0.002 -14"><span class='ocrx_word' id='word_1_301' title='bbox 300 3007 348 3031; x_wconf 78' lang='lat' dir='ltr'>an</span> <span class='ocrx_word' id='word_1_302' title='bbox 370 2997 484 3040; x_wconf 77' lang='lat' dir='ltr'>Paps!</span> <span class='ocrx_word' id='word_1_303' title='bbox 505 2998 657 3033; x_wconf 73' lang='lat' dir='ltr'>Johann</span> <span class='ocrx_word' id='word_1_304' title='bbox 680 2998 822 3033; x_wconf 87' lang='lat' dir='ltr'><strong>XXIII.</strong></span> <span class='ocrx_word' id='word_1_305' title='bbox 858 2999 977 3033; x_wconf 78' lang='lat' dir='ltr'>Hardt</span> <span class='ocrx_word' id='word_1_306' title='bbox 1000 2998 1065 3039; x_wconf 76' lang='lat' dir='ltr'>II&#39;,</span> <span class='ocrx_word' id='word_1_307' title='bbox 1091 2998 1202 3042; x_wconf 46' lang='lat'>12²2&amp;</span> <span class='ocrx_word' id='word_1_308' title='bbox 1227 2999 1351 3033; x_wconf 77' lang='lat' dir='ltr'>Mansi</span> <span class='ocrx_word' id='word_1_309' title='bbox 1373 2998 1531 3041; x_wconf 70' lang='lat' dir='ltr'><strong>XXVII,</strong></span> <span class='ocrx_word' id='word_1_310' title='bbox 1554 3001 1620 3034; x_wconf 84' lang='lat'>611</span> <span class='ocrx_word' id='word_1_311' title='bbox 1635 2999 1668 3044; x_wconf 73' lang='lat' dir='ltr'>ff</span> <span class='ocrx_word' id='word_1_312' title='bbox 1689 2999 1749 3044; x_wconf 78' lang='lat' dir='ltr'>(in</span> <span class='ocrx_word' id='word_1_313' title='bbox 1774 2999 1913 3035; x_wconf 81' lang='lat' dir='ltr'>beiden</span> <span class='ocrx_word' id='word_1_314' title='bbox 1935 3009 1979 3034; x_wconf 78' lang='lat' dir='ltr'>zu</span> <span class='ocrx_word' id='word_1_315' title='bbox 2002 2999 2068 3033; x_wconf 87' lang='lat' dir='ltr'>Be-</span> 
     </span>
     <span class='ocr_line' id='line_1_42' title="bbox 301 3055 785 3101; baseline 0.004 -13"><span class='ocrx_word' id='word_1_316' title='bbox 301 3055 391 3095; x_wconf 71' lang='lat' dir='ltr'>(Je&#39;nn</span> <span class='ocrx_word' id='word_1_317' title='bbox 419 3056 488 3089; x_wconf 74' lang='lat' dir='ltr'>(ier</span> <span class='ocrx_word' id='word_1_318' title='bbox 525 3056 578 3090; x_wconf 79' lang='lat' dir='ltr'>VI.</span> <span class='ocrx_word' id='word_1_319' title='bbox 608 3056 785 3101; x_wconf 75' lang='lat' dir='ltr'>Sessio!).</span> 
     </span>
    </p>
   </div>
  </div>
 </body>
</html>
