2227 3434
543 176 580 210 B.
623 176 700 210 Der
725 176 825 211 liber
848 177 1041 219 gestorum
1068 175 1137 209 des
1164 174 1405 210 Cerretanus.
1773 177 1858 219 345

94 294 382 337 sanctissime
419 293 613 336 ecclesie
650 297 696 335 et
732 293 965 346 presentis
1002 293 1182 335 concilii
1221 296 1431 346 spectare
1470 293 1685 334 videntur
1721 297 1765 335 et
1801 294 1858 335 ad

93 366 311 407 unionem
341 363 715 417 consequendam
746 376 914 417 resque
945 376 1106 406 omnes
1134 364 1311 416 pariter
1340 366 1384 405 et
1413 376 1661 415 armorum,
1691 364 1858 416 quibus

94 436 258 488 ingens
288 439 333 478 et
363 435 588 488 frequens
619 438 691 476 est
721 435 853 487 copia
885 447 935 476 ac
967 434 1225 487 multitudo,
1256 446 1578 487 personasque
1611 434 1782 487 probas
1816 437 1861 475 et

92 517 286 560 regnum
313 519 448 548 omne
475 505 725 559 proclivius
753 509 797 547 et
824 505 1006 547 avidius
1035 505 1092 547 ad
1119 505 1272 546 omnia
1300 517 1485 558 semper
1511 504 1681 558 placita
1709 508 1753 546 et
1779 504 1859 546 im-

92 580 267 629 perata,
302 579 547 630 sperantes
580 576 730 630 primo
764 589 822 617 ex
857 576 947 617 hiis
981 575 1195 617 omnibus
1230 576 1287 617 ab
1322 575 1569 617 immortali
1603 579 1648 617 et
1681 588 1859 617 summo

94 647 204 701 Deo,
236 648 366 690 cuius
401 651 505 690 sunt
539 659 682 700 opera
716 649 852 699 atque
887 659 1039 698 cause,
1074 646 1336 688 mercedem
1370 649 1416 688 et
1448 646 1613 688 merita
1646 646 1858 688 obtinere

91 730 281 771 vosque,
308 721 466 772 patres
493 717 854 771 gloriosissimos
882 720 927 759 et
954 718 1180 769 excelsos,
1210 718 1256 758 in
1283 730 1478 770 quorum
1505 720 1692 770 pectore
1721 720 1858 770 atque

90 792 244 832 mente
266 789 512 831 clementia
532 792 577 831 et
597 788 769 831 iustitia
790 789 966 842 pariter
986 791 1308 841 perseverant,
1330 788 1377 829 in
1398 800 1558 830 eorum
1579 788 1694 841 iure,
1716 788 1857 830 rebus

89 859 258 902 debitis
294 863 340 902 et
373 859 614 913 oportunis
649 871 793 912 equos
828 861 873 900 et
907 858 1194 901 favorabiles
1229 858 1290 900 ita
1324 858 1500 901 habere
1536 859 1779 901 benivolos
1813 861 1858 900 et

90 933 393 983 promotores,
419 930 497 972 ubi
526 933 571 972 et
598 930 686 982 ipsi
712 930 909 971 ecclesie
936 929 1063 972 filios
1089 928 1393 972 fidelissimos
1419 942 1468 972 se
1495 930 1788 972 exsistimant
1814 932 1859 971 et

90 1001 296 1043 fatentur
327 1004 372 1043 et
403 1013 508 1043 esse
541 1000 799 1053 intendunt,
832 1001 977 1042 donec
1011 1001 1097 1042 ista
1127 1000 1174 1041 in
1207 1001 1299 1042 vita
1332 1000 1565 1042 durabunt
1597 1000 1858 1042 mortalium

92 1105 100 1112 .
136 1106 144 1113 .
180 1071 377 1114 .Amen.

206 1143 295 1196 Si¹)
331 1142 539 1196 dignitati
573 1155 857 1185 summorum
890 1142 1167 1195 principum,
1202 1141 1259 1184 de
1293 1142 1461 1195 quibus
1495 1145 1709 1184 oraturus
1744 1155 1858 1193 sum,

90 1214 128 1255 si
159 1213 522 1256 sublimitatibus
552 1213 734 1267 vestris,
763 1216 922 1266 patres
953 1212 1127 1266 optimi,
1159 1214 1234 1266 qui
1267 1225 1325 1254 ex
1356 1213 1570 1255 omnibus
1600 1213 1758 1254 mundi
1791 1226 1859 1255 sa-

90 1284 326 1338 pientibus
362 1284 496 1326 electi
533 1297 618 1338 pro
653 1283 864 1337 generali
901 1284 1094 1326 concilio
1130 1283 1203 1325 hic
1238 1283 1532 1336 convenistis,
1567 1296 1754 1337 possem
1790 1296 1860 1325 ac-

90 1354 381 1397 commodare
410 1367 688 1408 sermonem,
716 1368 822 1397 raro
848 1367 1052 1408 unquam
1078 1354 1248 1397 fuisset
1273 1357 1351 1396 aut
1375 1354 1532 1396 futura
1559 1358 1685 1397 esset
1709 1355 1859 1396 cuius-

90 1427 213 1479 piam
249 1426 446 1469 oratoris
480 1426 617 1468 dictio
641 1420 756 1467 'huic
790 1426 1126 1479 equiparanda,
1162 1425 1246 1468 sed
1279 1425 1387 1478 quia
1422 1426 1572 1467 sentio
1603 1425 1670 1467 nil
1706 1426 1752 1467 in
1787 1438 1858 1467 me

90 1497 197 1551 tale,
219 1500 268 1540 ut
288 1497 373 1540 hoc
395 1496 452 1539 de
476 1509 547 1539 me
570 1497 644 1538 vel
668 1509 860 1550 sperare
884 1497 958 1538 vel
982 1496 1216 1550 spondere
1240 1496 1450 1549 audeam,
1474 1499 1628 1538 vestre
1651 1496 1859 1538 humani-

90 1567 195 1610 tatis
217 1568 305 1610 erit
327 1568 584 1622 ignoscere,
608 1568 731 1621 quod
751 1568 1120 1621 presumpserim
1142 1568 1226 1609 hoc
1248 1570 1458 1620 tempore
1481 1567 1650 1619 dicere,
1673 1579 1789 1620 curn,
1812 1569 1859 1608 ut

89 1638 249 1691 nostis,
278 1651 371 1681 non
400 1639 640 1682 temeritas
671 1638 908 1692 impulerit
939 1638 1021 1681 sed
1055 1638 1299 1691 imperium
1330 1641 1548 1690 vestrum,
1579 1637 1702 1691 quod
1733 1650 1860 1679 recu-

91 1721 195 1751 sare
222 1721 420 1763 nequeo,
447 1723 519 1751 me
547 1711 750 1764 coegerit
777 1710 834 1752 ad
862 1709 1122 1750 dicendum.

206 1792 278 1834 Ad
300 1805 399 1834 rem
421 1792 571 1846 ipsam
585 1791 725 1845 igitur
741 1793 825 1834 sub
842 1792 927 1834 hac
940 1792 1115 1834 fiducia
1130 1791 1364 1834 veniendo
1377 1791 1721 1833 illustrissimos
1735 1791 1858 1844 prin-

90 1863 216 1917 cipes
250 1863 473 1906 Jacobum
507 1875 664 1916 regern
699 1866 744 1905 et
776 1863 1036 1905 Johannam
1071 1862 1278 1915 reginam
1313 1863 1576 1905 Jerusalem
1611 1865 1656 1904 et
1689 1861 1859 1914 Sicilie,

90 1946 285 1987 quorum
316 1934 551 1987 magnifici
582 1935 719 1988 legati
752 1934 823 1976 hic
856 1934 1051 1986 adstant,
1082 1934 1277 1986 extollit,
1308 1933 1431 1986 quod
1463 1934 1683 1986 scriptum
1715 1936 1785 1975 est
1816 1937 1860 1974 et

91 2005 213 2058 quod
248 2005 413 2048 merito
447 2005 631 2047 videtur
665 2005 841 2047 eisdem
877 2017 1014 2058 posse
1052 2005 1256 2057 attribui,
1290 2007 1337 2046 ut
1372 2004 1591 2057 dicamus,
1628 2004 1750 2057 quod
1785 2005 1856 2046 isti

90 2080 197 2120 sunt
223 2076 460 2129 principes
488 2077 712 2118 nominati
742 2076 788 2117 in
816 2076 1169 2129 cognationibus
1199 2076 1295 2118 suis
1327 2075 1485 2129 (primi
1516 2075 1718 2128 Paralip.
1751 2075 1859 2116 IIII.

91 2149 229 2203 cap.).
283 2147 468 2190 Laudes
512 2150 664 2190 autem
708 2148 971 2200 principum
1017 2148 1062 2188 in
1107 2146 1255 2189 tribus
1300 2147 1500 2188 maxime
1545 2146 1858 2198 attenduntur,

90 2218 240 2271 primo
268 2221 315 2260 ut
343 2218 434 2261 sint
462 2218 614 2260 devoti
644 2218 796 2271 quoad
826 2218 987 2272 Deum,
1017 2217 1220 2260 secundo
1248 2220 1295 2259 ut
1324 2218 1415 2260 sint
1443 2216 1680 2270 sapientes
1708 2217 1858 2270 quoad

91 2288 505 2332 administrandam
532 2301 630 2331 rem
654 2289 902 2342 publicam,
926 2289 1062 2331 tertio
1088 2291 1135 2330 ut
1160 2289 1251 2331 sint
1274 2289 1528 2331 clementes
1553 2288 1611 2330 ad
1636 2287 1858 2330 subditos.

91 2359 287 2413 Propter
319 2360 518 2413 primum
553 2359 768 2402 laudatur
802 2360 1052 2412 Abraham,
1086 2360 1172 2412 cui,
1207 2372 1307 2401 cum
1341 2362 1467 2401 esset
1500 2360 1778 2412 peregrinus
1810 2358 1858 2400 in

90 2433 216 2474 terra
245 2431 414 2484 aliena,
446 2430 614 2473 dictum
644 2434 731 2473 est:
774 2431 995 2484 princeps
1027 2430 1110 2472 Dei
1140 2444 1192 2473 es
1222 2429 1346 2483 apud
1374 2442 1459 2472 nos
1492 2429 1630 2484 (Gen.
1661 2429 1857 2482 XXIII).

91 2500 207 2543 Hinc
231 2501 288 2544 de
315 2501 429 2556 ipsis
452 2502 744 2555 principibus
769 2502 990 2555 scriptum
1015 2505 1098 2553 est,
1114 2501 1237 2554 quod
1254 2501 1399 2543 sciant
1415 2514 1463 2543 se
1479 2500 1746 2542 reddituros
1763 2500 1860 2541 Deo

92 2572 316 2615 rationem
366 2575 556 2626 propter
605 2573 864 2625 ecclesiam,
915 2585 1051 2625 quam
1102 2571 1285 2614 Christo
1334 2571 1553 2614 tuendam
1602 2571 1859 2625 suscipiunt

95 2642 274 2696 (XXIII
289 2656 330 2696 q.
348 2643 679 2698 V.princeps):
702 2643 871 2696 quibus
892 2643 1030 2685 etiam
1053 2643 1261 2685 immin-et
1282 2656 1391 2685 cura
1411 2646 1737 2696 preceptorum
1760 2641 1858 2693 Dei,

91 2715 140 2755 ut
168 2713 371 2756 liberent
399 2714 443 2755 vi
475 2727 729 2767 oppressos
758 2715 816 2756 de
850 2727 988 2756 manu
1018 2713 1399 2756 calumniantium
1435 2713 1626 2767 (Psalm.
1663 2713 1745 2765 ΙΙ).
1792 2712 1857 2752 De

92 2784 280 2837 regibus
312 2784 531 2838 scriptum
564 2788 650 2828 est:
698 2785 868 2827 servite
901 2784 1087 2827 domino
1121 2785 1168 2826 in
1199 2784 1363 2826 timore
1401 2783 1581 2837 (XXIII
1613 2796 1654 2836 q.
1691 2783 1786 2824 IIII
1819 2782 1856 2823 si

90 2854 325 2910 ecclesia).
366 2855 433 2897 De
461 2856 664 2898 secunda
690 2858 857 2909 autem,
885 2855 1058 2899 scilicet
1084 2855 1140 2898 de
1168 2854 1397 2908 sapientia
1423 2853 1662 2907 principis,
1689 2854 1857 2906 legitur

92 2924 150 2966 de
187 2925 348 2978 David,
385 2926 509 2979 quod
545 2929 645 2970 erat
681 2926 852 2970 sedens
889 2927 933 2968 in
972 2925 1191 2969 cathedra
1228 2924 1601 2978 sapientissimus
1637 2924 1857 2977 princeps

210 3089 241 3131 ¹)
269 3089 442 3124 Anticort
469 3089 700 3124 Zabarellas.
