2102 3444
193 142 278 183 504
547 139 590 173 ll.
626 139 833 172 Abschniii.
876 139 1080 169 Sermones
1111 134 1257 169 concilii
1291 133 1609 168 Constanciensis.

195 260 373 301 obiecto
402 259 482 299 sed
514 258 569 299 de
602 256 849 308 fragilitate
880 267 982 295 mea
1012 256 1058 295 et
1087 253 1264 294 modico
1294 265 1433 295 sensu
1466 265 1536 293 me
1567 252 1795 295 libencius
1823 253 1961 294 inter-

195 330 300 370 dum
339 329 553 380 occupavi
597 329 638 367 in
678 325 994 378 proponendis
1033 324 1390 376 speculalibus=·)
1433 327 1568 375 atque
1608 323 1877 375 moralibus,
1913 325 1961 364 ut

195 400 457 451 cognitione
486 399 726 450 pres-tituta
755 397 878 437 illius
906 395 1170 436 beatissime
1198 394 1434 447 dignitatis
1460 394 1712 446 apostolice
1736 397 1780 435 et
1805 396 1959 435 sancte

194 484 241 511 ac
274 470 469 511 mirifice
503 467 756 509 nobilitatis
788 466 970 518 collegii
1006 465 1191 506 illorum
1225 464 1542 506 consideracio
1574 464 1748 516 invitet,
1780 464 1960 505 dulcius

195 554 243 581 ac
268 540 508 581 efficacius
535 540 775 589 componat
800 537 856 578 ad
883 537 966 577 l)ei
995 536 1220 588 timorem,
1245 535 1460 587 graciam,
1487 535 1803 587 dileccionem‚
1828 535 1961 576 istius

193 611 373 651 sarcine
401 610 664 650 defectuum
692 607 1087 654 emendacionem,
1114 607 1470 657 comessionem,
1498 605 1847 647 extinccionem.
1892 605 1961 646 Me

193 681 378 733 quidem
405 681 449 721 in
477 680 566 721 hiis
594 691 940 730 nonnumquam
969 678 1196 720 libencius
1223 678 1460 729 occupavi3
1491 680 1560 718 set
1587 676 1708 729 quod
1735 677 1819 718 hec
1844 675 1961 718 fiant

195 753 237 792 in
273 750 500 803 personis,
535 749 740 792 moribus
774 753 818 791 et
854 750 1096 791 structuris
1131 748 1432 790 ecclesiarum
1468 747 1649 789 excidia
1685 746 1961 800 lugubribus

194 821 406 863 lamentis
442 821 624 873 plango.
675 821 726 862 Et
761 820 884 872 quod
920 820 1113 861 sceleris
1151 832 1200 861 ac
1236 819 1533 861 condecentis
1568 818 1763 859 remedii
1799 821 1962 871 pyetas

193 892 479 945 suffragetur
515 904 538 933 a
579 890 733 932 Futuro
770 894 956 944 pastore
995 902 1219 942 sacroque
1256 890 1453 942 collegio
1489 901 1538 930 ac
1576 888 1753 941 synodo
1790 891 1960 938 sancta,

195 962 534 1004 benediccionis
570 962 868 1014 largicionem
902 961 1140 1002 humiliter
1175 961 1384 1013 imploro,
1418 963 1465 1001 ut
1499 960 1641 1002 dictos
1675 959 1885 1001 defectus
1917 961 1961 1001 et

194 1034 440 1086 languores
473 1045 579 1075 suos
610 1033 913 1074 ecclesiarum
946 1031 1166 1084 episcopi,
1199 1031 1406 1083 abbates,
1438 1031 1648 1072 monachi
1679 1034 1723 1072 et
1752 1029 1961 1072 canonici

193 1103 444 1146 instancius
472 1106 692 1156 reparent
719 1106 765 1144 et
790 1106 838 1144 ut
865 1103 1012 1145 altera
1041 1102 1304 1144 moderacio
1331 1101 1504 1143 cunctis
1531 1104 1575 1143 et
1602 1101 1799 1154 singulis
1824 1112 1963 1154 equa-

192 1175 358 1216 nimior
403 1173 502 1228 [sit]
548 1187 632 1215 nec
672 1175 730 1216 sit
770 1174 941 1216 infesta
979 1173 1201 1215 membris
1240 1173 1436 1214 ecclesie
1476 1176 1657 1225 patrum
1697 1175 1961 1214 nostrorum

191 1246 334 1287 sancti
362 1245 543 1298 collegii
572 1257 621 1287 ac
649 1244 822 1298 ingenii
851 1245 920 1286 sui
950 1248 1095 1287 status
1122 1244 1327 1297 provisio
1353 1244 1576 1296 deinceps
1603 1243 1701 1295 fiat,
1725 1255 1785 1284 ne
1811 1239 1958 1296 talisb)

191 1316 400 1358 confusio
428 1316 623 1357 ulterius
652 1316 896 1357 ecclesiam
926 1314 1104 1368 perdat.

306 1386 511 1428 Redeam
538 1399 672 1438 nunc,
700 1386 824 1427 unde
853 1387 965 1428 satis
993 1386 1305 1439 disgregando
1333 1386 1539 1438 processi
1570 1420 1577 1427 .

190 1527 472 1571 .1uli·25.—
511 1528 882 1570 Bertholdus
936 1541 1044 1569 von
1096 1526 1518 1579 Reyensbury.

312 1598 435 1631 remi
456 1608 466 1631 .·
509 1598 570 1631 Mu
602 1598 712 1632 1342]
740 1598 765 1640 f.
794 1598 878 1636 198,-
905 1597 974 1631 Pal
1000 1598 1069 1632 595
1093 1596 1118 1640 f.
1145 1597 1223 1631 2652.

310 1656 656 1699 Clamamus
707 1657 861 1699 abba
912 1660 1091 1709 pater
1144 1656 1237 1710 (Ad
1275 1657 1401 1698 Rom.
1440 1656 1557 1698 VIII
1595 1659 1641 1698 et
1678 1655 1725 1696 in
1763 1655 1962 1708 epistola

191 1727 418 1769 dominice
454 1728 681 1769 hodierne
717 1728 971 1770 secundum
1007 1728 1239 1770 rubricam
1274 1728 1400 1769 curie
1437 1727 1679 1781 Romane).
1728 1726 1962 1769 Reveren-

192 1797 369 1839 dissimi
416 1798 678 1841 cardinales
724 1802 805 1842 etc.
852 1799 1057 1851 ordines,
1101 1798 1331 1851 cardines,
1377 1801 1583 1841 rectores
1627 1796 1960 1851 preclarissimi

193 1869 350 1910 mundi
372 1870 602 1923 presules,
626 1873 838 1923 pastores
862 1869 1153 1923 inclitissimi,
1177 1870 1293 1923 legis
1314 1869 1512 1923 pugiles,
1535 1869 1746 1911 doctores
1770 1869 1962 1911 instruc-

191 1939 354 1981 tissimi
385 1940 538 1993 gregis
572 1940 756 1993 Christi,
787 1942 956 1994 reliqui
989 1941 1190 1984 cultores
1219 1940 1522 1982 devotissimi.
1565 1940 1612 1983 Si
1642 1943 1834 1982 naturas
1865 1973 1873 1981 .
1909 1972 1917 1980 .
1953 1972 1961 1980 .

311 2023 469 2064 Notum
494 2026 577 2075 est,
601 2023 722 2075 quod
746 2024 792 2064 in
814 2024 898 2066 hac
923 2024 1099 2076 synodo
1121 2028 1415 2081 sacrosancta
1437 2026 1544 2065 sunt
1564 2023 1726 2076 plures
1748 2022 1795 2063 in
1817 2020 1962 2064 oculis

193 2091 287 2135 suis
315 2093 551 2146 sapientes
578 2098 622 2136 et
649 2094 866 2136 obstinati
894 2094 1234 2147 quodammodo
1260 2095 1306 2135 in
1335 2107 1477 2136 sensu
1503 2107 1601 2146 suo,
1629 2094 1706 2146 qui
1733 2106 1819 2147 pro
1844 2105 1962 2135 com-

192 2163 340 2206 modis
367 2164 561 2216 privatis
588 2198 595 2206 .
633 2199 640 2206 .
677 2198 684 2206 .
711 2165 935 2218 quidquid
963 2166 1116 2207 animo
1143 2165 1420 2218 concipiunt,
1447 2165 1579 2218 quasi
1606 2177 1666 2206 ex
1692 2163 1961 2207 auctoritate

192 2234 264 2275 vel
304 2234 487 2278 racione
524 2235 783 2277 defendunt
818 2249 902 2277 nec
938 2250 986 2278 se
1025 2237 1129 2278 aliis
1167 2237 1249 2278 sed
1284 2236 1403 2279 alios
1438 2236 1524 2279 sibi
1562 2235 1710 2278 modis
1747 2234 1960 2277 omnibus

193 2304 428 2357 applicare
459 2305 742 2348 contendunt
776 2340 783 2347 .
820 2341 828 2348 .
865 2341 872 2348 .

308 2376 562 2418 Presertim
600 2377 867 2430 spectabilis
903 2381 948 2419 et
984 2378 1162 2420 famosa
1201 2379 1482 2421 universitas
1518 2377 1657 2420 studii
1693 2377 1961 2419 Wienensis

193 2446 466 2488 inclitissimi
501 2447 691 2489 ducatus
724 2447 909 2490 Austrie
940 2461 1024 2501 pre
1056 2449 1230 2491 cunctis
1263 2449 1427 2491 studiis
1457 2448 1652 2502 provide
1684 2461 1770 2501 per
1800 2447 1961 2490 orbem

191 2516 471 2559 clamoribus
518 2518 746 2560 continuis
791 2522 835 2560 et
880 2518 1210 2562 devocionibus
1255 2519 1508 2562 instancius
1552 2519 1783 2562 laboravit
1826 2518 1961 2560 annis

193 2586 364 2640 quippe
404 2588 510 2640 plus
551 2600 686 2640 quam
727 2589 831 2630 XVI
875 2589 1070 2642 singulis
1109 2591 1349 2632 mensibus
1389 2594 1466 2632 aut
1505 2589 1755 2644 quindenis
1794 2590 1960 2632 missas

193 2658 473 2711 solempnes,
510 2671 750 2701 sermones
786 2660 843 2701 ad
878 2661 1053 2702 clerum
1087 2664 1132 2702 et
1165 2662 1388 2714 populum
1422 2661 1669 2704 celebrans
1703 2663 1749 2703 et
1782 2660 1960 2703 faciens

194 2732 237 2770 et
278 2728 605 2771 nichilominus
650 2731 922 2784 principem,
967 2732 1141 2773 clerum
1187 2736 1231 2774 et
1275 2733 1497 2786 populum
1543 2732 1768 2774 inducens
1811 2731 1960 2774 adhuc

194 2799 342 2851 ipsum
372 2803 551 2853 patrem
583 2800 628 2842 in
658 2801 797 2843 cubili
830 2802 987 2843 clauso
1018 2802 1343 2845 dormitantem
1373 2806 1737 2856 perseveranter
1764 2803 1959 2856 pulsans

192 2869 315 2911 adiit.
352 2870 619 2923 Importune
641 2872 893 2913 clamamus
915 2885 1014 2913 cum
1037 2874 1281 2925 propheta:
1318 2874 1518 2927 Exurge,
1541 2886 1685 2927 quare
1708 2873 1958 2924 obdormis

193 2939 378 2982 domine
433 2953 633 2993 exsurge
691 2977 698 2983 .
735 2976 741 2983 .
779 2977 786 2984 .
855 2943 1053 2984 -Jacobus
1108 2945 1256 2986 maior
1310 2945 1640 2997 Hispaniarum
1692 2943 1959 2997 peculiaris,

295 3049 324 3069 ai
346 3050 380 3070 ει)
403 3044 457 3071 Hs.
532 3044 564 3071 b»
589 3046 632 3071 Hs
653 3045 754 3078 panis.
