2227 3434
499 154 542 188 A.
583 154 779 188 Fillastres
809 154 924 188 Gesta
951 154 1101 188 concilii
1128 153 1443 189 Constantieusis.
1771 156 1846 197 111

86 275 219 314 erant
247 272 383 314 valde
413 271 561 325 pauci.
604 272 658 313 Et
688 272 748 314 ita
780 272 858 314 alii
887 285 979 313 non
1009 275 1261 325 potuerunt
1289 273 1575 324 congregari.
1618 272 1854 325 Ceperunt

86 346 241 385 tamen
269 344 417 385 locum
443 343 599 384 alium.
641 343 693 384 Et
726 342 1086 384 Mediolanensis
1113 343 1259 384 tenuit
1286 344 1528 384 nacionem
1554 356 1655 384 cum
1683 344 1779 385 suis
1808 345 1852 384 in

89 414 187 456 loco
212 413 292 456 illo
315 413 553 455 ordinario
575 416 620 455 et
645 413 915 465 supervenit
940 425 1038 465 reX,
1063 417 1106 454 et
1131 414 1321 466 reperit,
1347 414 1469 466 quod
1493 426 1584 455 non
1609 417 1742 455 erant
1765 414 1852 455 nisi

88 483 220 535 ΧΙΙΙ;
251 487 296 526 et
321 484 533 526 turbatus
560 487 643 536 est,
671 484 779 536 quia
807 483 1027 525 credebat
1053 484 1215 536 plures
1242 496 1361 526 esse.

205 555 306 597 Hiis
350 554 516 597 diebus
560 554 760 596 instabat
805 554 965 596 fienda
1008 555 1157 596 sessio
1202 567 1287 607 pro
1332 554 1565 596 relacione
1609 567 1856 607 processus

90 628 247 667 contra
283 625 469 667 Petrum
504 625 561 666 de
596 625 740 667 Luna.
786 625 1011 667 Naciones
1046 625 1198 666 Ytalie
1234 629 1278 667 et
1313 625 1464 667 Gallie
1500 626 1722 668 nolebant
1756 638 1858 666 con-

88 696 277 748 sentire,
308 696 432 749 quod
462 695 602 737 fieret
634 696 824 748 aliquid,
856 697 946 737 nisi
980 696 1060 737 illa
1092 696 1224 738 nacio
1257 696 1408 737 Ytalie
1441 696 1766 738 restitueretur
1799 696 1854 738 ad

90 767 237 809 locum
265 779 411 808 suum.
451 767 549 808 Rex
577 767 693 808 dixit
719 770 763 808 et
791 767 1025 808 mandavit
1051 767 1382 819 cardinalibus,
1411 767 1533 820 quod
1561 767 1618 809 de
1648 768 1726 809 illa
1755 780 1857 809 con-

89 838 316 880 troversia
361 837 548 880 volebat
595 840 718 879 stare
766 837 1053 879 ordinacioni
1104 839 1358 890 legatorum
1407 838 1530 891 regis
1577 839 1856 891 Aragonum.

91 908 255 967 Ytalici
279 908 638 961 responderunt,
661 908 783 961 quod
807 909 1029 950 nolebant
1054 908 1235 961 litigare
1260 922 1360 950 cum
1386 921 1509 962 rege,
1534 909 1617 951 sed
1641 909 1857 951 volebant

91 980 271 1022 restitui
302 979 357 1022 ad
390 979 540 1021 locum
571 992 718 1021 suum.

208 1051 399 1092 Interim
432 1050 612 1103 Ytalici,
646 1051 821 1092 scilicet
853 1050 1053 1103 expulsi,
1087 1051 1163 1103 qui
1199 1054 1332 1092 erant
1366 1050 1510 1092 maior
1545 1052 1590 1092 in
1624 1051 1854 1104 sextupIO,

88 1121 350 1174 congregati
377 1121 423 1162 in
448 1121 540 1163 alio
567 1122 666 1162 loco
691 1122 1018 1163 concluserunt
1043 1121 1255 1163 cedulam
1282 1121 1587 1163 cardinalium
1615 1121 1856 1164 admitten—

89 1192 206 1235 dam.
254 1193 308 1234 Et
342 1192 532 1234 fuerunt
566 1195 748 1234 centum
783 1192 1015 1244 XXXVII,
1051 1195 1096 1234 et
1129 1193 1290 1245 plures
1326 1192 1382 1234 de
1419 1192 1720 1245 Gregorianis
1753 1205 1857 1234 con-

91 1266 351 1306 senserunt.

209 1334 485 1388 Congregati
514 1337 618 1376 sunt
647 1335 880 1376 autemdie
908 1334 1095 1376 veneris
1127 1334 1233 1376 IIII.
1262 1334 1388 1376 Junii
1418 1334 1623 1387 deputati
1652 1333 1859 1376 cardina-

90 1406 199 1448 lium
227 1409 272 1448 et
298 1406 503 1448 omnium
531 1405 777 1447 nacionum
805 1418 889 1459 pro
916 1400 1162 1447 concordia
1190 1405 1398 1447 nacionis
1427 1405 1618 1447 Ytalice.
1660 1405 1714 1447 Et
1740 1404 1857 1446 fina-

42 1498 46 1503 .
89 1476 195 1519 liter
225 1476 606 1518 deliberaverunt
637 1489 722 1529 pro
753 1476 984 1518 servando
1014 1476 1191 1518 honore
1223 1476 1360 1529 regis,
1393 1476 1515 1529 quod
1547 1476 1682 1518 ambo
1711 1475 1857 1528 presi-

90 1547 253 1590 dentes
282 1547 434 1589 Ytalie
464 1547 794 1589 renunciarent
822 1550 1042 1600 presente
1071 1547 1264 1589 nacione
1296 1547 1462 1599 Ytalie,
1492 1550 1535 1588 et
1565 1547 1644 1588 ille
1674 1559 1734 1588 ex
1763 1546 1858 1588 illis

90 1621 215 1661 esset
245 1617 508 1672 presidens,
542 1631 679 1671 quem
711 1618 843 1660 nacio
876 1619 931 1660 de
966 1631 1084 1660 novo
1117 1618 1327 1670 eligeret,
1360 1618 1575 1670 scientes,
1609 1617 1733 1670 quod
1764 1617 1859 1658 Fir-

92 1701 253 1731 manus
277 1689 545 1742 eligeretur.
585 1689 638 1730 Et
663 1690 724 1731 ita
750 1690 874 1731 illico
898 1690 1067 1730 factum
1092 1692 1162 1731 est
1187 1692 1231 1730 et
1255 1688 1453 1730 cessavit
1481 1687 1856 1730 Mediolanensis.

207 1760 315 1812 Ipsa
345 1760 420 1801 die
452 1761 639 1802 veneris
671 1760 727 1801 de
759 1772 895 1802 mane
927 1772 1010 1801 rex
1033 1763 1085 1808 ‚et
1118 1760 1187 1802 sui
1221 1772 1446 1812 sequaces
1476 1759 1856 1800 deliberaverunt

91 1829 246 1872 facere
278 1831 551 1883 sessionem,
583 1834 628 1872 et
659 1830 782 1883 quod
813 1830 951 1872 fieret
983 1830 1155 1872 relacio
1187 1843 1434 1883 processus
1468 1830 1592 1871 Petri
1625 1830 1682 1871 de
1714 1829 1858 1879 Luna,

92 1900 234 1943 eciam
263 1902 302 1943 si
331 1902 552 1944 naciones
582 1901 732 1943 Ytalie
761 1904 806 1943 et
834 1901 986 1943 Gallie
1017 1901 1332 1943 dissentirent.
1375 1901 1428 1942 Et
1456 1900 1542 1942 fuit
1570 1901 1690 1942 dicta
1718 1901 1858 1941 missa

91 1983 175 2024 per
204 1972 515 2024 patriarcham
547 1972 885 2014 Antiochenum
917 1985 1026 2025 rege
1058 1975 1279 2025 presente
1310 1975 1355 2013 et
1386 1971 1534 2014 tribus
1564 1970 1855 2012 nacionibus:

94 2041 357 2096 Germanie,
379 2043 612 2096 Aragonie
635 2046 679 2084 et
702 2043 869 2096 Anglie
891 2046 937 2084 et
960 2042 1140 2085 duobus
1163 2042 1480 2084 cardinalibus
1503 2042 1560 2084 de
1584 2041 1858 2084 obediencia

93 2111 303 2167 Gregorii
327 2117 372 2156 et
395 2113 629 2166 aliquibus
652 2114 709 2155 de
734 2113 898 2155 eadem
922 2113 1209 2156 obediencia.
1248 2114 1280 2154 F
1287 2113 1472 2155 inaliter
1496 2113 1614 2155 dicte
1638 2113 1858 2154 naciones

93 2182 241 2226 Ytalie
263 2187 308 2226 et
330 2184 483 2227 Gallie
506 2187 551 2226 et
572 2184 836 2226 cardinales
858 2185 937 2226 alii
961 2197 1053 2226 non
1075 2187 1304 2226 venerunt
1325 2187 1369 2225 et
1393 2185 1454 2226 ita
1475 2182 1672 2225 cessavit
1695 2183 1856 2234 sessio,

90 2256 134 2296 et
160 2266 244 2296 rex
272 2254 464 2297 recessit
493 2255 628 2297 valde
660 2255 938 2308 indignatus.
982 2255 1036 2297 Et
1065 2256 1146 2296 illo
1175 2255 1248 2296 die
1280 2255 1325 2296 in
1355 2266 1461 2296 sero
1490 2254 1610 2296 facta
1638 2254 1726 2295 fuit
1753 2265 1855 2294 con-

92 2324 259 2378 cordia,
285 2325 343 2368 de
369 2338 459 2379 qua
485 2338 626 2378 supra
652 2325 878 2378 proxime.

206 2395 291 2437 Die
333 2396 512 2438 sabbati
555 2397 793 2449 sequentis
834 2400 936 2449 post
977 2396 1325 2449 penthecostem
1366 2395 1523 2448 quinta
1564 2395 1691 2437 Junii
1733 2407 1854 2436 anno

95 2464 472 2509 M⁰CCCC⁰XVII⁰
494 2470 539 2508 et
560 2467 742 2511 concilii
765 2468 908 2508 tercio
933 2467 1051 2509 sedit
1073 2467 1332 2508 concilium.
1369 2465 1580 2508 Presedit
1603 2465 1855 2507 cardinalis

91 2534 315 2580 Ostiensis
341 2541 386 2579 et
413 2550 514 2579 cum
543 2538 835 2579 solemnitate
861 2550 946 2590 pro
974 2537 1133 2579 fienda
1161 2538 1395 2579 relacione
1423 2549 1671 2590 processus
1699 2539 1855 2577 contra

94 2605 277 2648 Petrum
303 2607 360 2649 de
386 2607 529 2650 Luna.
567 2608 665 2649 Rex
690 2620 781 2650 non
807 2608 894 2650 fuit
917 2620 1128 2660 presens.
1166 2607 1412 2660 Proposuit
1436 2607 1686 2648 cardinalis
1712 2606 1854 2648 sancti

93 2674 230 2719 Marci
262 2681 442 2731 sumpto
473 2678 692 2720 themate:
739 2679 940 2731 Tempus
971 2681 1054 2731 est,
1086 2681 1133 2720 ut
1163 2678 1352 2731 incipiat
1384 2677 1600 2719 iudicium
1632 2677 1687 2717 de
1720 2676 1854 2718 domo

95 2745 191 2800 Dei,
216 2749 386 2802 (prima
410 2749 530 2790 Petri
561 2749 695 2804 IIII;)
721 2752 765 2791 et
787 2749 1027 2791 descendit
1049 2761 1149 2790 cum
1173 2750 1367 2790 materia
1390 2748 1542 2790 iudicii
1568 2750 1611 2789 et
1633 2746 1854 2799 temporis

95 2816 153 2858 ad
171 2830 453 2871 processum,
474 2820 603 2861 cuius
626 2819 836 2861 ordinem
857 2823 901 2861 et
922 2823 1051 2873 gesta
1073 2819 1230 2860 retulit
1249 2822 1407 2872 preter
1429 2818 1748 2871 probaciones,
1771 2829 1854 2869 pro

94 2886 257 2939 quibus
303 2889 569 2932 referendis
615 2889 861 2942 episcopus
908 2889 1124 2932 Dolensis
1171 2890 1281 2943 legit
1326 2888 1561 2939 articulos3
1609 2888 1855 2940 episcopus

44 2956 464 3002 -Lichefeldensis
493 2960 539 3001 in
568 2960 736 3013 Anglia
765 2960 874 3013 legit
904 2961 1224 3013 probaciones,
1255 2959 1472 3000 videlicet
1502 2970 1725 3001 summam
1754 2969 1856 3010 pro-

96 3025 334 3071 bacionum
367 3030 584 3083 scriptam
616 3043 758 3083 super
791 3030 997 3084 quolibet
1030 3030 1236 3082 articulo,
1270 3029 1467 3071 dicendo
1498 3032 1601 3082 post
1634 3028 1854 3069 lecturam
