2102 3444
272 155 358 198 204
807 153 834 188 Ι.
859 153 1070 188 Abschnitt.
1108 152 1507 197 Konzilstagebiicher.

274 272 526 315 cardinalis
559 275 603 314 et
633 271 899 325 patriarcha
934 271 1019 314 sub
1052 271 1227 314 fiducia
1259 283 1377 324 pura
1412 271 1539 325 regie
1572 270 1873 325 protectionis
1905 283 2043 313 vene-

274 346 393 395 runt,
420 344 550 385 nullo
576 343 736 385 habito
762 355 848 395 pro
875 355 925 385 se
952 346 997 384 et
1024 343 1120 384 suis
1149 343 1279 384 salvo
1306 342 1546 394 conductu,
1575 342 1818 395 requirunt
1844 341 2042 384 eandem

274 414 563 456 maiestatem
596 413 715 455 iusto
748 416 870 454 metu
903 426 984 455 eos
1016 413 1073 455 ad
1105 413 1189 454 hoc
1223 413 1485 466 instigante,
1517 416 1565 455 ut
1596 413 1665 455 eis
1698 412 1908 455 securius
1940 424 2044 466 pro—

273 484 430 526 videat
450 484 700 534 litteralem
724 484 902 526 salvum
925 483 1199 526 conductum
1223 496 1356 526 suum
1379 487 1423 525 et
1446 483 1642 525 civitatis
1666 482 2044 526 Constanciensis

273 555 483 608 graciose
521 554 819 597 concedendo
856 558 901 596 et
935 554 1241 607 providendo.

394 637 477 678 Die
519 636 707 678 veneris
747 639 911 689 quarta
953 636 1127 678 mensis
1169 636 1381 678 Januarii
1423 636 1809 678 convenientibus
1849 635 1896 678 in
1938 636 2046 678 aula

274 719 439 760 magna
467 707 677 760 palaciifl)
710 707 1087 750 Constanciensis
1115 707 1172 749 de
1202 707 1418 749 mandato
1446 707 1565 749 dom.
1594 719 1637 748 n.
1666 719 1787 760 pape
1817 706 2045 749 Johannis

274 777 445 819 XXIII.
477 781 521 819 et
550 778 607 820 ad
637 778 990 830 requisitionem
1021 778 1313 820 serenissimi
1343 778 1384 819 d.
1415 771 1698 832 Sigismundi
1728 777 1854 830 regis
1883 777 2046 820 Roma-

274 852 509 890 norum-et
532 849 770 902 Hungarie
797 861 983 902 semper
1007 849 1202 902 augusti,
1227 848 1384 890 revnlis
1408 849 1455 890 in
1481 848 1586 892 Chr.
1612 861 1655 902 p.
1681 848 1723 890 d.
1750 862 1784 891 s.
1810 848 1860 890 R.
1883 860 1926 890 e.
1949 860 2046 890 car-

274 918 510 962 dinalibus
538 922 583 961 et
610 931 705 961 rev.
734 919 780 961 in
809 919 915 962 Chr.
944 933 986 973 p.
1014 920 1057 962 d.
1084 920 1378 973 patriarchis,
1407 919 1785 972 archiepiscopis,
1810 918 2046 973 episcopis

273 993 317 1031 et
349 990 596 1032 abbatibus
625 991 888 1043 ceterisque
919 991 1182 1033 oratoribus
1213 990 1505 1033 dominorum
1537 993 1583 1033 et
1610 990 1913 1044 prelatorum,
1941 1002 2047 1032 nec-

275 1073 366 1102 non
391 1060 656 1103 doctoribus
678 1065 723 1102 et
746 1061 979 1114 magistris
1003 1061 1050 1103 in
1074 1061 1176 1115 ipso
1199 1074 1330 1103 sacro
1355 1061 1708 1104 Constanciensi
1732 1060 1927 1103 concilio
1950 1061 2046 1103 exi-

275 1132 517 1185 stentibus,
553 1135 783 1174 venerunt
818 1145 904 1185 pro
938 1135 1070 1185 parte
1106 1132 1254 1186 ipsius
1290 1132 1332 1175 d.
1368 1132 1681 1175 Romanorum
1717 1133 1857 1186 regis,
1891 1135 1942 1174 ut
1974 1144 2047 1174 re-

273 1214 494 1254 sponsum
526 1203 692 1244 darent
723 1215 781 1244 ex
813 1203 960 1256 ipsius
993 1203 1209 1246 mandato
1242 1216 1383 1257 super
1414 1204 1572 1257 petitis
1601 1207 1647 1245 et
1678 1202 1930 1256 propositis
1959 1215 2046 1257 per

274 1282 460 1315 revmum
496 1273 537 1315 d.
570 1273 858 1316 cardinalem
894 1274 1281 1317 Cameracensem
1314 1287 1400 1327 pro
1434 1277 1566 1328 parte
1600 1273 1780 1316 concilii
1812 1273 1967 1316 eidem
2003 1273 2044 1316 d.

273 1344 385 1397 regi,
417 1344 705 1398 infrascripti
738 1345 975 1398 principes
1007 1349 1052 1387 et
1082 1345 1267 1398 prelati,
1299 1345 1518 1387 videlicet
1550 1345 1644 1387 dux
1676 1344 1893 1398 Saxonie‚
1925 1357 2046 1387 unus

272 1427 329 1456 ex
361 1416 642 1458 electoribus
672 1416 873 1470 imperii,
906 1429 1059 1459 comes
1090 1416 1206 1459 Cilie
1238 1421 1283 1459 et
1313 1416 1592 1470 burgravius
1622 1416 2045 1470 Nurenburgensis,

274 1486 314 1529 d.
337 1487 717 1540 archiepiscopus
740 1487 1023 1540 Colocensis‚
1046 1500 1118 1541 ep.
1143 1487 1432 1530 Pataviensis
1456 1490 1500 1529 et
1522 1487 1564 1530 d.
1586 1487 1817 1530 Henricus
1841 1486 2044 1540 Fleckel‚

273 1559 391 1600 sacri
420 1558 587 1611 palacii
616 1559 856 1611 apostolici
885 1571 1130 1600 causarum
1160 1558 1342 1601 auditor
1370 1572 1419 1600 ac
1447 1559 1489 1600 d.
1519 1558 1774 1600 Ottobonus
1801 1558 2045 1611 utriusque

272 1629 386 1672 iuris
408 1630 579 1682 doctor,
601 1630 812 1672 eiusdem
837 1630 878 1671 d.
902 1630 1026 1683 regis
1049 1629 1316 1672 consiliarii.
1340 1630 1394 1671 Et
1418 1630 1463 1671 in
1487 1629 1642 1672 medio
1662 1632 2045 1683 congregatorum

273 1713 470 1754 surgens
499 1701 540 1742 d.
569 1701 798 1744 Henricus
828 1693 1015 1743 Fleckel
1045 1714 1131 1754 pro
1157 1704 1291 1754 parte
1321 1700 1468 1754 ipsius
1496 1700 1539 1743 d.
1568 1701 1694 1754 regis
1718 1699 1872 1754 primo
1899 1700 2045 1742 verbo

272 1771 582 1823 gratissimam
607 1772 962 1825 responsionem
987 1771 1198 1814 eiusdem
1222 1772 1346 1825 regis
1371 1772 1429 1814 ad
1450 1771 1595 1826 petita
1617 1784 1703 1825 per
1728 1771 2045 1825 supradictum

273 1842 314 1884 d.
344 1842 630 1884 cardinalem
661 1842 1046 1885 Cameracensem
1076 1856 1207 1886 sacro
1231 1843 1430 1885 concilio
1457 1842 1601 1895 dedit;
1633 1842 1804 1885 deinde
1832 1842 2044 1884 cedulam

273 1913 619 1967 infrascriptam
650 1926 732 1956 sue
761 1914 1057 1966 responsioni
1087 1914 1373 1956 conformem
1404 1914 1493 1967 ipsi
1523 1913 1718 1956 concilio
1746 1913 1925 1966 obtulit,
1953 1925 2044 1967 que

274 1983 447 2026 ibidem
478 1984 525 2026 in
556 1984 743 2037 publico
775 1985 893 2027 lecta
924 1984 1023 2027 fuit.

390 2067 462 2108 Ad
492 2067 693 2120 primum
726 2068 969 2109 articulum
1003 2069 1081 2120 qui
1116 2066 1291 2120 incipit:
1339 2068 1490 2120 primo
1524 2067 1689 2109 dicitur
1718 2079 1806 2120 per
1837 2067 2044 2120 prelatos

273 2138 454 2179 concilii
483 2140 565 2180 etc.
597 2138 922 2191 respondetur,
953 2138 1075 2191 quod
1105 2139 1192 2191 ipsi
1223 2142 1267 2180 et
1296 2151 1472 2190 omnes,
1501 2138 1579 2191 qui
1609 2137 1839 2180 sedebunt
1866 2137 1912 2179 in
1942 2149 2045 2180 con-

274 2209 381 2250 cilio
416 2221 467 2250 ac
501 2221 661 2251 eorum
696 2209 955 2252 familiares
991 2210 1083 2251 sint
1115 2213 1161 2251 et
1194 2221 1298 2252 esse
1335 2209 1537 2252 debeant
1572 2209 1618 2251 in
1653 2209 1793 2263 plena
1828 2208 2044 2251 libertate

274 2279 441 2333 standi,
468 2279 652 2321 dicendi
682 2283 726 2322 et
754 2280 937 2333 agendi,
965 2293 1055 2333 que
1084 2279 1327 2322 concilium
1355 2283 1653 2332 concernunt,
1681 2282 1728 2322 et
1752 2280 1893 2322 etiam
1922 2278 2045 2332 quod

273 2363 434 2393 omnes
463 2354 510 2393 et
542 2351 711 2404 singuli
742 2352 889 2393 vocati
921 2351 994 2393 vel
1025 2350 1301 2403 transmissi,
1333 2352 1411 2404 qui
1443 2350 1501 2393 ad
1530 2350 1910 2404 prosequendum
1942 2362 2045 2392 con-

273 2421 428 2463 cilium
454 2422 527 2463 hic
552 2425 799 2475 presentes
825 2422 960 2464 modo
987 2434 1070 2464 seu
1097 2422 1246 2463 adhuc
1271 2423 1454 2463 venturi
1482 2423 1688 2464 existunt
1712 2430 1805 2464 non
1832 2421 2043 2464 obstante
2065 2447 2071 2453 -

272 2492 534 2534 rebellione
566 2493 765 2545 imperii,
797 2494 881 2535 Dei
913 2493 1325 2545 contemplacione,
1356 2493 1486 2535 cuius
1517 2506 1593 2535 res
1623 2493 1787 2546 agitur,
1817 2495 1863 2535 et
1891 2492 1949 2534 ob
1978 2491 2046 2534 fa-

274 2576 432 2606 vorem
459 2564 577 2606 sacri
601 2564 838 2617 generalis
862 2563 1043 2605 concilii
1072 2557 1221 2605 libere
1246 2564 1423 2616 venire,
1450 2567 1573 2606 stare
1598 2566 1645 2606 et
1668 2563 1824 2606 redire
1849 2565 2044 2617 possunt

273 2635 374 2677 sine
412 2635 578 2677 fraude
615 2639 661 2677 et
697 2635 817 2687 dolo,
852 2636 976 2677 omni
1015 2634 1289 2687 exceptione
1328 2638 1505 2676 remota
1541 2634 1668 2677 iuxta
1702 2637 1891 2677 tenores
1928 2631 2047 2676 littess

275 2718 431 2748 rarum
453 2707 695 2748 occasione
718 2705 899 2748 concilii
922 2719 947 2748 a
970 2718 1053 2748 sua
1077 2705 1317 2748 maiestate
1340 2708 1672 2750 emanatarum.
1710 2705 1765 2748 Et
1787 2706 1825 2748 si
1849 2707 2044 2758 apparet

272 2790 358 2830 pro
388 2777 553 2819 eadem
584 2777 800 2819 libertate
833 2790 883 2819 ac
914 2777 1160 2819 securitate
1193 2775 1511 2829 inpinguanda
1543 2776 1721 2829 aliquid
1751 2788 1837 2829 per
1867 2776 2044 2829 regiam

274 2848 561 2890 maiestatem
586 2848 866 2900 faciendum,
888 2851 1080 2901 paratus
1103 2850 1172 2890 est
1195 2847 1294 2900 ipse
1321 2847 1446 2889 iuxta
1462 2847 1704 2889 concilium
1720 2850 1765 2888 et
1781 2846 2045 2899 beneplaci-

274 2922 369 2961 tum
391 2919 571 2961 concilii
594 2919 710 2962 illud
733 2919 992 2972 adimplere
1014 2922 1060 2961 et
1082 2931 1132 2960 se
1154 2931 1393 2971 exponere
1417 2919 1562 2960 eciam
1583 2930 1732 2972 usque
1755 2917 1812 2960 ad
1834 2920 2042 2960 mortem.

380 3078 409 3102 a)
433 3074 454 3095 (¹
476 3071 557 3103 sulqt
578 3071 764 3105 apostolici.
