2227 3434
495 187 540 223 A.
578 185 778 223 Fiuastres
806 185 923 223 Gesta
948 186 1099 222 concilii
1125 184 1441 222 Constantiensis.
1769 186 1851 231 147

87 308 290 360 Quatuor
311 306 437 348 enim
458 306 680 348 naciones
703 305 871 358 Ytalie‚
895 304 1048 347 Gallie
1073 308 1118 347 et
1139 305 1378 358 Hyspanie
1403 317 1454 347 ac
1474 304 1657 358 Anglie,
1681 317 1769 358 que
1795 305 1853 347 ad

51 370 352 421 'mandatum
379 376 503 430 regis
532 376 699 429 Anglie
729 375 902 418 dimisit
931 376 978 417 in
1007 375 1088 418 illa
1117 375 1312 418 materia
1339 387 1498 429 regem
1526 375 1853 428 Romanorum,

86 451 131 491 et
152 448 400 502 collegium
426 446 732 489 cardinalium
756 446 1033 488 insistebant
1059 446 1452 488 acceleracionem
1476 446 1742 499 eleccionis,
1768 458 1854 487 rex

86 522 132 561 et
161 518 294 561 nacio
326 517 593 571 Germanie,
626 517 750 570 quod
781 516 1059 558 reformacio
1092 516 1381 570 procederet.
1427 516 1482 558 Et
1514 515 1702 558 tandem
1734 516 1854 557 dicta

85 589 218 632 nacio
239 588 401 643 petivit
424 588 826 630 assecuracionem
850 591 895 629 et
920 588 1187 629 caucionem
1210 599 1297 640 per
1320 586 1558 629 decretum
1583 586 1853 640 „Irritans“,

88 659 210 714 quod
243 661 348 713 post
385 658 668 701 eleccionem
704 670 826 711 pape
865 658 1005 699 fieret
1042 657 1321 700 reformacio
1358 660 1464 700 ante
1502 657 1854 699 coronacionem

86 741 205 784 pape
242 732 288 772 et
321 728 778 772 administracionem
815 729 1033 781 aliquam.
1082 728 1250 770 Postea
1285 728 1476 770 fuerunt
1510 727 1631 770 facte
1668 727 1854 769 diverse

85 800 235 844 forme
258 799 434 842 decreti
457 799 516 842 ad
537 799 636 842 hoc.
673 799 880 841 Tandem
905 799 993 841 fuit
1016 799 1201 852 dictum,
1225 798 1349 852 quod
1371 811 1494 852 papa
1517 799 1694 841 electus
1718 798 1853 851 ligari

85 883 178 914 non
201 873 397 926 poterat.
437 870 492 913 Et
519 883 706 923 semper
733 870 957 923 agebatur
984 882 1070 923 per
1097 869 1342 922 deputatos
1369 869 1676 912 cardinalium
1703 872 1748 911 et
1775 881 1854 910 na-

86 941 266 984 cionum
292 941 498 984 omnium
525 941 582 983 de
612 940 935 983 concordando
963 940 1181 983 articulos
1209 940 1579 993 reformacionis,
1607 939 1691 982 sed
1717 939 1853 994 pauci

23 1041 26 1043 -
87 1016 132 1056 et
157 1012 235 1055 vix
259 1014 475 1067 poterant
502 1011 787 1054 concordari.
827 1012 932 1054 Una
957 1012 1090 1054 nacio
1118 1011 1305 1053 volebat
1331 1023 1423 1053 uno
1451 1010 1599 1064 modo,
1628 1010 1721 1053 alia
1747 1010 1853 1063 alio,

88 1086 132 1126 et
158 1083 239 1126 diu
266 1082 354 1126 fuit
381 1082 642 1125 laboratum
671 1085 716 1125 et
743 1095 910 1136 parum
939 1085 1102 1125 actum.

201 1153 303 1197 fflis
326 1153 642 1207 pendentibus
668 1156 899 1195 venerunt
923 1165 1057 1206 nova,
1085 1152 1209 1206 quod
1233 1152 1480 1206 episcopus
1508 1152 1854 1194 Vinctoniensis

66 1224 138 1267 -in
167 1223 349 1279 Anglia,
381 1227 576 1278 patruus
611 1225 736 1277 regis
769 1223 952 1277 Anglie,
987 1226 1087 1266 erat
1120 1223 1168 1264 in
1201 1223 1338 1265 Ulma
1371 1223 1430 1265 ad
1465 1223 1580 1266 duas
1614 1223 1762 1265 dietas
1797 1222 1854 1264 de

89 1294 364 1339 constancia
391 1298 437 1337 et
463 1295 586 1348 quod
614 1295 709 1337 ibat
734 1294 783 1336 in
810 1294 1121 1337 Jherusalem.
1162 1294 1217 1336 Et
1244 1293 1331 1336 fuit
1356 1307 1442 1347 per
1469 1294 1689 1347 Anglicos
1717 1293 1856 1346 signi-

90 1365 277 1408 ficatum
304 1365 622 1408 cardinalibus
653 1369 698 1408 et
726 1378 1020 1419 persuasum,
1052 1365 1176 1418 quod
1205 1365 1400 1406 multum
1432 1364 1729 1407 afficiebatur
1758 1364 1858 1405 uni-

91 1449 178 1480 one
213 1437 424 1491 ecclesie,
462 1440 508 1480 et
542 1436 666 1490 quod
703 1436 963 1479 scriberent
1000 1436 1102 1489 sibi,
1141 1435 1264 1489 quod
1300 1436 1483 1478 veniret
1519 1435 1856 1487 Constanciam,

92 1507 214 1562 quod
234 1506 412 1550 faceret
433 1520 536 1550 cum
559 1519 670 1561 rege
692 1507 1020 1560 Romanorum,
1044 1506 1264 1560 quicquid
1286 1507 1442 1548 vellet.
1477 1505 1609 1558 Quod
1630 1505 1855 1548 fecerunt.

88 1577 187 1620 Rex
208 1578 354 1621 eciam
378 1577 576 1632 scripsit.
613 1579 667 1620 Et
693 1578 773 1620 ivit
797 1578 856 1620 ad
879 1578 1011 1619 illum
1035 1578 1284 1631 episcopus
1308 1576 1683 1618 Lichefeldensis
1708 1579 1754 1618 et
1778 1574 1870 1618 adr

90 1647 217 1692 duxit
240 1661 347 1692 eum
370 1649 695 1692 Constanciam
719 1649 768 1691 in
789 1648 952 1691 habitu
972 1648 1213 1702 peregrini
1237 1660 1340 1689 cum
1364 1659 1512 1689 cruce.
1549 1647 1605 1689 Et
1629 1647 1692 1690 sic
1715 1646 1855 1688 intra-

89 1718 151 1762 vit
177 1722 224 1763 et
250 1720 375 1763 stetit
402 1719 451 1762 in
481 1719 758 1762 Constancia
786 1719 1002 1773 pluribus
1032 1719 1212 1761 diebus.
1255 1719 1310 1761 Et
1338 1718 1523 1760 iverunt
1553 1717 1642 1760 sibi
1671 1717 1855 1760 obviam

90 1801 174 1832 rex
201 1792 248 1833 et
277 1793 374 1834 tres
404 1790 680 1833 cardinales.
725 1790 987 1832 Tractatum
1020 1793 1090 1832 est
1120 1802 1206 1843 per
1239 1789 1503 1831 cardinales
1534 1791 1580 1831 et
1611 1787 1854 1841 deputatos

91 1860 291 1903 omnium
309 1861 557 1904 nacionum
576 1873 750 1914 paucos
772 1873 873 1902 cum
895 1873 1005 1914 rege
1027 1873 1113 1914 per
1135 1860 1340 1902 medium
1361 1859 1488 1902 illius
1509 1857 1856 1902 Vinctoniensis

91 1933 136 1974 et
165 1930 374 1974 finaliter
404 1931 655 1974 deventum
689 1931 747 1974 ad
777 1932 876 1984 hoc,
910 1931 1033 1984 quod
1065 1931 1255 1973 daretur
1286 1943 1372 1984 per
1404 1930 1642 1972 decretum
1675 1928 1855 1971 concilii

93 2000 141 2044 in
174 2001 324 2045 forma
359 2002 485 2045 infra
522 2002 692 2056 scripta
730 2002 888 2045 caucio
926 2002 983 2044 de
1020 2001 1181 2044 fienda
1219 2001 1559 2043 reformacione
1596 2003 1701 2054 post
1738 1999 1857 2041 elec-

94 2071 268 2115 cionem
308 2085 429 2127 pape
472 2076 518 2115 et
560 2072 897 2126 expedirentur
939 2073 1141 2125 capitula
1184 2070 1538 2113 reformacionis
1581 2069 1857 2113 concordata

95 2153 179 2195 per
209 2155 370 2186 omnes
402 2143 623 2186 naciones
657 2147 702 2186 et
736 2143 960 2185 darentur
993 2143 1201 2196 deputati
1235 2142 1294 2184 ad
1328 2141 1640 2184 ordinandum
1674 2140 1859 2183 modum

96 2212 353 2257 eleccionis.
391 2214 558 2257 Forma
584 2217 737 2256 autem
764 2213 996 2256 caucionis
1022 2216 1067 2255 et
1093 2213 1269 2255 decreti
1293 2212 1609 2266 predictorum
1635 2212 1742 2254 talis
1769 2213 1856 2253 est:

209 2283 508 2327 Sacrosancta
535 2288 618 2327 etc.
649 2284 804 2327 statuit
831 2287 876 2326 et
903 2284 1122 2337 decrevit,
1151 2283 1275 2337 quod
1301 2283 1486 2325 futurus
1515 2295 1722 2325 summus
1749 2293 1860 2335 pon-

94 2352 209 2396 tifex
233 2367 319 2408 per
345 2355 431 2397 Dei
458 2356 660 2409 graciam
689 2355 746 2397 de
774 2354 987 2409 proximo
1015 2353 1325 2397 assumendus
1353 2366 1455 2396 cum
1482 2353 1568 2396 hoc
1595 2365 1727 2395 sacro
1754 2363 1858 2394 con-

96 2422 201 2468 cilio
224 2425 298 2467 vel
325 2425 605 2480 deputandis
631 2438 717 2480 per
745 2425 953 2479 singulas
979 2425 1201 2467 naciones
1230 2424 1398 2467 debeat
1426 2424 1686 2466 reformare
1715 2423 1858 2465 eccle-

81 2494 211 2554 ,siam
231 2494 281 2538 in
302 2496 452 2550 capite
475 2499 522 2539 et
543 2497 671 2539 curia
693 2497 900 2538 Romana
924 2495 1179 2539 secundum
1201 2496 1454 2548 equitatem
1478 2497 1523 2536 et
1546 2494 1718 2536 bonum
1741 2492 1858 2546 regi-

96 2575 201 2607 men
231 2565 441 2621 ecclesie,
473 2569 722 2620 antequam
752 2567 838 2609 hoc
869 2566 1113 2609 concilium
1147 2566 1444 2619 dissolvatur,
1477 2577 1620 2619 super
1652 2563 1858 2606 materiis

99 2634 393 2679 articulorum
435 2638 552 2680 alias
595 2650 681 2691 per
723 2637 943 2679 naciones
989 2639 1035 2678 in
1079 2636 1405 2678 reformatorio
1450 2635 1724 2688 oblatorum,
1769 2645 1857 2687 que

100 2708 392 2762 sequuntura)
434 2707 652 2750 videlicet
689 2710 772 2750 etc.
823 2708 919 2750 Hoc
960 2707 1152 2759 adiecto,
1193 2706 1316 2760 quod
1354 2706 1475 2748 facta
1514 2718 1600 2760 per
1638 2705 1858 2747 naciones

100 2772 400 2828 deputacione
424 2778 633 2832 predicta
659 2779 795 2820 liceat
823 2778 927 2820 aliis
954 2778 1012 2820 de
1039 2777 1233 2820 licencia
1259 2789 1380 2831 pape
1409 2776 1557 2818 libere
1584 2775 1643 2818 ad
1667 2774 1859 2829 propria

99 2854 322 2890 remeare.

214 2916 320 2961 Post
357 2918 606 2961 adventum
645 2919 773 2962 illius
812 2919 1019 2973 episcopi
1058 2918 1404 2960 Vinctoniensis
1445 2920 1545 2959 orta
1584 2919 1655 2959 est
1692 2926 1858 2968 magna

103 2986 300 3039 suspicio
316 2987 365 3030 in
384 2987 593 3044 animisb)
616 2989 865 3032 multorum
885 2992 930 3031 et
949 2990 1096 3031 eciam
1117 3001 1276 3031 rumor
1296 2989 1417 3030 inter
1436 2989 1613 3041 plures,
1635 2985 1758 3040 quod
1777 2985 1858 3026 ille

200 3089 230 3122 a)
253 3089 336 3118 alias
355 3110 362 3117 .
382 3113 388 3119 .
408 3071 618 3126 .}equuntur
637 3091 718 3126 fehlt
743 3093 772 3120 C'.
825 3093 856 3126 b)
878 3092 1006 3120 animos
1026 3093 1063 3125 B,
1085 3094 1114 3120 C.

1571 3137 1647 3179 10*
