2102 3444
243 137 328 180 332
780 137 804 171 I.
831 136 1041 172 Abschnitt.
1079 137 1479 182 Konzilstagebticher.

245 267 332 308 pus
356 255 544 308 aliquod
567 255 713 308 magis
735 267 987 308 congruum
1012 255 1209 309 videtur,
1233 268 1370 309 quam
1395 256 1501 298 dum
1525 260 1654 300 vacat
1676 257 1889 310 ecclesia,
1912 269 2013 300 cum

246 329 351 367 tunc
372 329 528 368 careat
548 338 691 368 onere
715 326 974 368 sustinendi
995 326 1241 379 prelatum.
1278 327 1392 368 Item
1412 330 1458 369 et
1479 327 1516 370 si
1538 328 1742 370 debitum
1764 340 1857 370 non
1878 327 2014 380 foret,

245 400 398 437 tamen
430 397 530 449 ipsa
559 397 790 449 gratitudo
819 396 1052 449 suaderet,
1082 400 1131 438 ut
1159 400 1396 449 promotus
1424 398 1567 451 gratis
1597 398 1774 451 aliquid
1802 397 2013 440 offerret.

247 466 408 508 Ymmo
440 467 653 509 nonnulli
684 467 934 519 opinantur
966 467 1153 509 inicium
1185 471 1459 510 annatarum
1490 469 1596 510 hinc
1628 468 1876 521 prodiisse,
1908 468 2015 522 quia

245 541 436 590 propter
474 537 808 590 longitudinem
846 538 1069 591 temporis
1108 539 1346 591 ignoratur
1383 539 1528 593 origo;
1569 540 1855 581 arbitrantur
1889 552 2015 594 ergo,

246 608 367 660 quod
402 612 509 650 tunc
540 620 633 650 non
664 608 989 662 exigebantur,
1025 609 1108 651 sed
1142 610 1337 663 promoti
1374 610 1635 652 liberaliter
1669 609 1938 652 offerebant
1971 613 2016 653 et

246 679 329 720 hoc
351 679 653 732 redigebatur
673 679 720 721 in
742 680 926 733 scriptis
947 684 992 722 et
1012 680 1185 722 exinde
1208 680 1467 733 prodeunte
1491 684 1700 733 tempore
1723 683 1911 723 ventum
1930 684 2016 734 est,

249 753 293 792 ut
328 750 468 791 fieret
503 749 759 792 moderatio
794 751 915 803 talis,
951 751 1073 804 quod
1109 764 1219 804 pars
1253 751 1388 794 tertia
1424 754 1701 804 proventum
1736 752 1932 795 ecclesie
1967 751 2015 794 in

246 820 362 861 lianc
393 832 580 862 causam
613 820 814 863 cederet.
861 821 1023 874 Itaque
1057 821 1095 864 si
1125 822 1325 864 ecclesia
1358 835 1450 864 non
1484 822 1718 876 reperitur
1749 824 1918 875 taxat-a,
1952 823 2017 865 sic

245 891 390 932 eciam
422 890 562 933 hodie
595 891 884 945 observatur,
917 895 980 945 ut,
1014 892 1051 935 si
1085 892 1237 935 reddit
1269 895 1490 945 trecenta,
1524 896 1708 935 taxetur
1739 892 1786 934 in
1819 895 2016 946 centum,

246 966 292 1003 ut
334 962 390 1003 de
433 962 614 1004 duabus
655 963 868 1016 partibus
910 964 1057 1016 possit
1096 964 1278 1016 reliqua
1321 976 1465 1006 onera
1507 966 1784 1006 sustentare.
1839 963 1932 1007 Sed
1971 967 2017 1006 et

246 1033 524 1086 quandoque
550 1033 700 1075 minor
723 1036 794 1075 est
816 1037 939 1087 taxa,
964 1047 1100 1087 quam
1127 1034 1184 1077 sit
1207 1034 1385 1077 decima
1410 1047 1519 1088 pars
1544 1038 1868 1088 proventuum,
1891 1034 2015 1077 unde

244 1103 413 1157 evenit,
445 1104 569 1157 quod
598 1104 810 1157 ecclesia,
842 1117 931 1157 que
962 1106 1086 1147 valet
1115 1105 1275 1158 viginti
1308 1105 1448 1158 milia,
1481 1106 1629 1148 solvet
1660 1105 1751 1148 duo
1781 1105 1910 1148 milia
1940 1108 2018 1148 aut

247 1173 414 1226 1ninus3
443 1178 490 1217 et
515 1175 600 1217 hoc
627 1175 675 1216 in
704 1175 1012 1228 quadraginta
1040 1177 1189 1229 annis,
1220 1177 1257 1217 si
1286 1179 1350 1218 tot
1378 1177 1548 1219 vixerit
1575 1179 1828 1230 promotus.
1868 1176 2016 1229 Adde,

247 1245 371 1298 quod
390 1246 489 1299 hec,
512 1258 602 1299 que
623 1249 845 1288 vocantur
866 1246 1115 1299 beneficia,
1136 1260 1228 1289 non
1253 1250 1357 1289 sunt
1379 1260 1438 1289 ex
1462 1247 1532 1289 sui
1553 1250 1719 1290 natura
1738 1247 2018 1301 spiritualia,

246 1320 315 1358 set
344 1329 403 1358 ex
433 1316 727 1359 institucione
759 1317 992 1360 canonica.
1035 1317 1200 1360 Posset
1229 1319 1384 1371 itaque
1413 1331 1550 1371 papa,
1582 1318 1619 1360 si
1650 1317 1838 1361 adesset
1863 1330 2017 1371 causa,

245 1387 529 1430 beneficium
559 1388 805 1431 destruere
835 1388 1114 1441 applicando
1143 1388 1308 1442 predia
1338 1389 1396 1431 ad
1424 1389 1542 1432 alios
1570 1401 1697 1443 usus,
1726 1392 1837 1442 puto
1865 1388 2018 1443 hos-pi-

245 1458 469 1501 talitatem
507 1462 553 1501 et
589 1458 727 1502 huius
766 1459 1215 1502 administrationem
1255 1460 1385 1512 layco
1424 1459 1724 1513 committere,
1763 1460 1838 1502 vel
1878 1460 2016 1502 etiam

247 1529 346 1581 ipsa
375 1529 541 1582 predia
568 1530 790 1583 vendere,
819 1533 957 1584 prout
986 1533 1237 1584 suggerent
1265 1530 1522 1574 necessitas
1551 1531 1625 1572 vel
1653 1530 1843 1574 utilitas.
1885 1530 2018 1573 Libe—

246 1599 342 1643 rius
369 1613 481 1654 ergo
508 1601 555 1642 in
583 1601 675 1644 hiis
704 1601 960 1644 admittitur
987 1602 1183 1644 honesta
1212 1601 1488 1644 contributio
1517 1601 1663 1655 partis
1690 1601 2016 1656 temporalium

245 1675 468 1725 tempore,
502 1684 593 1725 quo
625 1671 936 1725 preficiuntur
969 1672 1182 1726 ministri,
1216 1685 1354 1726 quam
1388 1685 1474 1726 pro
1506 1672 1834 1716 ecclesiasticis
1869 1684 2018 1715 sacra-

248 1742 428 1795 mentis,
450 1743 636 1796 quando
657 1743 976 1786 conferuntur.
1009 1743 1175 1786 Ymmo
1195 1744 1241 1785 in
1261 1743 1351 1786 hiis
1371 1744 1585 1785 nonnulli
1606 1745 1830 1797 putarunt
1848 1756 2018 1798 papam

247 1825 337 1854 non
364 1826 503 1866 posse
533 1814 589 1855 de
619 1815 828 1867 symonia
854 1815 1021 1867 notari,
1049 1815 1173 1868 quod
1198 1818 1353 1857 tamen
1384 1815 1483 1868 ipse
1511 1827 1605 1857 non
1634 1814 1838 1867 affirm0‚
1867 1815 1905 1858 si
1932 1815 2017 1857 hoc

246 1884 419 1936 passim
448 1884 558 1927 facit
586 1888 633 1927 et
659 1885 836 1938 absque
866 1898 1004 1928 causa
1033 1885 1314 1928 rationabili.
1357 1886 1482 1927 Tunc
1512 1885 1636 1927 enim
1666 1885 1863 1928 ecclesia
1891 1897 2018 1928 scan-

248 1955 473 1997 dalizatur
495 1959 539 1998 et
560 1956 661 1999 eius
681 1957 902 1999 honestas
924 1956 1231 2010 decoloratur,
1253 1957 1376 2010 quod
1395 1969 1516 2010 pape
1537 1969 1631 1999 non
1651 1957 1794 1999 licere
1815 1968 2018 1999 canones

246 2025 539 2068 constituunt.
583 2025 675 2069 Sed
705 2027 743 2070 si
773 2040 1010 2080 nunquam
1042 2028 1169 2070 licuit
1197 2029 1282 2070 hec
1313 2028 1606 2080 contributio,
1636 2040 1716 2069 cur
1746 2028 1794 2069 in
1822 2027 2018 2070 concilio

248 2097 538 2149 Vienniensi,
563 2111 654 2151 quo
674 2101 900 2152 tempore,
920 2111 1025 2140 tcum
1044 2099 1246 2142 ecclesia
1268 2102 1395 2141 esset
1417 2099 1559 2151 unita,
1582 2098 1784 2141 maxi-ma
1805 2097 1895 2141 futit
1914 2110 2019 2152 pre-

247 2169 443 2210 latorum
473 2169 730 2221 conventio,
762 2182 854 2211 non
884 2169 972 2212 fuit
1001 2169 1249 2224 prohibita,
1280 2183 1381 2212 cum
1410 2183 1469 2211 ex
1500 2170 1746 2212 autenticis
1775 2169 2016 2223 scripturis

247 2242 424 2281 constet
447 2251 534 2293 per
556 2253 639 2282 eos
666 2240 906 2283 materiam
933 2240 1080 2283 fuisse
1108 2241 1377 2284 discussam.
1417 2241 1462 2283 Si
1487 2241 1627 2283 etiam
1651 2240 1900 2283 ecclesiam
1924 2242 2017 2282 tota

247 2322 408 2352 errare
439 2323 531 2352 non
560 2314 725 2364 potest,
755 2311 1039 2353 credendum
1069 2315 1153 2364 est,
1183 2312 1306 2365 quod
1334 2314 1462 2354 tanto
1488 2315 1699 2365 tempore
1728 2324 1822 2354 non
1850 2310 2019 2365 permi-

249 2381 388 2423 sisset
419 2381 545 2424 Deus
576 2394 661 2423 nos
693 2394 799 2424 esse
830 2382 878 2424 in
910 2395 1087 2424 errore.
1138 2383 1280 2436 Igitur
1314 2383 1373 2435 id,
1407 2383 1530 2436 quod
1560 2383 1730 2425 caritas
1759 2381 1939 2435 suadet,
1970 2383 2019 2423 ut

248 2452 558 2495 beneficiatus
594 2454 640 2494 in
677 2454 834 2506 aliquo
869 2453 1150 2506 gratitudine
1187 2454 1414 2506 ostendat,
1451 2453 1575 2507 quod
1610 2454 1841 2506 scriptura
1876 2453 2017 2501 iubet,

249 2527 295 2565 ut
322 2523 573 2567 inferiores
597 2524 769 2566 tributa
796 2524 841 2565 in
869 2524 1181 2566 testimonium
1211 2524 1511 2567 subiectionis
1538 2527 1763 2578 prestent,
1789 2523 1914 2577 quod
1938 2523 2018 2566 ite-

250 2607 350 2636 rum
374 2594 587 2648 precipit,
613 2598 662 2637 ut
686 2595 1004 2638 ministrantes
1031 2596 1164 2638 altari
1194 2596 1251 2637 de
1279 2595 1413 2638 altari
1440 2596 1638 2648 alantur,
1665 2595 1789 2648 quod
1814 2595 2018 2636 vetustas

249 2665 538 2718 approbavit,
564 2665 686 2719 quod
714 2658 908 2708 concilia
933 2666 1261 2719 permiserunt,
1289 2667 1413 2719 quod
1439 2666 1809 2709 Christianorum
1834 2665 2019 2708 univer-

250 2736 362 2779 sitas
382 2737 570 2790 recepit,
592 2740 655 2790 tu,
677 2750 773 2790 oro,
794 2750 854 2780 ne
877 2737 1116 2790 dampnes,
1151 2737 1206 2780 Et
1226 2737 1416 2790 credito,
1438 2737 1576 2790 quod,
1589 2738 1630 2779 si
1645 2749 1739 2779 non
1753 2739 1882 2779 esset
1894 2735 2017 2778 licita

250 2807 512 2849 huiusmodi
542 2809 794 2861 perceptio,
821 2809 946 2850 -inter
974 2811 1037 2850 tot
1061 2808 1313 2861 pontifices
1340 2811 1386 2850 et
1415 2807 1693 2861 cardinales,
1721 2807 1801 2861 qui
1829 2806 2019 2849 fue-runt

251 2879 489 2922 retroactis
518 2882 582 2921 tot
610 2891 733 2933 pene
762 2878 962 2922 infinitis
992 2879 1142 2932 annis,
1172 2878 1315 2932 aliqui
1344 2878 1545 2923 fuissent
1573 2879 1694 2921 bone
1723 2875 2016 2929 conscientie,

251 2950 325 3002 qui
351 2950 704 3002 abstinuissent;
729 2950 865 3003 quod,
888 2962 1049 2992 omnes
1074 2950 1344 3002 dampnare,
1368 2962 1531 3003 parum
1555 2949 1781 2992 moderati
1802 2947 2016 2999 hominis,

251 3023 327 3061 aut
353 3032 403 3061 se
430 3021 579 3063 solum
605 3033 747 3074 supra
773 3033 935 3063 omnes
959 3024 1204 3074 presentes
1232 3024 1277 3063 et
1300 3020 1549 3074 preteritos
1575 3019 1869 3062 iustificantis
1894 3017 2017 3060 vide-
