2102 3444
279 132 364 176 200
814 129 840 163 Ι.
867 128 1077 164 Abschnitt.
1115 127 1514 172 Konzilstagebiicher.

281 249 396 292 Cilie
422 248 633 290 eiusdem
659 247 782 301 regis
807 248 1026 300 socero²¹),
1053 247 1129 299 qui
1155 246 1213 288 de
1239 245 1515 288 Constancia
1539 247 1607 288 eis
1632 246 1915 297 obviaverat,
1941 244 2050 286 duo-

281 320 366 362 bus
392 319 599 372 Turchis,
625 331 820 372 quorum
845 330 966 360 unus
992 321 1092 360 erat
1117 330 1199 359 rex
1226 321 1270 358 et
1297 317 1415 360 alius
1442 317 1550 369 dux,
1577 317 1653 369 qui
1679 328 1830 369 nuper
1854 327 2049 369 regnum

279 391 515 444 Hungarie
552 391 595 431 in
629 390 846 431 absencia
879 389 1089 430 eiusdem
1124 389 1165 429 d.
1201 388 1323 441 regis
1354 388 1664 429 Romanorum
1696 386 1971 429 invadentes
2003 387 2049 428 in

280 462 406 504 bello
438 461 704 504 conflictum
739 461 864 514 passi
899 460 1087 501 fuerant
1120 472 1220 501 curn
1256 459 1411 501 multis
1445 458 1651 500 millibus
1684 457 1971 499 Turchorum
2002 456 2050 498 in

280 545 360 575 ore
393 532 533 586 gladii
568 531 822 574 occisorum
855 534 900 572 et
930 535 1052 572 nunc
1085 530 1203 583 capti
1237 529 1579 581 detinebantur,
1614 541 1665 571 ac
1697 527 1914 582 pluribus
1945 527 2050 570 aliis

279 603 536 655 comitibus,
562 602 831 655 baronibus,
855 601 1081 643 militibus
1105 604 1149 642 et
1174 600 1446 654 proceribus
1471 613 1522 642 ac
1546 599 1805 641 domicellis
1831 599 1877 640 in
1901 599 2050 640 multi-

280 674 440 716 tudine
477 673 662 726 copiosa
700 673 943 725 lacumque
981 671 1341 714 transfretantes
1378 671 1565 713 tandem
1601 671 1715 712 hora
1752 670 1914 722 quinta
1947 671 2051 722 post

280 744 478 786 mediam
510 747 690 786 noctem
722 747 905 796 portum
936 743 1133 785 civitatis
1166 741 1440 785 Constancie
1474 744 1579 784 sunt
1612 740 1826 793 ingressi.
1870 739 1959 782 Ubi
1993 739 2051 782 ab

279 815 498 869 episcopo
522 818 566 857 et
587 815 713 856 clero
735 813 1146 868 processionaliter
1168 817 1214 855 et
1236 827 1261 856 a
1283 812 1502 866 magistro
1524 811 1692 854 civium
1713 813 1758 853 et
1781 811 2050 854 consulibus

280 886 475 929 civitatis
505 886 716 928 eiusdem
746 884 1007 928 honorifice
1037 888 1082 927 et
1111 887 1385 926 reverenter
1414 884 1589 936 recepti
1619 884 1726 924 sunt
1753 884 1799 924 et
1827 881 1935 924 inde
1964 880 2050 924 sub

280 957 460 1000 duobus
491 956 650 1010 palliis
680 956 811 1009 prius
843 968 952 1009 rege
984 959 1028 998 et
1061 955 1403 1008 subsequenter
1434 954 1596 1007 regina
1626 952 1863 1006 peditibus
1893 963 2052 1006 proce-

280 1028 498 1070 dentibus
533 1028 579 1069 in
614 1027 815 1069 maximo
850 1026 995 1069 iubilo
1030 1039 1176 1080 usque
1212 1026 1270 1068 ad
1305 1024 1620 1068 cathedralem
1656 1022 1901 1066 ecclesiam
1936 1022 2051 1066 Con-

281 1100 591 1141 stanciensem
634 1098 844 1140 conducti
886 1101 1004 1140 sunt.
1058 1098 1146 1140 Ubi
1190 1097 1423 1150 prefatum
1467 1108 1694 1138 summum
1736 1091 2048 1148 pontificemb)

279 1169 629 1223 pontificalibus
670 1182 756 1222 pro
797 1169 1120 1210 celebracione
1164 1168 1425 1209 divinorum
1468 1167 1692 1219 indutum,
1735 1166 1813 1218 qui
1853 1177 2051 1206 unacum

281 1254 364 1283 suo
389 1253 521 1284 sacro
545 1240 740 1293 collegio
764 1249 997 1281 revmorunl
1021 1252 1064 1293 p.
1090 1253 1124 1282 s.
1148 1239 1198 1281 R.
1223 1252 1262 1281 e.
1287 1238 1593 1280 cardinalium
1619 1249 1878 1290 magnaque
1903 1235 2053 1277 multi-

280 1312 439 1354 tudine
469 1312 756 1366 prelatorum
786 1314 832 1353 et
861 1310 1058 1353 aliorum
1088 1309 1278 1353 eosdem
1309 1322 1467 1362 regem
1497 1312 1542 1350 et
1571 1307 1780 1361 reginam
1809 1306 2050 1361 prestolati

280 1384 481 1435 fuerant,
516 1385 843 1436 reppererunt,
880 1382 1174 1435 receptisque
1209 1393 1294 1434 per
1330 1381 1481 1433 ipsum
1516 1391 1746 1422 summum
1781 1377 2052 1432 pontificem

278 1454 475 1507 prefatis
508 1466 618 1507 rege
652 1457 698 1496 et
729 1454 892 1506 regina
925 1453 984 1495 ad
1015 1453 1223 1494 osculum
1253 1451 1426 1505 pedum
1459 1454 1505 1492 et
1536 1462 1699 1492 manus
1733 1452 1777 1491 et
1809 1449 1909 1492 solo
1939 1460 2049 1501 rege

280 1526 337 1567 ad
382 1526 589 1567 osculum
634 1525 762 1577 pacis
809 1523 905 1565 sive
953 1524 1062 1576 oris,
1107 1526 1152 1565 et
1197 1522 1254 1565 ad
1300 1522 1427 1564 iuxta
1474 1522 1594 1563 latus
1641 1519 1885 1562 dexterum
1929 1531 2051 1572 pape

280 1597 326 1638 in
380 1596 577 1650 singulis
631 1595 823 1638 sedibus
878 1595 1047 1648 pannis
1102 1593 1258 1636 aureis
1312 1593 1532 1635 involutis
1587 1590 1912 1633 consederunt.
1983 1589 2053 1631 In-

277 1668 517 1721 ceptisque
583 1666 755 1709 officiis
821 1666 1151 1708 matutinorum
1216 1677 1300 1706 rex
1367 1663 1596 1706 diaconali
1662 1665 1791 1704 veste
1856 1661 2051 1704 vestitus

283 1742 328 1781 et
349 1738 564 1781 diadema
587 1738 860 1780 deauratum
881 1736 1081 1779 tendens
1103 1736 1161 1779 ad
1183 1735 1513 1778 rotunditatem
1533 1747 1635 1776 cum
1657 1733 1828 1775 circulo
1851 1732 2055 1786 desuper

284 1812 420 1862 atque
451 1822 599 1861 cruce,
628 1809 829 1862 qualiter
857 1809 1008 1850 solent
1036 1820 1172 1860 reges
1200 1807 1342 1861 pingi,
1372 1818 1513 1859 super
1542 1807 1678 1859 caput
1705 1816 1839 1847 suum
1866 1805 2055 1857 gestans

280 1880 486 1933 quintam
514 1880 760 1921 lectionem
787 1879 964 1921 cecinit,
1004 1879 1312 1931 Summusque
1340 1876 1553 1930 pontifex
1581 1876 1775 1929 largitus
1801 1878 1874 1917 est
1898 1875 2052 1916 eidem

281 1952 378 2005 regi
398 1964 559 1994 ensem
580 1954 626 1993 et
646 1951 891 2003 capellum,
913 1954 960 1992 ut
980 1950 1122 1991 moris
1141 1953 1212 1991 est
1232 1950 1543 1990 Romanorum
1564 1946 1837 2000 pontificum
1856 1944 1904 1988 in
1922 1957 2054 1988 nocte

282 2022 536 2064 nativitatis
571 2021 742 2063 facere.
792 2021 899 2062 Post
934 2033 1127 2073 quorum
1166 2020 1493 2062 matutinorum
1529 2018 1918 2071 complementum
1951 2028 2057 2069 pre-

283 2094 407 2137 fatus
430 2094 664 2136 Romanus
687 2092 898 2145 pontifex
923 2092 1120 2145 primam
1145 2091 1333 2133 missam
1356 2089 1520 2131 cecinit
1541 2092 1588 2131 et
1609 2088 1870 2130 successive
1895 2099 2055 2130 secun-

284 2165 388 2207 dam
420 2167 464 2206 et
494 2164 685 2206 terciam
715 2162 981 2205 celebravit.
1025 2162 1122 2214 Que
1154 2161 1341 2214 quidem
1375 2160 1703 2202 matutinorum
1733 2161 1778 2201 et
1807 2158 2054 2200 missarum

283 2235 631 2277 celebraciones
658 2247 744 2288 per
772 2246 854 2276 sex
882 2234 1022 2275 horas
1050 2233 1266 2274 continue
1295 2232 1595 2273 duraverunt.
1635 2230 1811 2281 Quibus
1838 2228 2054 2272 omnibus

283 2306 454 2359 prefati
484 2306 525 2347 d.
556 2318 639 2347 rex
667 2308 712 2347 et
742 2304 903 2357 regina
931 2303 1243 2358 personaliter
1274 2302 1601 2344 interfuerunt.
1644 2300 1744 2343 Hiis
1773 2312 1885 2342 vero
1912 2302 2055 2342 matu-

282 2378 483 2418 tinorum
515 2380 559 2419 et
588 2376 835 2418 missarum
867 2375 1141 2427 solempniis
1172 2373 1419 2415 celebratis
1450 2385 1657 2414 summus
1686 2370 1900 2425 pontifex
1929 2371 2055 2424 pala-

283 2449 403 2490 cium
435 2451 505 2490 est
538 2447 792 2500 ingressus.
839 2446 937 2487 Rex
972 2448 1124 2487 autem
1159 2448 1202 2486 et
1235 2445 1397 2498 regina
1432 2456 1551 2486 unus
1583 2446 1688 2496 post
1721 2442 1863 2485 alium
1897 2453 2055 2496 proce-

284 2519 448 2562 dentes
478 2518 675 2572 quilibet
704 2517 934 2571 palacium
967 2516 1053 2559 sibi
1085 2516 1354 2569 deputatum
1386 2515 1626 2568 ingressus
1653 2516 1738 2567 est,
1769 2525 1854 2555 rex
1884 2512 1980 2556 suis
2010 2514 2056 2554 et

284 2590 445 2643 regina
483 2589 593 2641 suis,
632 2588 902 2639 baronibus,
940 2586 1213 2640 proceribus
1251 2589 1296 2628 et
1335 2585 1594 2627 domicellis
1633 2584 1679 2626 in
1718 2596 1883 2638 magna
1922 2584 2054 2637 copia

285 2661 457 2703 sociati.
498 2660 552 2702 Et
579 2659 784 2712 adverte,
812 2658 919 2712 quia
946 2657 1161 2699 undecim
1187 2657 1300 2699 hore
1330 2656 1544 2698 continue
1573 2668 1666 2698 non
1693 2653 1969 2714 divertendo
1995 2652 2054 2697 ad

284 2735 431 2773 actum
466 2731 607 2772 alium
641 2733 732 2772 tam
767 2731 813 2771 in
847 2728 1137 2782 expectando
1171 2728 1296 2780 ipsos
1329 2740 1486 2780 regem
1519 2730 1563 2768 et
1596 2726 1803 2780 reginam
1837 2737 1974 2779 quam
2006 2725 2053 2766 in

283 2802 567 2844 celebrando
597 2802 716 2844 dicta
746 2800 1074 2842 matutinorum
1104 2802 1148 2840 et
1179 2798 1424 2840 missarum
1455 2797 1682 2841 solemnia
1710 2809 1796 2851 per
1826 2807 2053 2839 summum

285 2872 567 2925 pontificem,
595 2873 635 2914 d.
664 2871 928 2914 cardinales
954 2873 999 2912 et
1027 2871 1143 2912 alios
1172 2873 1277 2911 sunt
1304 2872 1588 2921 consumpte,
1618 2869 1678 2910 ita
1705 2867 1841 2920 quod,
1868 2867 2055 2920 quicun-

285 2957 374 2996 que
399 2943 621 2997 predictis
646 2943 817 2984 divinis
842 2942 1016 2984 officiis
1042 2941 1369 2991 interfuerunt,
1395 2939 1646 2992 plurimum
1671 2938 1850 2992 fatigati
1876 2940 1994 2980 sunt.

392 3048 422 3081 a)
446 3051 481 3072 (κ-
503 3054 632 3081 genero.
692 3047 723 3073 b»
747 3049 769 3071 (¹
789 3045 872 3079 sulm
894 3052 989 3072 sacro
1013 3045 1155 3079 collegio
