2227 3434
797 104 842 140 A.
878 103 1212 140 Reformtraktate.
1804 107 1888 149 587

119 234 206 276 per
236 223 376 265 talem
410 222 780 265 commissionem
815 225 1023 275 presunt,
1056 235 1157 264 cum
1191 223 1429 275 apostolus
1462 223 1594 275 dicat,
1628 235 1799 275 sponsa
1834 223 1889 266 sit

121 292 256 336 unica
279 292 381 335 viri.
714 299 718 303 ’

238 363 400 417 Utrum
427 386 550 427 papa
577 377 790 416 teneatur
817 374 1067 427 providere
1093 375 1152 416 de
1180 374 1415 416 beneficio
1440 375 1513 416 vel
1544 374 1788 428 stipendiis
1817 375 1888 415 vel

121 444 178 487 de
215 457 308 487 uno
341 444 575 487 beneficio
610 445 799 487 cuilibet
834 445 1096 497 inquisitori
1132 445 1337 487 heretice
1373 445 1628 498 pravitatis,
1665 458 1766 486 cum
1802 446 1889 498 ipsi

121 515 266 558 eciam
295 515 510 557 laborent
536 528 621 569 pro
648 515 745 557 fide
774 515 996 557 catholica
1025 500 1108 557 etc.

238 597 402 640 Utrum
433 610 554 651 papa
586 598 756 651 debeat
784 597 1055 650 permittere
1087 598 1211 650 quod
1243 597 1608 650 multiplicentur
1639 597 1893 650 religiones

121 668 264 721 varie,
286 668 434 710 eciam
457 668 559 711 sine
581 668 765 710 racione
789 671 833 710 et
855 668 1133 709 necessitate
1155 671 1204 710 ut
1227 668 1284 709 de
1308 671 1460 709 monte
1485 668 1719 726 domini¹),
1739 668 1893 709 fratri-

121 738 244 791 celli,
268 743 424 781 sancte
450 738 635 792 Brigide
661 743 706 781 et
731 739 990 781 innumeris
1015 738 1133 791 aliis,
1158 751 1354 791 quorum
1380 738 1567 780 nomina
1592 738 1766 791 ignoro,
1791 750 1892 779 cum

122 809 323 852 mundus
349 810 414 852 sic
439 809 722 851 diminuatur
746 822 852 862 ymo
876 810 921 850 in
948 809 1183 862 aliquibus
1210 810 1323 851 locis
1371 821 1464 850 non
1490 811 1595 851 sunt
1621 809 1889 861 electoresa)

122 883 248 922 terre
282 883 327 922 et
360 873 423 923 sic
456 880 669 922 nonnulli
705 880 908 933 perdunt
943 881 988 921 in
1021 882 1218 932 utroque
1254 883 1388 931 statu,
1423 879 1624 932 perdunt
1659 879 1892 921 dominum

124 940 272 1003 suum,
295 951 440 993 eciam
466 950 675 993 redditus
699 954 789 993 tam
812 948 1117 992 ecclesiarum
1143 963 1280 1002 quam
1304 951 1631 1003 temporalium
1656 953 1702 991 et
1725 953 1894 1000 tamen,

124 1024 172 1064 ut
198 1021 368 1063 dictum
392 1024 477 1073 est,
502 1034 594 1063 non
622 1034 783 1063 omnes
810 1024 1061 1074 propterea
1088 1021 1388 1062 devocionem
1415 1020 1603 1062 faciunt.

240 1103 404 1145 Utrum
435 1116 557 1156 papa
588 1106 635 1145 et
664 1104 870 1156 episcopi
904 1103 1107 1145 debeant
1138 1103 1438 1144 dissimulare
1471 1115 1571 1143 cum
1605 1100 1896 1155 presbiteris,

124 1174 202 1227 qui
233 1177 338 1216 sunt
369 1174 566 1216 ministri
600 1173 769 1216 Christi
801 1178 846 1216 et
873 1174 1045 1216 milites
1075 1176 1121 1215 et
1150 1173 1503 1226 dispensatores
1533 1172 1896 1214 ministeriorum

127 1245 226 1297 Dei,
264 1244 387 1297 quod
422 1244 511 1297 ipsi
550 1248 656 1286 sunt
691 1245 892 1286 ministri
928 1245 1282 1297 possessionum
1320 1244 1599 1286 secularium
1637 1247 1681 1285 et
1718 1243 1897 1295 pincer-

125 1315 259 1368 narii,
296 1315 568 1357 cubicularii
607 1315 913 1367 dominorum,
953 1315 1206 1357 servitores
1245 1327 1486 1356 servorum
1525 1318 1570 1355 et
1608 1313 1897 1364 ancillarum,

126 1386 326 1429 maxime
365 1385 552 1439 quando
589 1389 695 1428 sunt
730 1386 999 1428 beneficiati
1036 1389 1083 1427 et
1119 1385 1307 1438 quando
1343 1385 1518 1427 habent
1554 1385 1764 1437 regimen
1803 1384 1898 1425 ani-

126 1468 320 1499 marum.
352 1457 450 1499 Non
473 1457 560 1498 iste
581 1456 792 1499 defectus
814 1457 975 1510 vigitet
998 1454 1116 1510 (?)'‘)
1141 1459 1447 1498 mercatorum
1471 1455 1517 1496 in
1538 1455 1697 1507 lingua
1720 1454 1897 1496 Gallica

126 1530 172 1569 et
198 1527 244 1569 in
273 1527 603 1582 Catholonia‘2).
644 1528 710 1569 De
739 1527 843 1570 aliis
871 1527 1088 1579 dicerem,
1118 1527 1155 1570 si
1183 1527 1244 1569 ita
1271 1530 1425 1569 certus
1452 1539 1619 1578 essem,
1646 1538 1753 1567 nam
1780 1525 1898 1568 tales

125 1601 318 1651 propter
345 1598 567 1640 mundum
597 1598 807 1640 officium
838 1598 1083 1640 dimittunt.

243 1680 407 1723 Utrum
441 1681 499 1723 sit
531 1680 935 1732 dissimulandum,
969 1680 1093 1732 quod
1125 1679 1321 1721 ecclesie
1355 1678 1650 1721 cathedrales
1682 1677 1727 1720 et
1762 1678 1900 1719 bene-

126 1751 235 1794 ficia
282 1763 571 1804 quecumque
619 1751 933 1793 ecclesiastica
979 1750 1293 1792 arrendentur
1338 1762 1424 1802 per
1467 1749 1708 1791 seculares
1755 1740 1899 1790 eciam

128 1834 256 1864 mere
285 1822 440 1875 laycos
468 1825 515 1864 et
540 1825 776 1873 uxoratos,
806 1822 882 1874 qui
911 1821 1097 1874 penitus
1125 1821 1182 1862 de
1212 1821 1385 1872 officio,
1416 1821 1472 1862 de
1502 1820 1700 1862 ecclesia
1726 1832 1813 1861 nec
1842 1818 1899 1861 ad

128 1893 256 1936 illam
285 1892 628 1946 pertinentibus
656 1906 749 1934 non
776 1896 938 1935 curant
967 1893 1057 1934 nisi
1088 1892 1236 1934 solum
1267 1892 1324 1934 de
1353 1904 1436 1934 sua
1463 1891 1606 1933 bursa
1633 1894 1680 1933 et
1709 1891 1773 1933 sic
1802 1890 1899 1931 Deo

126 1967 173 2006 et
201 1963 412 2006 ecclesiis
444 1976 494 2006 ac
524 1963 770 2007 beneficiis
799 1966 1020 2006 secuntur
1051 1962 1340 2005 incommoda
1368 1963 1513 2004 multa
1542 1961 1680 2003 michi
1711 1963 1898 2003 constat.

245 2045 409 2089 Utrum
451 2046 510 2089 sit
547 2045 693 2099 magis
731 2058 999 2099 congruum,
1040 2045 1162 2098 quod
1204 2044 1377 2086 domini
1418 2043 1682 2086 cardinales
1722 2043 1813 2085 sint
1854 2042 1900 2083 in

129 2129 327 2160 numero
345 2120 471 2159 certo
490 2121 540 2159 ut
560 2117 650 2158 XII
672 2117 1003 2170 apostolorum,
1025 2128 1162 2168 quam
1184 2115 1306 2168 quod
1329 2116 1389 2156 ita
1411 2114 1499 2168 ipsi
1522 2113 1900 2167 multiplicentur,

130 2188 330 2230 maxime
364 2200 465 2229 curn
498 2187 627 2229 multi
661 2199 754 2229 non
786 2186 990 2229 habeant
1023 2186 1080 2228 de
1115 2199 1205 2239 quo
1236 2187 1395 2228 vivere
1429 2185 1556 2227 iuxta
1590 2197 1750 2226 eorum
1783 2183 1902 2225 desi-

130 2258 310 2301 derium
341 2258 414 2300 vel
445 2258 605 2312 pocius
635 2258 821 2310 fastum,
852 2258 929 2310 qui
960 2270 1099 2300 causa
1129 2257 1216 2298 fuit
1247 2257 1292 2298 in
1324 2259 1455 2309 parte
1487 2255 1729 2297 divisionis
1759 2255 1901 2296 eccle-

131 2329 198 2371 sie
233 2327 783 2372 saltim'continuacionis
817 2328 1050 2381 presentis
1085 2328 1326 2380 scismatis,
1361 2339 1467 2369 nam
1502 2326 1700 2379 quilibet
1733 2339 1757 2367 a
1792 2328 1902 2367 tem-

130 2413 243 2454 pore
277 2399 450 2443 domini
484 2399 697 2453 Gregorii
729 2399 807 2441 XI.
841 2398 1001 2440 videre
1034 2402 1199 2451 potest,
1232 2399 1269 2440 si
1305 2398 1625 2439 sustinuerunt
1658 2396 1901 2449 magistros

132 2483 241 2514 suos
276 2474 468 2524 propter
503 2471 740 2522 miracula,
777 2482 866 2522 que
903 2469 1152 2522 faciebant,
1188 2469 1261 2510 vel
1299 2472 1490 2521 propter
1526 2467 1775 2518 beneficia,
1811 2478 1900 2518 que

132 2542 190 2584 ab
242 2541 358 2595 ipsis
408 2541 658 2584 habebant.
718 2540 892 2582 Idcirco
933 2542 1106 2593 quanto
1145 2540 1307 2592 plures
1349 2542 1468 2590 sunt,
1510 2541 1638 2581 tanto
1680 2537 1900 2579 maiorem

131 2624 348 2666 guerram
374 2611 562 2654 faciunt.

249 2682 412 2739 Utrum
437 2683 496 2725 sit
520 2681 793 2735 expediens,
817 2681 905 2723 nisi
933 2684 1090 2723 essent
1116 2681 1269 2734 legati,
1293 2679 1416 2732 quod
1441 2679 1613 2720 domini
1639 2678 1902 2720 cardinales

134 2753 318 2796 trahant
358 2765 533 2795 moram
575 2756 707 2794 extra
748 2752 922 2794 curiam
964 2752 1232 2803 Romanam,
1271 2763 1372 2792 cum
1416 2751 1501 2802 ipsi
1547 2750 1638 2791 sint
1680 2749 1813 2801 primi
1858 2751 1901 2789 ct

136 2823 420 2877 principales
476 2823 535 2865 ad
588 2835 755 2877 papam
812 2822 1064 2864 consiliarii
1106 2834 1229 2875 pape
1273 2825 1318 2863 et
1360 2833 1446 2873 per
1489 2832 1569 2861 eos
1613 2819 1751 2861 debet
1795 2830 1900 2860 csse

240 2946 270 2966 a)
293 2940 333 2964 Sa
358 2939 411 2965 lls.
466 2938 499 2964 b·
525 2938 568 2963 (tlt
591 2940 718 2970 vegetet
741 2938 818 2963 mlcr
838 2937 986 2966 vigeret?
1047 2939 1075 2961 cl
1096 2937 1134 2961 Nn
1158 2936 1218 2967 sii)-
1239 2934 1441 2961 Catlialonia.

254 3000 285 3041 1)
317 2999 383 3033 Ilei
411 2997 681 3039 Heimbucher,
709 2997 782 3031 Die
809 2997 935 3032 Orden
963 2997 1039 3030 um!
1069 2994 1416 3038 Konyreffltlimzen,
1446 2993 1546 3027 nich!
1575 2991 1807 3034 numesiuaerl.
