2102 3444
246 78 331 121 600
689 73 754 106 111.
782 70 991 106 Abschnitt.
1032 68 1184 102 Reform
1214 68 1290 101 und
1320 66 1568 111 Verfassung.

249 197 374 235 retur
399 196 441 234 et
469 193 652 233 timetur
677 189 873 231 ecclesia
899 190 943 229 et
967 199 1052 240 per
1078 197 1370 238 consequens
1394 196 1558 228 omnes
1581 185 1669 227 viri
1696 183 2007 239 ecclesiastici,

246 277 345 305 cuni
379 262 626 315 presidens
660 261 704 300 in
737 272 791 300 ea
824 261 867 300 et
901 257 1002 299 eius
1034 259 1180 298 status
1213 258 1282 298 est
1314 255 1605 309 magnificus,
1637 268 1728 309 quo
1761 259 1911 299 stante
1943 257 2008 300 sic

246 334 441 386 protegit
473 335 517 373 et
548 333 700 372 tuetur
732 328 980 381 membra¹)
1016 361 1024 369 .
1060 361 1068 369 .
1104 361 1112 369 .

364 403 581 444 Preterea
633 401 762 441 nullo
812 398 949 440 modo
1001 401 1152 450 potest
1201 397 1363 450 negari
1414 397 1668 440 notorietas
1717 397 2009 441 necessitatis

245 474 438 515 ecclesie
468 472 684 521 Romane,
712 483 800 522 que
827 473 896 511 est
921 481 1059 511 causa
1085 467 1344 520 sufficiens,
1371 480 1476 521 ymo
1501 468 1771 510 necessaria
1794 480 1882 522 per
1904 480 2009 522 pre-

244 543 360 585 dicta
393 546 435 584 et
467 554 554 595 que
587 541 673 583 fuit
702 553 841 582 cau-sa
873 540 1034 593 previa
1068 539 1142 592 (5²)
1177 538 1486 580 institucionis
1515 538 1850 582 vacancirarum.
1894 537 2010 581 Con-

245 617 332 655 stat
370 614 492 654 enim
532 612 858 665 patrimonium
898 610 1095 652 ecclesie
1133 610 1337 651 Romane
1377 608 1581 651 totaliter
1616 612 1888 662 occupatum
1921 621 2011 663 =per

243 687 475 735 tyrannos.
518 683 737 724 l‘reterea
767 681 888 734 quod
915 680 1091 723 domini
1119 680 1385 722 cardinales
1414 683 1520 722 sunt
1544 680 1715 722 merito
1737 679 1799 722 de
1826 679 2011 722 duabus

244 753 527 796 obedienciis
561 753 739 794 reducti
775 752 830 794 ad
863 764 1003 794 unam
1038 752 1144 804 plus
1178 763 1316 804 quam
1351 750 1586 804 XXXII²)‚
1618 753 1780 804 preter
1808 750 1918 795 illos
1950 750 2010 793 de

245 826 385 867 tercia
420 824 705 875 obediencia,
741 836 856 876 quos
892 835 977 876 per
1012 822 1097 864 Dei
1132 821 1333 875 graciam
1369 833 1615 874 speramus
1649 821 1706 863 de
1742 821 1816 864 die
1850 821 1900 864 in
1931 821 2010 864 die

243 895 480 937 nobiscum
517 895 562 935 in
597 907 739 935 unum
777 894 1021 946 collegium
1058 892 1304 945 uniendos,
1339 904 1430 945 quo
1462 892 1603 935 durat
1635 904 1775 935 caussa
1809 891 2011 935 necessi-

243 967 361 1018 tatis,
398 978 501 1018 ymo
538 965 684 1007 maior
721 977 857 1017 quam
896 976 1114 1017 unquam,
1153 967 1197 1005 et
1235 963 1409 1005 domini
1445 962 1710 1006 cardinales
1747 963 2007 1018 assistanta)

242 1049 360 1089 pape
391 1037 658 1079 necessario
685 1048 771 1088 pro
798 1035 1002 1088 negociis
1033 1034 1229 1076 ecclesie
1260 1033 1512 1076 tractandis
1543 1036 1589 1076 et
1615 1033 1938 1077 con-sultandis
1965 1035 2012 1076 et

242 1120 341 1149 cum
367 1120 422 1149 eo
444 1107 750 1160 parciantur³)
778 1106 922 1148 tocius
946 1105 1229 1148 universalis
1252 1104 1449 1147 ecclesie
1473 1117 1632 1147 onera.
1667 1104 1791 1158 Ergo
1812 1105 2011 1148 ecclesia
2036 1114 2038 1117 ·
2079 1128 2082 1129 ⁷

242 1178 446 1220 Romana
476 1181 522 1219 et
551 1190 672 1231 papa
705 1180 891 1220 tenetur
923 1177 990 1219 eis
1023 1176 1288 1230 providere,
1321 1176 1444 1229 quod
1475 1188 1569 1218 non
1601 1176 1754 1230 potest
1785 1175 1886 1220 sine
1916 1186 2010 1219 om-

240 1250 366 1290 nium
395 1249 590 1290 aliarum
615 1249 919 1290 ecclesiarum
947 1247 1157 1290 subsidio
1183 1281 1192 1289 .
1228 1280 1236 1289 .
1272 1281 1280 1289 .

360 1320 472 1362 Item
511 1323 556 1362 et
594 1332 694 1361 cum
735 1319 779 1360 in
820 1318 921 1361 istis
959 1319 1190 1361 vacanciis
1231 1318 1438 1360 extorcio
1472 1321 1582 1360 ante
1619 1318 1925 1360 collacionem
1963 1319 2012 1360 et

242 1394 346 1432 ante
378 1391 610 1432 bullarum
641 1390 944 1432 tradicionem
976 1393 1021 1432 et
1051 1392 1193 1431 totum
1220 1389 1273 1430 *in
1305 1388 1442 1431 simul
1475 1389 1660 1431 solvere
1688 1391 1763 1431 est
1794 1388 1855 1442 id,
1886 1387 2010 1442 quod

240 1465 412 1514 gravat,
454 1465 497 1503 et
537 1461 708 1503 domini
749 1461 1013 1503 cardinales
1054 1460 1277 1513 offerunt,
1316 1463 1368 1502 ut
1402 1459 1588 1513 dicitur,
1626 1459 1694 1501 nil
1735 1459 1861 1514 exigi
1898 1461 2008 1502 ante

241 1533 539 1574 collacionem
574 1537 651 1575 aut
684 1533 918 1574 bullarum
951 1531 1269 1584 tradicionem,
1303 1528 1431 1586 necb)
1468 1531 1559 1573 nisi
1591 1543 1680 1584 per
1712 1530 1830 1575 duos
1861 1542 2009 1573 annos

240 1604 468 1655 equaliter
502 1603 832 1656 computandos
866 1616 891 1645 a
923 1606 1133 1656 tempore
1163 1601 1480 1656 possessionis
1511 1601 1696 1656 adepte,
1731 1614 1851 1655 ecee,
1885 1600 2009 1655 quod

242 1674 426 1726 abusus,
454 1675 530 1727 qui
557 1677 670 1727 erat,
696 1674 873 1716 tollitur
900 1708 908 1716 .
944 1708 953 1716 .
989 1709 996 1716 .

358 1745 561 1787 Concilia
595 1745 769 1787 habent
804 1758 1029 1787 summam
1065 1744 1382 1787 auctoritatem
1418 1757 1445 1787 a
1480 1757 1602 1798 papa
1639 1778 1647 1786 .
1683 1778 1691 1786 .
1727 1778 1736 1786 .
1784 1744 2008 1786 Preterea

242 1817 283 1856 in
316 1816 398 1857 hoc
428 1817 573 1857 eciam
603 1816 881 1859 conveniunt
911 1816 1148 1858 doctorum
1177 1819 1222 1858 et
1251 1816 1536 1869 glos-atorum
1567 1815 1804 1858 sentencie
1832 1814 2007 1868 ubique

241 1886 509 1939 scribentes,
537 1887 660 1940 quod
686 1900 807 1940 papa
833 1900 925 1929 non
953 1890 1107 1941 potest
1134 1887 1192 1929 de
1218 1886 1354 1930 factis
1383 1887 1479 1930 suis
1505 1899 1593 1940 per
1615 1885 1864 1929 concilii-um
1891 1884 2008 1928 iudi-

239 1957 372 2012 cariss)
405 1990 413 1998 .
449 1991 456 1999 .
492 1991 501 2000 .

864 2040 925 2084 II.
961 2040 1131 2084 Contra
1165 2042 1374 2084 annatas.

362 2122 475 2156 Wien.
506 2123 773 2157 ΔΧ“’(ιΙὲοη((Π)ἱΙ]Ῑ.
802 2124 894 2158 4178
919 2123 945 2166 f.
973 2124 1052 2158 338.

360 2180 522 2223 Motiva
550 2182 824 2234 aliquorum,
853 2194 997 2234 quare
1025 2181 1359 2224 declarandum
1385 2194 1492 2224 esse
1518 2181 1702 2223 videtur
1724 2179 2006 2223 ecclesi-asti-

240 2251 353 2303 cas‘·)
383 2263 473 2293 non
500 2253 648 2293 teneri
676 2252 732 2294 ad
760 2253 1032 2295 solvendum
1060 2256 1268 2295 annatas.

356 2321 573 2375 Primum,
607 2322 769 2378 quod⁴¹)
805 2336 896 2365 non
931 2324 1147 2366 videntur
1179 2323 1280 2365 iure
1315 2323 1485 2376 divino,
1519 2323 1741 2366 canonico
1771 2323 1847 2365 vel
1881 2311 2004 2365 civili

240 2404 321 2433 seu
348 2393 566 2445 naturali;
596 2406 686 2446 quo
714 2394 850 2447 igitur
879 2395 978 2437 iure
1005 2408 1100 2437 non
1127 2395 1324 2438 videtur.
1365 2394 1643 2448 Secundum,
1671 2384 2003 2447 quia'ecclesia

343 2496 371 2528 a)
394 2496 430 2520 ,ἕω
457 2497 506 2522 [Is.
558 2497 588 2527 1))
611 2497 730 2523 Vni-he,-
752 2498 823 2526 scd:
846 2498 1164 2532 ‹1‹›c112·27›ers“liissiq?
1210 2500 1238 2532 c)
1263 2498 1347 2525 Fehlt
1361 2498 1443 2525 wohl
1463 2505 1634 2533 personas>
1671 2497 1703 2532 d)
1724 2498 1771 2525 Hs
1790 2496 2007 2532 primumque.

363 2557 392 2597 ¹)
423 2557 561 2597 Famem
591 2556 746 2592 Griinde
772 2568 839 2593 aus
864 2559 1060 2593 ,lohannes
1086 2559 1394 2601 Sarisbere'ensz'S,
1420 2557 1676 2602 Polycraticus
1701 2567 1794 2594 usw.

357 2615 387 2654 ²)
417 2614 539 2657 Ziffer
565 2625 606 2649 ει(
635 2616 739 2652 hoelo.

356 2672 386 2711 3)
414 2673 522 2706 lmiin
546 2673 657 2716 folus:
697 2674 868 2716 Apostoli
894 2678 927 2709 et
954 2675 1153 2718 responsio
1176 2676 1255 2710 dati
1280 2686 1349 2719 per
1371 2675 1635 2710 venerabilem
1661 2674 1860 2710 nacionem
1886 2671 2003 2709 Galli-

239 2738 367 2762 canam
394 2731 558 2765 ‹loininis
581 2732 839 2766 cardinalibus
863 2736 896 2767 et
925 2734 1060 2768 ceteris
1084 2734 1371 2777 appellantibus
1394 2734 1443 2769 ab
1468 2734 1615 2770 eisdem
1639 2733 1894 2775 conclusione,
1916 2732 2002 2767 voto

239 2787 519 2822 deliberacione
548 2799 588 2823 ac
618 2791 889 2826 ‹melai-acione.
931 2791 1156 2827 Constancie
1186 2792 1306 2835 captis
1335 2795 1372 2827 et
1401 2792 1510 2827 factis
1539 2791 1791 2835 solempniter
1817 2801 1888 2835 per
1914 2798 2002 2826 ean-

240 2845 337 2885 dem,
363 2848 459 2888 quod
487 2848 660 2882 vacam-ie
684 2858 725 2882 ac
752 2849 895 2883 minuta
920 2850 1081 2884 servicia
1103 2851 1210 2886 nullo
1234 2851 1318 2885 iure
1341 2853 1427 2885 sunt
1452 2851 1581 2886 debite
1604 2853 1641 2886 et
1665 2851 1713 2886 de
1736 2852 1862 2885 cetero
1884 2847 2001 2884 nichil

238 2903 475 2995 solvantjglxc.
511 2904 603 2939 Cum
628 2908 847 2951 evangelica
871 2908 1011 2943 veritas
1035 2908 1135 2943 dicit.
1173 2908 1286 2944 Gedr.
1313 2909 1520 2953 Bouryeois
1543 2910 1596 2944 du
1617 2908 1824 2944 chastenet
1845 2907 1916 2943 452
1936 2904 1999 2951 ΤΗ

241 2979 249 2993 .=
281 2961 363 2994 ansi
427 2962 568 2999 ,⁷1'IJI,
599 2964 672 2999 199.

2050 578 2059 587 ·
2089 556 2102 619 i

2094 627 2102 678 i

2096 757 2102 777 1

2088 934 2102 1021 i

2088 1074 2102 1139 ε

2085 1138 2102 1402 i

2082 1403 2102 1534 i

2096 862 2102 879 ι

2095 1022 2102 1044 1

2093 1046 2102 1074 1

2093 1545 2102 1569 Ἰ·

2093 1606 2102 1638 ⁴.
