2102 3444
267 138 351 182 182
801 138 827 172 I.
854 138 1064 174 Abschnitt.
1102 138 1501 182 Konzilstagebticher.

267 257 481 300 omnibus
507 257 611 300 aliis
635 257 758 299 curis
782 257 840 299 ad
869 257 1047 299 Italiam
1072 261 1115 299 te
1138 256 1370 310 conferre,
1395 257 1472 299 ubi
1497 270 1660 311 posses
1686 270 1842 300 rerum
1868 260 2034 300 statum

265 331 310 370 et
339 328 511 371 certius
541 340 819 381 cognoscere
851 331 896 371 et
925 328 1124 370 celerius
1156 328 1429 371 reformare.

383 399 480 440 Tue
516 401 668 441 autem
705 398 859 440 virtuti
896 398 1011 440 favit
1046 399 1186 450 Deus,
1221 402 1268 441 ut
1304 399 1448 441 eciam
1485 412 1575 441 non
1613 400 1799 441 deesset
1834 398 2033 441 fortuna.

264 468 472 512 Prestitit
501 469 626 511 enim
656 469 737 511 tibi
768 469 909 512 talem
940 473 985 512 et
1014 472 1274 523 temporum
1305 472 1349 512 et
1380 482 1534 511 rerum
1566 470 1770 512 omnium
1802 469 2035 522 oportuni-

264 542 418 593 tatem,
442 543 492 582 ut
515 552 541 582 a
564 532 721 583 multis
746 540 917 583 seculis
942 540 1059 582 nulli
1085 544 1210 582 retro
1234 540 1494 594 principum
1519 553 1603 594 par
1628 540 1884 593 contigerit.
1920 540 2034 592 Quia

264 623 379 663 curn,
411 613 461 653 ut
491 611 798 664 prediximus,
831 611 889 653 ad
921 611 1078 653 mundi
1115 611 1321 665 regimen
1356 611 1447 654 sint
1480 625 1505 654 a
1538 612 1636 654 Deo
1667 610 1911 653 constitute
1944 611 2033 653 due

263 681 525 735 dignitates,
559 681 845 735 pontificalis
880 682 1055 725 scilicet
1089 686 1135 724 et
1169 682 1310 736 regia,
1347 695 1452 724 raro
1488 681 1775 735 temporibus
1811 683 2034 724 anteactis

263 751 497 805 contingit,
521 755 569 795 ut
594 752 653 795 ad
677 765 757 795 eas
782 753 1007 806 assumpti
1031 753 1076 795 in
1101 756 1192 796 tam
1218 754 1430 807 proximo
1456 754 1555 795 loco
1579 753 1883 795 convenirent
1906 756 1951 795 et
1975 752 2033 795 ad

263 834 404 864 unum
433 822 574 880 animi
602 823 890 876 propositum
919 827 963 866 et
992 824 1038 866 in
1068 824 1168 878 pari
1198 827 1457 878 temporum
1487 827 1531 866 et
1560 836 1717 866 rerum
1747 826 1879 866 statu.
1921 823 2032 866 Nam

262 894 384 947 quod
421 894 477 936 ad
513 906 656 936 unum
694 895 898 936 animum
935 895 1151 948 pertinet,
1187 895 1268 937 tibi
1304 908 1395 938 non
1433 898 1609 937 tantum
1646 894 1777 937 adest
1813 898 1859 936 et
1893 894 2033 947 favet,

260 977 412 1017 ymmo
442 976 492 1008 se
523 964 667 1007 offert
698 969 742 1007 et
771 966 967 1019 requirit
998 966 1120 1008 idem
1151 966 1193 1008 d.
1224 969 1383 1009 noster
1413 979 1549 1020 papa,
1579 968 1628 1008 ut
1659 978 1742 1008 sue
1773 965 2031 1019 pontificali

260 1035 518 1078 auctoritati
552 1036 858 1089 coniungatur
891 1039 969 1079 tua
1003 1037 1176 1091 regalis
1210 1040 1429 1091 potestas.
1481 1038 1544 1080 Ita
1577 1040 1627 1079 ut
1661 1049 1797 1090 quam
1831 1036 2032 1090 primum

260 1106 369 1149 fieri
401 1107 563 1160 possit,
598 1107 763 1150 eodem
798 1107 845 1150 in
882 1108 980 1150 loco
1015 1108 1301 1150 conveniatis
1336 1108 1395 1150 ad
1430 1107 1780 1150 reformandum
1816 1108 1863 1149 in
1898 1107 2032 1162 spiri-

260 1177 466 1221 tualibus
506 1181 551 1220 et
589 1178 926 1232 temporalibus
967 1179 1013 1220 in
1052 1179 1137 1221 hoc
1177 1181 1304 1222 tanto
1342 1191 1499 1221 rerum
1538 1178 1724 1221 turbine
1763 1178 2030 1221 universam

260 1247 657 1291 christianitatem.
710 1249 763 1291 Et
802 1250 920 1291 hanc
961 1250 1018 1292 ob
1059 1262 1158 1292 rem
1198 1262 1340 1304 super
1381 1249 1686 1292 acceleranda
1725 1250 2030 1292 conventione

259 1318 489 1372 premissa
515 1322 559 1361 et
587 1332 729 1374 super
755 1319 1099 1374 pertinentibus
1128 1321 1186 1363 ad
1211 1322 1434 1375 generale
1462 1320 1706 1363 concilium
1733 1320 1792 1364 ad
1816 1320 1935 1363 hanc
1961 1333 2031 1363 re-

258 1390 585 1433 formationem
617 1390 837 1433 indictum
871 1395 915 1433 et
947 1404 1090 1445 super
1122 1392 1227 1434 aliis
1260 1392 1419 1434 arduis
1451 1392 1510 1434 ad
1541 1391 1740 1434 eandem
1772 1391 2031 1434 reformati-

259 1474 395 1504 onem
432 1462 715 1505 necessariis
754 1466 798 1505 et
835 1462 1029 1506 utilibus
1066 1462 1189 1505 idem
1228 1463 1270 1506 d.
1307 1466 1468 1506 noster
1505 1462 1562 1505 de
1601 1474 1797 1505 numero
1832 1462 2030 1505 fratrum

259 1545 448 1575 suorum
472 1534 675 1587 legatum
700 1533 758 1576 acl
779 1536 904 1577 tuam
928 1534 1229 1577 serenitatem
1252 1533 1502 1577 destinavit
1523 1543 1712 1575 revmum
1736 1533 1761 1578 i.
1788 1532 1894 1576 Chr.
1918 1546 1962 1588 p.
1988 1533 2029 1576 d.

256 1605 350 1659 Aa)
381 1605 501 1647 tituli
531 1607 687 1647 sancte
717 1604 887 1647 Cecilie
916 1605 1243 1658 presbyterum
1271 1605 1557 1647 cardinalem
1587 1605 1644 1647 de
1673 1604 1889 1648 Challant
1916 1617 2031 1647 nun-

259 1677 473 1729 cupatum
497 1675 555 1719 ad
576 1675 786 1729 predicta
808 1676 949 1730 plene
971 1676 1257 1719 instructum.
1294 1676 1392 1719 Tua
1412 1689 1533 1718 nunc
1558 1677 1766 1729 interest,
1788 1679 1850 1729 ut,
1874 1688 2030 1730 quem-

258 1745 505 1788 admodum
534 1758 793 1800 speramus,
822 1746 868 1789 in
896 1747 970 1791 his
999 1750 1043 1790 te
1071 1748 1212 1790 talem
1241 1746 1481 1800 exhibeas,
1510 1747 1647 1801 quod,
1676 1747 1792 1790 sicut
1817 1746 2030 1801 premisi-

257 1829 373 1871 mus,
398 1817 565 1871 dignus
590 1818 653 1861 sis
680 1817 890 1871 accipere
917 1817 1204 1861 divinitatem
1231 1818 1438 1872 sicutque
1465 1818 1620 1860 divum
1644 1831 1729 1861 seu
1752 1818 1960 1860 divinum
1984 1821 2028 1860 te

257 1888 566 1942 appellamus,
602 1889 664 1931 ita
698 1888 839 1931 rebus
875 1889 991 1942 ipsis
1025 1893 1069 1932 te
1106 1889 1340 1932 ostendas.
1389 1889 1511 1932 Laus
1547 1889 1785 1931 individue
1821 1889 2027 1932 trinitati.

261 1958 589 2012 MCCCCXIII,
634 1958 762 2002 XIII.
809 1959 984 2003 mensis
1029 1960 1251 2004 Octobris.
1313 1960 1586 2003 Franciscus
1632 1959 1882 2003 cardinalis
1929 1960 2029 2002 Flo-

257 2030 483 2073 rentinuS.

374 2101 458 2143 Die
482 2102 633 2155 prima
658 2101 832 2144 mensis
857 2101 1067 2144 Octobris
1092 2102 1133 2145 d.
1158 2106 1318 2144 noster
1342 2103 1582 2146 eIohannes
1607 2115 1728 2156 papa
1753 2102 1925 2144 XXIII.
1950 2103 2027 2144 ha-

256 2172 352 2214 bita
375 2172 506 2226 prius
531 2172 787 2226 superinde
813 2185 914 2215 cum
938 2172 1095 2215 revmis
1122 2174 1167 2215 in
1194 2173 1299 2215 Chr.
1324 2186 1367 2227 p.
1394 2174 1435 2215 d.
1461 2176 1617 2217 sancte
1642 2173 1692 2216 R.
1717 2186 1757 2215 e.
1781 2172 2027 2216 cardinali-

255 2243 342 2286 bus
367 2246 547 2286 matura
574 2242 913 2286 deliberatione
941 2244 998 2285 de
1025 2244 1233 2286 Bononia
1260 2256 1361 2286 cum
1389 2256 1473 2286 sua
1499 2244 1626 2286 curia
1652 2244 1844 2287 recessit
1870 2247 1915 2286 et
1940 2257 2025 2298 per

255 2326 422 2367 aquam
458 2327 558 2356 cum
596 2314 830 2367 aliquibus
865 2327 923 2356 ex
960 2314 1092 2357 dictis
1127 2315 1168 2357 d.
1205 2315 1522 2358 cardinalibus
1557 2328 1724 2358 versus
1762 2315 2024 2358 Ferrariam

255 2385 344 2427 iter
366 2384 563 2438 arripuit
587 2388 631 2427 et
655 2384 826 2427 deinde
849 2385 1097 2427 Veronam.
1134 2385 1223 2427 Ubi
1247 2398 1348 2428 cum
1373 2389 1497 2428 esset
1520 2385 1678 2428 habito
1701 2399 1803 2428 cum
1826 2386 2024 2440 prefatis

253 2455 295 2498 d.
323 2455 639 2498 cardinalibus
668 2458 847 2498 maturo
874 2456 1067 2499 consilio
1096 2456 1374 2498 deliberavit
1402 2456 1723 2499 Constanciam
1752 2456 2023 2511 premittere

254 2535 420 2568 revmos
450 2526 497 2568 in
526 2526 632 2570 Chr.
661 2539 704 2581 p.
736 2526 777 2569 d.
806 2527 1058 2569 Antonium
1087 2526 1205 2569 tituli
1236 2530 1392 2570 sancte
1423 2527 1595 2570 Cecilie
1623 2528 1950 2582 presbyterum
1978 2530 2023 2570 et

253 2597 548 2640 Franciscum
580 2600 842 2640 sanctorum
873 2597 1037 2641 Cosme
1068 2601 1113 2640 et
1143 2598 1356 2640 Damiani
1388 2597 1630 2641 diaconum
1660 2611 1693 2643 s.
1725 2599 1775 2641 R.
1806 2611 1846 2641 e.
1877 2598 2022 2641 cardi-

250 2668 398 2722 nales,
431 2670 479 2711 ut
512 2680 581 2721 ea,
614 2680 703 2722 que
739 2668 796 2711 ad
829 2668 1150 2722 recepcionem
1185 2668 1226 2711 d.
1261 2670 1406 2712 nostri
1440 2682 1562 2723 pape
1595 2673 1640 2712 et
1675 2669 2020 2713 ordinacionem

252 2738 433 2781 concilii
455 2737 767 2793 pertinebant,
790 2752 891 2781 cum
915 2739 1177 2782 oratoribus
1201 2740 1325 2793 regis
1349 2740 1674 2794 Romanorum,
1698 2741 1737 2784 si
1761 2739 1825 2782 ibi
1847 2743 2020 2793 essent,

251 2808 470 2863 magistro
500 2810 668 2852 civium
699 2813 743 2852 et
774 2809 1043 2853 consulibus
1073 2810 1269 2853 civitatis
1301 2810 1576 2854 Constancie
1606 2811 1892 2854 ordinarent.
1934 2810 2019 2863 Qui

250 2879 307 2923 de
339 2880 528 2924 Verona
561 2880 638 2924 die
672 2881 782 2923 lune
814 2881 944 2923 VIII.
979 2881 1154 2924 mensis
1188 2880 1398 2923 eiusdem
1433 2881 1708 2925 recedentes
1741 2881 2019 2924 continuatis

247 2950 489 3003 gressibus
512 2951 699 2993 tandem
725 2952 799 2993 die
825 2951 1012 2995 veneris
1036 2952 1207 2993 XVIII.
1233 2952 1427 3006 predicti
1454 2953 1628 2996 mensis
1651 2953 1766 2995 hora
1788 2951 2014 3005 XVIIII¹‘)

356 3055 385 3080 a)
409 3054 436 3081 B
467 3054 625 3081 uusz'clzer.
