2227 3434
219 142 258 178 C.
298 142 376 178 Der
400 143 640 180 literarische
666 144 810 188 Kampf
834 156 896 180 um
924 146 988 180 die
1013 145 1186 191 Stellung
1212 147 1280 182 des
1307 147 1466 190 Papstes
1492 158 1576 181 zum
1605 148 1750 182 Konzil.
1785 149 1868 191 709

103 272 243 303 causa
266 259 396 314 fidei,
421 261 501 303 ubi
527 261 832 315 dubitaretur,
858 276 917 305 an
942 276 1064 317 papa
1091 267 1216 306 esset
1240 264 1474 308 hereticus
1499 265 1574 307 vel
1600 278 1693 307 non
1719 270 1764 309 et
1791 267 1868 317 sic,

104 332 256 372 utrum
279 334 407 373 esset
431 344 572 375 verus
595 345 716 386 papa
743 346 768 375 a
794 334 978 376 racione
1004 334 1122 376 tituli
1149 335 1380 388 deperditi
1406 336 1480 377 vel
1506 348 1598 377 non
1623 335 1869 389 deperditi.

102 398 237 443 Unde
267 401 491 454 sequitur,
520 403 643 455 quod
671 404 803 446 nullo
832 417 941 446 casu
969 406 1215 447 concilium
1244 409 1397 458 potest
1426 405 1554 447 ferre
1585 407 1870 449 sentenciam

103 470 417 524 deposicionis
437 476 596 515 contra
612 485 798 526 papam,
821 474 882 516 ita
904 475 1025 527 quod
1048 476 1199 528 ipsum
1221 476 1437 529 deponat,
1460 479 1530 519 set
1551 477 1700 519 solum
1722 477 1871 519 decla-

104 541 320 594 racionis,
346 555 433 595 per
457 555 595 595 quam
622 543 843 597 declarat,
872 544 1022 598 ipsum
1051 558 1156 588 esse
1185 559 1346 588 verum
1375 559 1542 600 papam
1572 548 1646 589 vel
1674 560 1767 590 non
1796 551 1872 590 aut

103 623 209 654 esse
240 611 500 666 depositum
531 615 604 655 vel
635 626 742 667 non,
773 615 895 667 quod
924 619 994 657 est
1024 620 1182 658 contra
1212 616 1519 659 determinata
1550 620 1596 660 et
1624 618 1872 671 practicata

104 681 152 724 in
176 682 262 725 isto
286 682 493 737 concilio,
519 684 565 725 in
590 697 681 737 quo
705 685 946 729 ‚Iohannes
970 687 1122 739 primo
1145 686 1289 729 fuerit
1314 700 1572 740 suspensus
1597 688 1654 730 ab
1679 688 1872 730 admini-

104 752 334 796 stracione
363 757 562 807 papatus
590 758 638 797 et
664 758 827 808 postea
856 756 1094 809 depositus
1126 770 1151 799 a
1181 761 1366 810 papatu.

222 823 445 867 Preterea
481 826 519 867 si
558 826 707 868 solum
743 826 834 869 hiis
871 827 1052 869 duobus
1090 828 1275 870 casibus
1310 828 1554 870 concilium
1590 829 1731 871 habet
1767 842 1873 871 exe-

104 893 356 948 cucionem,
377 907 536 949 quero,
558 897 683 949 quid,
699 897 742 939 si
761 910 884 950 papa
905 897 1212 940 denuncietur
1231 899 1466 941 hereticus
1487 912 1573 952 per
1592 900 1774 952 multos,
1795 900 1873 952 qui

105 964 164 1007 ad
188 965 273 1008 hoc
297 967 682 1019 conspiraverint,
707 968 918 1020 quamvis
945 968 991 1010 in
1018 969 1086 1010 rei
1111 969 1305 1011 veritate
1331 982 1424 1011 non
1451 970 1508 1012 sit
1532 970 1780 1024 hereticus,
1806 974 1875 1013 set

104 1035 327 1078 catholice
356 1037 515 1080 credat
541 1041 587 1080 et
616 1037 819 1091 legitime
848 1038 1119 1091 presideat?
1160 1040 1403 1092 Nunquam
1433 1040 1602 1093 poterit
1631 1041 1875 1082 concilium

105 1105 344 1160 inquirere
371 1110 418 1150 et
441 1108 697 1161 procedere
726 1112 885 1152 contra
911 1123 1031 1161 eum,
1056 1111 1097 1152 si
1126 1123 1219 1152 non
1246 1114 1353 1152 tunc
1380 1111 1695 1153 intollerabile
1725 1112 1875 1165 sequi-

105 1179 181 1220 tur
210 1177 558 1231 inconveniens,
593 1180 716 1232 quod
748 1183 907 1222 contra
938 1193 1121 1234 papam,
1156 1182 1233 1234 qui
1267 1184 1338 1224 est
1370 1181 1708 1234 quodammodo
1741 1186 1876 1235 caput

106 1248 236 1302 fidei,
259 1248 298 1291 si
320 1252 392 1292 est
410 1254 655 1303 suspectus
678 1251 736 1292 de
757 1251 930 1303 heresi,
952 1264 1045 1293 non
1066 1252 1215 1304 possit
1237 1253 1425 1305 procedi
1449 1265 1506 1294 eo
1525 1252 1683 1305 invito,
1705 1253 1795 1295 nisi
1820 1253 1876 1296 sit

106 1331 217 1362 vere
240 1322 288 1362 et
310 1321 490 1362 notorie
514 1320 762 1364 hereticus.
800 1321 847 1364 Si
873 1322 950 1375 sic,
974 1326 1082 1364 tunc
1108 1323 1332 1375 sequitur,
1357 1323 1481 1376 quod
1505 1323 1649 1366 tercia
1673 1323 1876 1366 assercio

106 1389 166 1433 sit
183 1389 319 1434 falsa.
355 1391 469 1434 Item
493 1404 652 1445 quero,
675 1392 799 1445 quid,
822 1393 859 1435 si
882 1406 968 1446 per
989 1393 1136 1436 falsos
1157 1396 1302 1437 testes
1323 1394 1620 1436 convincatur
1640 1394 1875 1436 hereticus

106 1465 151 1505 et
182 1462 363 1505 notorie
393 1462 642 1515 hereticus,
675 1464 887 1516 quamvis
917 1464 965 1505 in
997 1465 1065 1506 rei
1099 1465 1294 1507 veritate
1325 1477 1420 1507 non
1454 1465 1524 1517 sit,
1557 1469 1602 1509 et
1631 1465 1875 1507 concilium

105 1531 229 1575 ferat
248 1534 530 1576 sententiam
555 1537 713 1577 contra
736 1547 857 1588 eum,
881 1535 1107 1588 numquid
1130 1535 1309 1578 tenebit
1333 1536 1563 1578 sententia
1586 1539 1745 1579 contra
1768 1549 1876 1578 eum

106 1603 231 1646 lata?
282 1604 338 1647 Et
374 1604 572 1659 videtur,
611 1605 734 1658 quod
771 1618 864 1648 non
901 1619 988 1659 per
1026 1607 1217 1648 terciam
1257 1607 1586 1659 assercionem,
1623 1607 1731 1660 quia
1770 1599 1904 1649 tunc⁴

107 1673 313 1728 legitime
331 1674 542 1729 presidet
559 1679 606 1718 et
624 1676 800 1719 residet
822 1676 868 1718 in
889 1677 1101 1719 ecclesia.
1135 1677 1257 1730 Ergo
1277 1680 1360 1719 etc.
1383 1677 1429 1719 in
1449 1678 1747 1731 contrarium,
1769 1679 1877 1731 quia

108 1746 348 1789 sentencia
383 1749 453 1788 est
489 1747 582 1789 lata
618 1759 645 1789 a
681 1761 765 1790 suo
801 1747 951 1789 iudice
986 1751 1034 1790 et
1069 1760 1128 1789 ex
1164 1761 1316 1800 causa,
1354 1752 1546 1801 propter
1583 1761 1720 1801 quam
1755 1761 1877 1802 papa

106 1819 259 1869 potest
287 1816 458 1870 deponi
486 1818 560 1859 vel
592 1817 863 1860 denunciari
893 1818 1147 1872 depositus,
1176 1831 1262 1860 nec
1291 1822 1363 1861 est
1390 1819 1530 1860 iudex
1559 1820 1789 1872 superior,
1821 1819 1878 1862 ad

108 1899 246 1940 quem
279 1889 431 1941 possit
467 1889 697 1942 appellari
737 1892 814 1931 aut
850 1890 988 1932 aliter
1023 1892 1235 1931 constare
1275 1889 1332 1932 de
1371 1889 1576 1932 falsitate
1612 1890 1878 1943 testimonii,

108 1961 158 2000 ut
177 1970 403 2012 suppono.
436 1959 559 2012 Ergo
577 1960 685 2002 talis
706 1959 937 2002 sententia
958 1959 1069 2003 facit
1088 1960 1159 2002 ius
1181 1961 1228 2001 in
1250 1960 1354 2002 foro
1374 1960 1612 2013 exteriori,
1634 1960 1750 2013 dico,
1771 1960 1878 2013 quia

109 2028 167 2071 de
198 2029 286 2072 isto
315 2029 561 2082 loquimur.
609 2030 721 2072 Item
752 2043 935 2084 ponam,
967 2031 1089 2084 quod
1121 2031 1363 2072 concilium
1395 2031 1507 2073 velit
1537 2031 1801 2084 malignari;
1835 2034 1879 2073 et

109 2100 320 2152 quamvis
349 2100 521 2143 habeat
552 2101 670 2144 alias
702 2114 879 2154 causas,
913 2106 1104 2155 propter
1138 2114 1254 2154 quas
1286 2101 1481 2144 deberet
1512 2102 1678 2144 merito
1709 2114 1879 2155 papam

110 2169 281 2224 deponi
314 2171 389 2213 vel
422 2171 565 2213 eciam
597 2184 691 2214 non
723 2172 907 2225 habeat,
941 2176 1095 2215 tamen
1128 2173 1311 2225 timens,
1344 2185 1403 2214 ne
1434 2173 1584 2225 possit
1614 2172 1658 2214 ei
1692 2173 1878 2226 opponi,

110 2241 233 2294 quod
262 2241 362 2285 sine
392 2254 531 2284 causa
560 2243 633 2284 vel
663 2255 723 2285 ex
753 2242 846 2286 illis
875 2244 1028 2285 causis
1055 2256 1149 2285 non
1179 2246 1330 2296 potest
1358 2256 1479 2296 papa
1510 2243 1808 2296 deponi‚facit
1836 2243 1879 2284 ei

111 2312 286 2354 moveri
319 2325 504 2356 causam
535 2313 719 2357 heresis
751 2317 796 2356 et
827 2314 1004 2366 absque
1039 2313 1129 2356 alia
1162 2314 1444 2366 probacione
1477 2314 1569 2356 fert
1602 2314 1880 2356 sententiam

109 2382 424 2436 deposicionis
449 2387 609 2426 contra
636 2397 757 2437 eum,
786 2387 1020 2437 tamquam
1050 2384 1107 2427 sit
1134 2384 1382 2437 hereticus,
1412 2397 1494 2427 seu
1525 2384 1878 2435 declaracionis;

111 2454 335 2507 numquid
364 2454 470 2497 talis
499 2455 737 2498 sentencia
766 2455 875 2497 facit
905 2456 1005 2497 ius‘?
1050 2456 1105 2497 Et
1133 2455 1316 2497 videtur
1343 2455 1660 2507 communiter,
1691 2455 1804 2497 sicut
1835 2455 1879 2496 in

112 2524 258 2577 priori
289 2524 448 2584 dubio,
484 2525 607 2578 quod
642 2539 753 2577 non;
790 2538 875 2579 per
911 2526 1044 2568 istam
1079 2526 1268 2568 terciam
1305 2527 1608 2578 asercionem,
1644 2525 1766 2578 quod
1803 2526 1880 2577 sic,

114 2595 223 2648 quia
254 2596 346 2639 lata
374 2599 449 2638 est
479 2609 503 2638 a
532 2609 620 2638 suo
649 2596 813 2650 iudice,
845 2597 921 2649 qui
955 2609 1047 2638 non
1079 2597 1219 2638 habet
1252 2597 1298 2638 in
1331 2600 1455 2638 terra
1486 2596 1791 2649 superiorem,
1824 2595 1881 2638 ad

115 2678 251 2719 quem
281 2667 430 2720 possit
460 2667 690 2720 appellari
721 2671 768 2710 et
797 2680 951 2709 coram
984 2680 1074 2720 quo
1104 2668 1251 2720 possit
1283 2667 1453 2720 opponi
1486 2667 1558 2709 vel
1591 2670 1747 2708 contra
1779 2679 1882 2719 pro-

113 2749 296 2780 cessum
316 2738 389 2779 vel
413 2741 573 2780 contra
593 2738 878 2780 sentenciam
899 2750 986 2780 nec
1008 2737 1107 2791 ipse
1133 2738 1273 2779 iudex
1296 2738 1393 2781 vult
1415 2749 1516 2779 eam
1539 2749 1759 2778 revocare
1784 2770 1792 2778 .
1828 2770 1836 2777 .
1872 2770 1880 2777 .

116 2807 239 2861 Ergo
263 2810 347 2850 etc.

234 2878 290 2920 Et
309 2891 370 2920 ex
395 2878 482 2920 isto
504 2879 715 2931 sequitur
737 2879 946 2930 ulterius,
970 2879 1092 2931 quod
1115 2878 1372 2931 concilium,
1396 2877 1583 2930 quando
1605 2878 1714 2928 vult,
1737 2876 1881 2918 eciam

117 2948 218 2990 sine
246 2961 387 2991 causa
415 2961 498 2990 seu
527 2948 627 2991 sine
657 2949 791 3001 culpa
820 2961 987 3002 papam
1017 2948 1254 3001 deponere
1291 2947 1504 3001 [potest]‚
1533 2947 1653 2999 quod
1683 2950 1754 2989 est
1781 2959 1883 2987 con-

118 3021 188 3062 tra
224 3019 416 3062 terciam
454 3023 500 3063 et
536 3022 746 3073 quartam
784 3019 1089 3062 asserciones.
1141 3019 1362 3060 Preterea
1402 3018 1518 3060 sicut
1556 3016 1704 3059 innuit
1741 3016 1882 3058 tercia
