2102 3444
256 126 342 168 216
792 124 817 159 1.
845 124 1054 160 Abschnitt.
1094 123 1494 169 Konzilstagebiicher.

260 256 436 297 suoque
461 243 615 297 sigillo
637 242 902 296 sigillatum,
926 244 971 285 in
995 243 1164 296 quibus
1185 243 1448 297 cavebatur,
1472 244 1608 297 quod,
1633 245 1669 287 si
1695 244 1735 285 d.
1758 256 1843 285 rex
1864 243 2027 286 Roma-

260 327 424 357 norum
461 314 733 368 disponeret
768 317 812 356 et
848 315 990 356 vellet
1026 314 1070 355 in
1109 317 1318 367 tempore
1355 314 1675 357 constituendo
1712 327 1812 356 cum
1849 314 2026 357 eisdem

261 386 398 428 Petro
423 385 481 427 de
505 385 635 427 Luna
660 388 704 426 et
729 398 838 438 rege
864 385 1129 438 Aragonum
1157 385 1203 426 in
1228 385 1353 427 Nicia
1379 385 1477 427 sive
1502 385 1547 427 in
1573 385 1696 427 Villa
1723 385 1899 428 Franca
1924 397 2027 427 con-

260 457 436 509 venire,
463 459 672 498 oratores
697 455 892 509 predicti
920 455 1126 508 ipsorum
1155 456 1279 497 Petri
1305 456 1362 498 de
1389 456 1517 498 Luna
1543 460 1588 498 et
1612 456 1736 509 regis
1760 456 2027 510 Aragonum

260 528 447 570 nomine
482 530 674 581 possent
708 526 979 580 promittere
1014 530 1058 568 et
1094 526 1263 579 iurare,
1299 527 1422 580 quod
1456 526 1543 580 ipsi
1581 526 1793 569 similiter
1827 526 1874 568 in
1907 526 2028 569 dicto

258 601 468 652 tempore
498 598 814 639 convenirent.
856 598 952 650 Que
982 597 1169 650 quidem
1198 597 1414 640 mandata
1442 597 1654 651 prefatus
1683 597 1725 639 d.
1756 609 1840 639 rex
1867 597 2030 640 Roma-

261 681 426 711 norum
461 668 507 710 in
541 668 777 722 publicum
810 669 903 721 legi
939 669 1091 721 iussi-‘3
1127 668 1296 721 quibus
1329 668 1460 711 lectis
1495 668 1536 710 d.
1572 668 1836 711 cardinales
1869 671 1915 710 et
1949 668 2027 710 alii

259 740 429 793 prelati
462 739 663 782 eundem
695 739 736 781 d.
770 751 928 793 regem
961 739 1191 781 exhortati
1225 742 1344 793 sunt,
1376 742 1437 793 ut,
1471 738 1860 792 quemadmodum
1892 738 2030 781 huius

259 811 524 867 desiderate
557 810 746 853 unionis
779 814 825 853 et
856 809 1240 863 reintegracionis
1274 811 1472 853 ecclesie
1506 810 1606 863 ipse
1641 809 1828 851 inicium
1862 809 2030 862 fuerat,

260 883 321 924 ita
347 881 618 935 dignaretur
643 894 750 924 esse
776 881 978 924 medium
1005 885 1141 934 atque
1167 881 1281 924 finis
1305 884 1350 923 et
1374 894 1459 934 pro
1484 884 1610 923 tanto
1635 882 1758 923 bono
1781 880 1954 923 Niciam
1980 893 2030 922 se

260 951 520 995 transferre
551 951 835 1005 disponeret.
881 952 985 1005 Ipse
1015 955 1169 995 autem
1199 952 1240 994 d.
1272 965 1355 994 rex
1384 953 1594 1006 graciose
1624 951 1879 1005 respondit,
1909 950 2031 1005 quod

261 1037 346 1077 pro
383 1023 695 1066 sacratissima
730 1023 903 1065 unione
938 1023 1108 1065 nedum
1146 1023 1318 1066 Niciam
1357 1036 1406 1065 se
1442 1023 1719 1075 transferre,
1756 1022 1840 1065 sed
1876 1035 2032 1076 quem-

261 1106 441 1148 cunque
471 1093 680 1136 laborem
708 1097 756 1136 et
785 1094 1092 1147 quodcunque
1122 1094 1381 1147 periculum
1409 1094 1548 1136 etiam
1577 1093 1738 1136 mortis
1767 1093 1926 1136 subire
1955 1105 2033 1147 pa-

261 1168 388 1208 ratus
410 1168 523 1208 erat.
559 1165 651 1208 Sed
673 1166 800 1208 solus
822 1165 930 1207 illuc
952 1165 1020 1207 ire
1042 1165 1249 1218 nolebat3
1274 1165 1461 1208 volebat
1481 1166 1654 1208 etenim
1678 1177 1833 1208 secum
1855 1164 2032 1207 habere

261 1237 409 1280 socios
436 1236 616 1290 aliquos
643 1250 701 1279 ex
729 1237 769 1278 d.
796 1236 1114 1279 cardinalibus
1140 1240 1185 1278 et
1209 1236 1403 1290 prelatis
1431 1237 1476 1278 in
1503 1236 1698 1279 concilio
1722 1235 2033 1278 existentibus

260 1308 437 1361 peritos
464 1311 508 1351 et
534 1308 705 1361 doctos,
732 1311 781 1350 ut
805 1307 997 1361 negocia
1024 1307 1241 1361 agitanda
1267 1307 1441 1350 ibidem
1467 1307 1739 1361 prudenter,
1765 1306 1961 1349 iuridice
1988 1309 2033 1348 et

259 1392 487 1433 prospere
514 1379 847 1432 dirigerentur,
874 1382 979 1432 post
1002 1380 1087 1421 hec
1103 1378 1160 1420 de
1175 1382 1385 1432 tempore
1412 1382 1457 1421 et
1473 1379 1585 1421 locis
1601 1377 1928 1420 convencionis
1944 1377 2034 1420 dis-

262 1454 448 1505 ceptare
483 1453 720 1504 ceperunt.
757 1450 908 1504 Super
942 1450 1110 1504 quibus
1143 1450 1301 1493 habita
1335 1450 1527 1503 aliquali
1562 1448 1904 1503 disceptacione
1937 1452 2034 1491 tan-

262 1522 367 1564 dem
391 1522 657 1564 conclusum
681 1525 764 1575 est,
789 1522 912 1575 quod
933 1534 1019 1575 per
1041 1524 1185 1564 totum
1209 1534 1416 1563 mensem
1440 1521 1567 1563 Junii
1591 1520 1804 1574 proxime
1825 1519 2034 1562 futurum

263 1593 304 1636 d.
333 1605 417 1635 rex
443 1593 755 1635 Romanorum
783 1594 830 1634 in
856 1592 982 1635 Nicia
1008 1596 1053 1635 et
1079 1592 1120 1635 d.
1147 1593 1314 1635 Petrus
1342 1592 1398 1634 de
1426 1591 1558 1634 Luna
1583 1594 1630 1634 et
1655 1604 1740 1633 rex
1766 1591 2034 1645 Aragonum

262 1664 309 1706 in
334 1665 460 1707 Villa
487 1664 522 1706 F
525 1677 665 1707 ranca
690 1664 940 1706 convenire
967 1664 1208 1706 deberent.
1247 1664 1302 1706 Et
1326 1663 1388 1706 ita
1414 1663 1456 1705 d.
1484 1676 1569 1705 rex
1594 1663 1906 1705 Romanorum
1930 1674 2034 1716 pro-

262 1735 387 1778 misit
414 1735 500 1778 sub
528 1736 802 1788 iuramento,
831 1739 876 1778 et
904 1737 1114 1777 oratores
1142 1735 1268 1777 Petri
1298 1735 1355 1777 de
1384 1734 1514 1777 Luna
1543 1737 1587 1776 et
1615 1733 1740 1788 regis
1766 1733 2034 1787 Aragonum

263 1806 477 1849 similiter
505 1806 820 1859 promiserunt
850 1810 896 1849 et
924 1806 1209 1849 iuraverunt.
1252 1806 1307 1849 Et
1336 1806 1392 1848 de
1422 1805 1687 1848 huiusmodi
1716 1803 2035 1858 promissioni-

262 1878 348 1920 bus
377 1882 422 1921 et
450 1878 723 1920 iuramentis
753 1878 792 1922 d.
824 1878 1090 1931 prepositus
1118 1877 1416 1931 Alberegalis
1445 1890 1530 1930 pro
1558 1879 1691 1930 parte
1720 1876 1845 1930 regis
1873 1876 2035 1918 Roma—

262 1962 427 1991 norum
460 1950 715 2002 pluresque
748 1949 915 1991 notarii
952 1949 1125 1991 ibidem
1161 1952 1365 1991 astantes
1400 1949 1547 2002 rogati
1580 1948 1786 1990 fuerunt.
1837 1947 2035 2000 Insuper

263 2020 500 2074 predictus
534 2020 574 2065 d.
610 2033 695 2062 rex
727 2021 1038 2062 Romanorum
1073 2020 1263 2062 eosdem
1298 2023 1508 2062 oratores
1541 2019 1733 2073 rogavit,
1767 2019 1806 2061 si
1839 2031 1925 2072 pro
1958 2015 2036 2061 ad-

264 2095 404 2134 ventu
426 2091 739 2145 predictorum
764 2091 889 2133 Petri
913 2092 969 2133 de
995 2091 1125 2133 Luna
1147 2094 1193 2133 et
1214 2091 1338 2144 regis
1362 2091 1629 2144 Aragonum
1653 2090 1830 2132 vellent
1852 2089 2034 2142 aliquas

264 2163 537 2206 securitates
559 2162 755 2214 habere;
782 2163 869 2216 ipsi
896 2165 1047 2204 autem
1073 2162 1431 2215 responderunt,
1457 2161 1579 2215 quod
1604 2162 1758 2204 salvos
1782 2160 2034 2203 conductus

264 2247 289 2276 a
324 2234 365 2276 d.
402 2246 511 2287 rege
547 2233 795 2286 Ludouico,
830 2234 871 2275 d.
907 2234 1070 2276 comite
1105 2233 1337 2276 Sabaudie
1373 2236 1418 2275 et
1451 2232 1776 2275 communitate
1815 2231 2033 2274 Ianuensi

263 2305 439 2347 habere
469 2304 705 2357 volebant3
738 2305 907 2357 quibus
937 2305 978 2346 d.
1010 2317 1094 2346 rex
1124 2304 1435 2346 Romanorum
1468 2302 1723 2357 respondit,
1755 2302 1878 2356 quod
1905 2304 2035 2356 puta-

264 2376 354 2429 bat,
387 2376 510 2429 quod
541 2389 626 2418 rex
660 2375 922 2418 Ludouicus
956 2376 1135 2418 salvum
1167 2375 1441 2417 conductum
1473 2374 1736 2417 liberaliter
1768 2374 2032 2425 exhiberet;

263 2447 319 2489 de
355 2447 517 2490 comite
551 2447 784 2490 Sabaudie
818 2450 970 2490 certus
1003 2450 1116 2499 erat,
1151 2447 1273 2499 quod
1306 2446 1496 2498 faceret,
1530 2445 1755 2499 quidquid
1788 2446 1944 2498 vellet,
1977 2444 2034 2485 de

264 2518 589 2561 communitate
616 2522 768 2561 autem
795 2519 1021 2561 Januensi
1049 2518 1290 2560 dubitabat
1317 2520 1503 2570 attento,
1531 2517 1653 2571 quod
1679 2520 1780 2560 erat
1805 2516 1852 2558 in
1879 2515 2032 2559 armis.

264 2590 355 2633 Sed
386 2593 595 2633 oratores
626 2590 750 2643 regis
781 2589 1002 2632 Ludouici
1031 2592 1134 2642 post
1164 2589 1368 2641 aliquale
1400 2588 1679 2641 colloquium
1712 2590 1957 2641 surgentes
1987 2587 2033 2629 in

265 2661 419 2704 medio
453 2661 672 2703 dixerunt
707 2661 748 2703 d.
786 2661 885 2714 regi
918 2660 1244 2713 Romanorum,
1279 2660 1402 2713 quod
1438 2673 1521 2701 rex
1556 2659 1820 2702 Ludouicus
1855 2659 2033 2701 salvum

265 2733 539 2775 conductum
560 2732 698 2774 Petro
719 2732 776 2774 de
799 2732 929 2774 Luna
950 2735 994 2774 et
1015 2732 1110 2784 regi
1136 2731 1402 2784 Aragonum
1423 2730 1747 2784 plenissimum
1768 2729 2032 2781 exhiberet;

266 2804 479 2846 similiter
515 2806 724 2846 oratores
760 2804 938 2846 comitis
974 2802 1205 2845 Sabaudie
1241 2802 1523 2844 obtulerunt.
1573 2802 1624 2843 D.
1661 2802 1855 2854 insuper
1889 2799 2034 2843 archi·
2073 2827 2076 2828 ν

265 2875 513 2928 episcopus
549 2874 795 2917 Ianuensis
829 2875 875 2915 in
910 2873 1063 2916 medio
1096 2886 1293 2926 surgens
1329 2873 1457 2925 dixit,
1492 2873 1614 2926 quod
1650 2886 1675 2915 a
1708 2871 2034 2914 communitate

268 2947 486 2988 Ianuensi
516 2946 783 2988 mandatum
812 2944 1057 2987 sufficiens
1083 2945 1285 2986 habebat
1313 2944 1515 2986 faciendi
1545 2947 1589 2986 et
1617 2942 1915 2997 promittendi
1943 2954 2035 2985 om-

265 3016 355 3070 nia,
383 3029 472 3071 que
500 3020 633 3060 erant
661 3016 969 3072 expediencia
997 3015 1055 3059 ad
1083 3015 1302 3059 unionem
1330 3015 1527 3058 ecclesie
1557 3017 1714 3060 sancte
1742 3014 1847 3067 Dei3
1877 3014 2032 3069 itaque
