2227 3434
560 193 598 227 B.
645 192 724 228 Der
755 192 854 227 liber
886 195 1081 236 gestorum
1115 193 1184 226 des
1217 190 1458 226 Cerretanus.
1790 192 1873 234 301

108 313 299 364 propter
331 310 457 363 regis
488 309 693 352 Ladislai
725 310 914 363 obitum,
946 310 1197 353 nonnullas
1230 310 1369 352 etiam
1401 309 1598 351 ecclesie
1630 312 1780 351 terras
1812 309 1877 350 in-

109 381 263 423 debite
295 381 576 434 occupantis,
609 381 667 423 ad
700 394 895 434 quarum
926 380 1336 434 recuperacionem
1368 380 1605 433 predictus
1639 380 1878 422 Johannes

108 452 294 505 penitus
325 451 600 504 attenderet,
630 452 889 504 predictum
920 451 1165 493 concilium
1197 451 1390 493 deberet
1420 463 1505 504 per
1535 450 1737 492 eundem
1768 454 1878 492 tota-

110 522 218 565 liter
257 522 513 576 prorogari.
567 522 740 564 Verum
781 526 1002 575 percepto
1040 522 1348 575 postmodum,
1389 521 1513 574 quod
1552 521 1764 574 prefatus
1805 522 1878 563 Jo-

110 594 290 636 hannes
331 596 489 635 contra
529 593 795 635 huiusmodi
838 593 1149 635 intencionem
1190 593 1248 634 ad
1289 595 1593 634 memoratum
1634 593 1877 634 concilium

110 663 442 706 celebrandum
471 663 529 706 ad
555 664 673 705 hanc
700 663 864 705 urbem
892 667 1183 716 perrexerat,
1212 666 1385 705 attento
1413 663 1535 716 quod
1560 663 1682 706 bone
1711 675 1879 704 memo-

111 734 178 776 rie
210 735 251 777 d.
283 733 534 777 cardinalis
566 734 902 776 Ulixbonensis
932 738 978 776 et
1008 734 1050 776 d.
1084 734 1410 777 Ferdinandus
1441 735 1689 787 episcopus
1721 734 1879 775 Portu-

109 805 331 858 galensis,
361 805 509 858 ipsius
540 805 581 847 d.
612 806 736 858 regis
766 818 928 858 nepos,
959 817 1078 847 unus
1108 805 1180 847 hic
1211 809 1256 846 et
1286 805 1404 847 alter
1435 808 1568 846 erant
1596 805 1644 846 in
1672 804 1879 847 Bononia

110 876 343 918 constituti
375 876 665 929 predictique
700 876 771 918 sui
804 876 1166 918 ambassiatores
1198 888 1292 917 non
1323 879 1536 929 poterant
1570 877 1633 918 ita
1665 876 1752 917 cito
1785 879 1880 917 tum

111 950 302 1000 propter
328 946 508 988 viarum
537 947 802 989 distantiam
832 950 927 988 tum
955 950 1146 1000 propter
1177 947 1398 1000 temporis
1428 947 1703 988 brevitatem
1732 946 1778 987 in
1807 959 1881 988 eo-

111 1017 217 1059 dem
245 1017 453 1070 concilio,
481 1021 617 1071 prout
646 1018 825 1071 negocii
854 1017 1104 1060 celebritas
1133 1017 1363 1070 exigebat,
1395 1018 1624 1059 interesse
1653 1017 1879 1059 cardinali

110 1091 155 1130 et
181 1088 403 1142 episcopo
428 1088 665 1142 predictis,
694 1101 802 1131 suas
831 1089 1024 1141 litteras,
1053 1089 1269 1141 quatinus
1296 1101 1414 1138 onus
1443 1089 1804 1141 procuracionis,
1833 1091 1881 1129 ut

113 1160 159 1201 in
184 1159 350 1202 eodem
375 1159 569 1202 concilio
594 1173 676 1202 suo
702 1160 887 1202 nomine
916 1160 1213 1211 interessent,
1240 1160 1412 1201 direxit
1438 1159 1731 1201 sufficiencia
1757 1171 1881 1200 man-

113 1230 219 1273 data
240 1230 420 1272 eisdem
441 1231 500 1273 ad
522 1231 606 1272 hoc
629 1230 919 1272 destinando.
955 1231 1009 1272 Et
1032 1230 1206 1284 accidit,
1230 1231 1353 1283 quod
1376 1230 1459 1282 illi,
1483 1243 1568 1284 per
1589 1243 1705 1284 quos
1726 1230 1882 1271 huius-

112 1301 234 1344 modi
263 1301 480 1344 mandata
509 1302 771 1354 destinavit,
802 1315 903 1343 cum
933 1315 1053 1344 unus
1082 1302 1140 1344 ad
1168 1303 1285 1343 hanc
1314 1301 1558 1353 civitatem,
1589 1302 1707 1343 alter
1737 1301 1882 1342 Bono-

111 1372 234 1414 niam
265 1373 586 1426 accessissent,
616 1373 901 1416 cardinalem
931 1376 976 1414 et
1004 1373 1275 1426 episcopum
1306 1376 1584 1414 memoratos
1613 1372 1882 1414 nullatenus

111 1442 404 1486 invenerunt.
447 1443 739 1497 Quapropter
767 1444 965 1497 predicti
996 1444 1037 1486 d.
1069 1444 1194 1497 regis
1223 1444 1424 1485 intencio
1455 1456 1538 1486 suo
1568 1443 1766 1485 frustata
1795 1442 1883 1484 fuit

112 1514 301 1557 effectu.
351 1514 568 1557 Ceterum
604 1527 793 1557 recessu
830 1515 1083 1558 cardinalis
1120 1518 1165 1557 et
1201 1515 1407 1568 episcopi
1443 1514 1757 1567 predictorum
1794 1513 1882 1556 sibi

113 1584 346 1628 insinuato
378 1585 577 1639 aliisque
610 1585 1025 1629 ambassiatoribus
1058 1599 1142 1638 per
1175 1598 1280 1627 eum
1317 1587 1483 1628 iterum
1516 1584 1750 1638 deputatis
1779 1596 1882 1638 pre-

114 1656 238 1699 fatus
273 1656 315 1698 d.
350 1669 435 1698 rex
467 1669 562 1699 non
596 1657 772 1710 absque
810 1657 879 1699 sui
915 1657 1056 1699 animi
1093 1657 1306 1699 molestia
1342 1660 1388 1698 et
1422 1669 1616 1698 rancore
1652 1654 1884 1698 certitudi-

113 1726 283 1771 naliter
307 1727 516 1781 percepit
542 1730 846 1769 memoratum
873 1727 1134 1769 Johannem
1162 1728 1219 1769 ab
1245 1728 1329 1769 hoc
1356 1728 1478 1769 almo
1504 1726 1697 1769 concilio
1723 1726 1884 1779 nequi·

114 1800 184 1840 ter
214 1798 469 1841 recessisse
500 1811 551 1841 ac
581 1799 704 1852 quod
734 1798 1079 1841 illustrissimus
1109 1798 1421 1840 Romanorum
1452 1810 1537 1840 rex
1567 1797 1627 1840 ad
1656 1797 1884 1850 Hyspani-

114 1880 245 1911 arum
274 1872 433 1922 partes
462 1873 654 1923 propter
686 1869 1131 1912 desideratissimam
1163 1870 1384 1911 unionem
1415 1868 1637 1911 accedere
1669 1868 1884 1921 dispone-

114 1939 204 1993 bat,
235 1940 450 1994 quodque
480 1939 739 1993 predictum
767 1941 1009 1994 negocium
1039 1944 1131 1982 tam
1161 1943 1352 1993 propter
1381 1940 1529 1993 ipsius
1558 1939 1784 1982 Johannis
1814 1951 1884 1980 re-

113 2022 296 2053 cessum
323 2023 462 2064 quam
489 2015 682 2065 propter
710 2011 907 2064 predicti
935 2011 976 2053 d.
1007 2011 1319 2053 Romanorum
1348 2011 1475 2064 reg-is
1504 2010 1753 2052 adventum
1780 2022 1884 2062 pro-

115 2082 378 2135 rogabatur,
405 2082 617 2135 prefatus
644 2082 685 2124 d.
713 2082 980 2136 Portugalie
1007 2085 1051 2124 et
1077 2081 1287 2135 Algarbii
1314 2094 1398 2123 rex
1424 2094 1517 2124 non
1545 2080 1775 2134 disposuit
1799 2093 1884 2133 pro

114 2155 220 2194 tunc
248 2152 610 2196 ambassiatores
639 2153 756 2196 alios
784 2153 842 2195 ad
869 2152 1128 2206 predictum
1157 2152 1401 2194 concilium
1430 2151 1685 2204 destinare3
1716 2151 1801 2194 sed
1827 2150 1884 2193 ad

115 2223 312 2266 classem
345 2227 390 2266 et
421 2227 659 2277 armatam,
692 2236 829 2277 quam
862 2223 920 2265 ob
953 2224 1099 2266 nostri
1133 2222 1443 2276 redemptoris
1475 2226 1520 2265 et
1552 2223 1653 2265 eius
1686 2222 1882 2264 ecclesie

115 2293 389 2347 obsequium
417 2295 582 2348 suique
608 2295 798 2348 gloriosi
825 2295 1027 2337 nominis
1053 2294 1407 2347 ampliacionem
1434 2306 1604 2347 parare
1633 2294 1884 2346 inceperat,

117 2366 308 2408 summis
344 2365 508 2408 studiis
543 2365 784 2407 attendere
822 2365 1008 2409 curavit.
1060 2365 1173 2407 Cum
1210 2378 1314 2418 qua,
1350 2369 1399 2407 ut
1436 2364 1662 2406 altissimo
1698 2363 1883 2416 placuit,

116 2436 346 2478 civitatem
383 2435 527 2489 Cepta
563 2439 889 2489 nuncupatam,
928 2436 986 2477 ad
1022 2435 1152 2478 cuius
1189 2438 1371 2489 portum
1411 2435 1646 2488 applicuit,
1685 2433 1885 2476 feliciter

117 2505 383 2559 debellavit,
405 2506 522 2549 adeo
543 2507 668 2559 quod
687 2506 923 2559 dampnati
950 2506 1189 2548 Macumeti
1211 2507 1398 2548 nomine
1421 2507 1479 2548 ab
1498 2518 1554 2547 ea
1574 2505 1721 2547 eiecto
1740 2508 1785 2546 et
1807 2517 1884 2545 ex-

116 2577 310 2630 stirpato
344 2576 556 2620 Christus
589 2577 728 2619 hodie
759 2577 807 2618 in
839 2589 896 2619 ea
930 2577 1093 2619 colitur
1126 2580 1171 2618 et
1205 2577 1438 2629 adoratur,
1473 2576 1596 2629 quod
1629 2574 1883 2617 universali

116 2647 312 2690 ecclesie
347 2648 520 2701 totique
557 2648 730 2701 populo
766 2647 1016 2690 christiano
1052 2648 1110 2690 ad
1148 2648 1313 2700 ingens
1348 2646 1566 2700 gaudium
1602 2649 1647 2687 et
1684 2645 1881 2687 leticiam

118 2718 281 2760 merito
308 2718 476 2760 cedere
503 2718 656 2771 debet,
683 2718 899 2771 quoniam
928 2730 1012 2771 per
1039 2717 1237 2760 eandem
1264 2717 1494 2759 civitatem
1521 2718 1636 2758 mari
1665 2719 1882 2768 terraque

116 2789 365 2841 potentem,
399 2801 489 2841 que
523 2792 685 2841 portus
717 2793 762 2832 et
795 2789 939 2831 clavis
973 2792 1042 2830 est
1076 2789 1222 2831 tocius
1255 2788 1427 2840 Africe,
1461 2787 1753 2839 omnipotens
1788 2784 1883 2828 suis

117 2857 373 2901 christcolis
401 2860 584 2912 aperuit
611 2859 746 2913 viam,
774 2862 822 2901 ut
850 2871 935 2912 per
963 2871 1066 2901 eam
1094 2859 1151 2901 ad
1181 2859 1439 2901 animarum
1469 2869 1657 2900 suarum
1686 2857 1880 2898 salutem

117 2927 384 2980 gradientes
415 2933 572 2972 contra
605 2930 794 2972 eosdem
826 2930 1110 2972 Sarracenos
1145 2930 1262 2970 bene
1296 2929 1481 2970 valeant
1512 2927 1712 2980 operari.
1756 2927 1883 2968 Nunc

119 3001 271 3042 autem
306 2999 521 3052 prefatus
560 3001 602 3042 d.
640 3000 905 3054 Portugalie
945 3003 988 3042 et
1027 2999 1237 3052 Algarbii
1275 3011 1358 3040 rex
1397 3011 1483 3041 nos
1521 2998 1881 3040 ambassiatores

122 3078 230 3111 suos
261 3069 319 3111 ad
349 3070 434 3112 hoc
466 3082 647 3113 sacrum
680 3070 923 3112 concilium
955 3083 1056 3112 cum
1090 3069 1346 3112 sufficienti
1381 3067 1596 3110 mandato
1629 3067 1687 3109 ad
1720 3079 1884 3119 appro-
