2227 3434
535 162 578 196 A.
618 161 816 196 Fillastres
845 161 960 196 Gesta
987 161 1138 196 concilii
1165 160 1479 196 Constantiensis.
1807 162 1891 204 143

124 282 231 321 runt
261 282 416 321 tamen
445 291 539 321 non
571 280 692 321 ultra
725 279 947 321 recedere
981 292 1129 332 usque
1162 279 1220 321 ad
1252 282 1426 321 certum
1458 282 1654 332 tempus.
1700 278 1791 321 Sed
1822 291 1892 320 re-

123 361 288 392 versus
314 349 402 391 fuit
427 349 631 392 decanus
658 349 971 402 Segobiensis,
1015 349 1204 391 Interim
1230 351 1372 391 multe
1400 349 1731 392 tribulaciones
1759 352 1892 391 erant

125 419 171 460 in
204 420 399 462 concilio
430 423 476 462 et
507 432 629 473 pene
663 419 939 472 desperacio
970 420 1169 462 unionis.
1216 420 1383 462 Plures
1415 420 1639 462 timebant
1671 420 1891 471 dicentes,

123 490 247 543 quod
275 490 440 533 amodo
467 502 561 532 non
589 493 690 532 erat
718 490 1010 543 cogitandum
1041 490 1097 532 de
1127 491 1300 532 unione
1330 494 1399 533 set
1426 490 1483 531 de
1513 490 1759 532 securitate
1789 502 1892 543 per-

124 572 357 603 sonarum.
400 561 455 603 Et
484 561 617 603 nacio
649 560 898 603 Germanic
931 561 1080 603 stabat
1111 561 1249 603 firma
1279 573 1379 602 cum
1413 573 1523 614 rege
1554 564 1599 603 et
1629 561 1691 603 ita
1721 561 1893 614 Arago-

121 643 296 674 nenses
326 634 372 673 et
400 631 762 684 Portugalenses
793 631 1029 684 ceterique
1060 632 1158 685 regi
1189 631 1472 674 adherentes
1502 631 1768 684 gaudebant
1796 644 1892 673 cre-

123 701 288 745 dentes
313 702 468 745 omnia
491 704 800 757 superasse.²¹)

242 772 327 815 Die
351 772 568 814 mercurii
592 772 771 815 decima
795 773 955 825 quinta
979 772 1268 826 Septembris
1292 776 1521 814 venerunt
1547 772 1604 815 ad
1628 772 1892 815 cardinales

122 846 425 896 congregatos
458 844 627 897 prelati
662 844 823 897 plures
856 843 897 884 X
931 855 1126 885 numero
1161 843 1368 896 abbates,
1405 843 1616 885 doctores
1651 846 1695 885 et
1729 844 1809 885 alii
1846 844 1892 884 in

122 914 416 956 multitudine
447 914 504 955 de
532 914 727 956 nacione
757 914 972 956 Almanie
1001 917 1047 956 et
1074 927 1133 955 ex
1161 917 1294 967 parte
1324 913 1450 956 illius
1478 914 1687 957 nacionis
1717 914 1775 956 ad
1803 914 1892 956 col-

122 984 294 1038 legium
333 984 640 1026 cardinalium
679 988 724 1026 et
762 984 862 1027 sine
902 984 993 1027 alia
1030 984 1355 1037 proposicione
1396 985 1589 1026 materie
1627 985 1893 1038 petiverunt

122 1054 286 1097 audire
313 1056 405 1109 legi
430 1068 570 1097 unam
597 1056 888 1109 scripturam,
915 1056 1039 1108 quod
1064 1055 1152 1097 fuit
1177 1068 1460 1097 concessum.
1502 1056 1555 1097 Et
1582 1055 1710 1097 illam
1735 1053 1888 1109 legit'‘)

121 1125 369 1180 episcopus
405 1126 781 1179 Marsburgensis
815 1126 1046 1180 prolixam
1083 1126 1234 1179 valde,
1272 1126 1318 1167 in
1354 1126 1530 1168 effectu
1565 1127 1892 1178 continentem,

123 1197 245 1250 quod
270 1197 534 1239 cardinales
560 1200 604 1238 et
629 1197 830 1239 maxime
858 1196 1044 1250 quidam
1070 1209 1129 1238 ex
1156 1197 1249 1240 illis
1276 1198 1521 1239 voluerunt
1547 1209 1705 1250 regem
1731 1197 1892 1239 Roma-

121 1279 286 1309 norum
318 1270 363 1309 et
396 1268 524 1310 illam
556 1268 800 1309 nacionem
835 1267 1160 1310 Germanicam
1192 1267 1453 1309 hereticare
1489 1268 1574 1310 sub
1608 1268 1689 1310 illo
1722 1268 1892 1319 colore,

124 1338 247 1392 quod
290 1338 596 1392 preferebant
639 1338 1027 1380 reformacionem
1072 1339 1265 1380 materie
1309 1339 1560 1380 eleccionis
1603 1342 1649 1381 et
1691 1339 1892 1380 maxime

122 1411 314 1462 propter
338 1409 711 1462 proposicionem
737 1412 782 1451 et
807 1408 1166 1462 requisicionem
1193 1409 1571 1462 suprascriptam,
1597 1421 1687 1461 que
1713 1408 1889 1462 incipit:

123 1479 349 1533 ‚,Audite“
372 1482 456 1521 etc.
482 1480 718 1532 multaque
743 1479 864 1522 mala
889 1492 915 1522 a
939 1483 1123 1521 centum
1147 1480 1282 1521 annis
1307 1480 1421 1522 citra
1444 1482 1713 1533 perpetrata
1738 1480 1785 1521 in
1808 1478 1893 1521 Ro-

122 1562 258 1593 mana
289 1551 417 1593 curia
448 1551 495 1592 in
526 1562 715 1604 genere,
747 1550 964 1603 quodque
995 1550 1260 1592 cardinales
1290 1553 1425 1592 erant
1455 1553 1501 1592 et
1531 1549 1718 1592 fuerant
1749 1550 1892 1602 origo,

121 1633 260 1663 causa
293 1624 339 1663 et
372 1621 660 1663 continuacio
694 1621 920 1662 dictorum
954 1621 1196 1674 malorum,
1231 1624 1276 1662 et
1309 1621 1432 1674 quod
1467 1620 1604 1663 sedes
1640 1620 1893 1673 apostolica

123 1695 223 1734 erat
258 1691 352 1734 illis
388 1691 517 1734 viciis
551 1692 744 1745 polluta,
782 1704 918 1744 quam
954 1704 1157 1744 purgare
1194 1691 1451 1744 oportebat,
1488 1694 1735 1744 antequam
1771 1703 1893 1744 papa

124 1761 389 1816 eligeretur.
433 1762 543 1804 Ideo
568 1762 871 1814 requirebant
895 1775 996 1803 cum
1023 1762 1203 1815 magnis
1227 1761 1651 1814 obsecracionibus,
1677 1761 1892 1814 quatinus

122 1832 400 1885 cardinales,
436 1835 685 1885 antequam
722 1832 779 1875 de
816 1833 1010 1874 materia
1047 1833 1296 1874 eleccioniS
1334 1834 1565 1885 ageretur,
1604 1832 1672 1873 illi
1708 1832 1890 1873 nacioni

126 1902 398 1946 assisterent
431 1903 489 1945 ad
523 1903 911 1945 reformacionem
945 1902 1156 1945 ecclesie.
1203 1903 1256 1944 Et
1290 1903 1433 1945 multa
1466 1902 1718 1956 opprobria
1750 1905 1796 1944 et
1830 1902 1894 1943 in-

124 1973 301 2016 vectiva
324 1976 483 2016 contra
509 1973 773 2016 cardinales
799 1974 1065 2015 continebat
1092 1974 1173 2015 illa
1201 1973 1484 2027 scriptura.¹)

240 2043 415 2096 Quibus
440 2056 500 2086 ex
521 2047 655 2098 parte
679 2043 985 2086 cardinalium
1008 2056 1094 2097 per
1115 2057 1259 2085 unum
1282 2057 1341 2086 ex
1367 2043 1462 2085 illis
1488 2044 1630 2085 multo
1654 2044 1891 2085 caritative

127 2116 171 2156 et
198 2114 298 2157 sine
327 2127 601 2167 quacunque
631 2115 884 2167 asperitate
912 2114 998 2156 fuit
1026 2127 1318 2167 responsum,
1345 2114 1468 2167 quod
1497 2113 1602 2156 dicti
1630 2113 1894 2156 cardinales

127 2195 360 2238 nunquam
390 2185 447 2227 de
478 2197 588 2238 rege
618 2186 692 2227 vel
723 2185 803 2227 illa
833 2185 1026 2226 nacione
1058 2185 1277 2226 iniuriam
1306 2185 1380 2226 vel
1411 2184 1736 2226 contumeliam
1767 2184 1894 2226 dixe-

127 2258 230 2298 rant
259 2268 344 2298 nec
375 2256 637 2298 hereticare
670 2256 915 2297 voluerant
947 2267 1101 2308 neque
1136 2256 1183 2296 in
1217 2255 1298 2297 illa
1332 2255 1643 2308 requisicione
1675 2267 1892 2307 umquam

128 2323 279 2368 fuerat
312 2325 531 2379 scriptum
565 2329 642 2368 aut
675 2326 842 2368 dictum
877 2325 1053 2378 aliquid
1088 2326 1134 2367 in
1169 2325 1387 2368 iniuriam
1420 2326 1545 2379 regis
1577 2326 1651 2367 vel
1684 2325 1893 2367 nacionis

127 2395 346 2449 predicte,
380 2399 425 2438 et
459 2396 582 2449 quod
618 2397 737 2438 male
774 2397 831 2438 de
866 2397 951 2438 hoc
986 2396 1174 2438 fuerant
1208 2395 1458 2437 informati.
1508 2395 1623 2438 Ymo
1658 2395 1893 2437 habebant

127 2477 282 2518 regem
315 2467 361 2508 in
394 2479 571 2509 summa
605 2466 876 2508 reverencia
908 2469 952 2508 et
984 2467 1225 2508 nacionem
1260 2467 1306 2507 in
1340 2467 1530 2508 honore.
1575 2465 1666 2507 Sed
1698 2479 1783 2519 pro
1814 2477 1892 2506 ne-

126 2536 338 2579 cessitate
373 2537 570 2579 ecclesie
605 2540 650 2579 et
684 2536 885 2579 vitandis
918 2537 1141 2590 periculis
1176 2537 1520 2589 requisiverant
1556 2536 1627 2589 agi
1664 2536 1720 2578 de
1757 2535 1891 2577 modo

128 2605 388 2650 eleccionis.
431 2607 533 2649 <Iam
563 2607 686 2649 enim
717 2607 764 2648 in
795 2607 948 2649 Ytalia
977 2607 1231 2660 parabatur
1261 2619 1430 2649 novum
1462 2607 1627 2648 scisma
1658 2607 1703 2647 in
1735 2605 1893 2648 admit-

128 2676 266 2719 tendo
296 2677 483 2719 Petrum
513 2678 571 2719 de
601 2677 731 2720 Luna
761 2681 805 2719 et
835 2677 926 2720 alia
957 2678 1099 2720 multa
1130 2677 1339 2730 pericula
1368 2681 1414 2719 et
1444 2677 1663 2719 scandala
1694 2676 1892 2718 maxime

129 2749 318 2800 propter
342 2760 578 2790 recessum
603 2748 934 2800 Hispanorum;
961 2747 1176 2800 quodque
1202 2747 1322 2790 mala
1350 2748 1395 2789 in
1420 2748 1547 2789 curia
1572 2747 1777 2788 Romana
1800 2758 1891 2787 non

129 2814 314 2859 fuerant
344 2821 476 2871 cepta
507 2829 591 2860 nec
624 2818 744 2860 facta
777 2831 862 2871 per
894 2818 1013 2870 illos,
1046 2818 1123 2870 qui
1156 2830 1278 2871 pene
1311 2830 1473 2860 omnes
1506 2818 1610 2859 novi
1645 2819 1791 2868 erant,
1824 2819 1891 2858 set

129 2889 252 2929 certe
287 2888 479 2930 multum
516 2888 750 2942 impedita.
799 2889 853 2930 Et
889 2888 947 2930 ad
986 2889 1066 2930 illa
1102 2888 1402 2930 reformanda
1439 2890 1688 2940 coegerunt
1723 2898 1890 2939 papam

232 3003 262 3035 a)
283 3001 322 3029 de
344 3003 462 3031 unione
483 3025 488 3030 .
509 3025 514 3031 .
536 3025 541 3031 .
563 3010 740 3038 superasse
760 3002 841 3036 fehlt
857 3004 892 3030 B.
930 3003 963 3037 b)
986 3010 1081 3030 uuam
1103 3023 1109 3029 .
1131 3021 1137 3028 .
1159 3025 1164 3030 .
1185 3002 1267 3037 legit
1286 3003 1366 3036 fehlt
1389 3003 1424 3029 Ji.

247 3050 279 3093 ¹)
305 3050 379 3085 Die
403 3052 649 3094 protestacio:
676 3051 796 3086 Har-cll
822 3051 887 3093 11²,
915 3050 1068 3095 1419ῘῘ,·
1096 3052 1222 3086 Mansa·
1248 3051 1406 3093 XXVII,
1434 3051 1522 3085 1154
1535 3050 1578 3094 ῙῘ.
