2227 3434
494 164 532 200 B.
587 165 666 200 Der
703 164 804 200 liber
842 166 1035 208 gestorum
1076 164 1145 198 des
1186 161 1428 198 Cerretanus,
1762 162 1844 205 177

77 285 254 327 ultione
291 284 449 326 divina
484 286 782 336 preremptus
817 283 910 324 vite
946 283 1125 336 pariter
1159 285 1206 324 et
1243 281 1436 324 sceleris
1475 281 1651 334 accepit
1685 279 1845 321 finem.

78 357 252 398 Verum
284 355 369 397 hec
401 355 513 397 satis
546 366 630 407 pro
662 357 872 407 tempore
906 353 1026 395 dicta
1059 352 1162 395 sint.
1213 352 1371 405 Itaque
1404 354 1507 405 post
1540 351 1846 404 irruptionem

80 426 232 478 Urbis,
259 426 459 468 maxima
486 424 751 477 patrimonii
779 427 910 477 parte
938 437 963 466 a
990 423 1190 476 profano
1215 435 1325 476 rege
1353 425 1586 475 occupata,
1612 421 1847 473 rebusque

15 550 18 551 ⁷
80 497 284 551 undique
309 496 609 551 perturbatis,
637 494 955 538 sanctissimus
980 495 1196 537 dominus
1219 496 1379 536 noster
1406 492 1465 536 ad
1487 492 1722 536 civitatem
1748 491 1849 534 Flo-

80 567 228 610 rentie
262 579 313 610 se
347 567 550 619 contulit,
583 570 630 609 et
662 567 719 608 ab
753 566 822 609 eis
856 568 1129 607 reverenter
1163 567 1386 618 exceptus
1420 563 1847 615 humanissimeque

71 642 298 682 'tractatus
338 641 408 680 est
450 637 659 691 illudque
702 636 1089 679 florentissimum
1131 635 1400 688 dominium,
1442 635 1587 677 multa
1626 633 1848 676 charitate

79 712 216 763 atque
244 708 489 751 devotione
518 708 715 751 ecclesie
743 708 1020 760 devinctum,
1049 707 1186 750 solita
1213 704 1590 759 magnanimitate
1619 704 1850 746 delibera-

80 781 142 823 vit
163 779 359 823 ecclesie
383 782 675 822 sacrosancte
700 779 806 821 totis
830 779 1051 821 assistere
1075 776 1253 820 viribus
1276 776 1498 830 illamque
1522 776 1580 819 ab
1600 774 1746 818 hostis
1770 775 1850 816 im-

81 854 190 905 petu
224 854 318 894 toto
352 863 491 905 posse
527 850 794 893 defensare.

196 920 506 964 Serenissime
536 920 772 975 princeps!
817 920 1007 973 Antiqui
1037 919 1275 973 sapientes
1303 919 1392 961 tria
1420 917 1647 960 bonorum
1675 927 1850 970 genera

81 993 408 1045 distinxerunt,
439 993 562 1035 bona
594 991 746 1034 anime
778 991 826 1033 in
857 990 1072 1033 maximis
1104 993 1149 1032 et
1180 988 1380 1043 optimis,
1411 989 1533 1031 bona
1564 986 1773 1041 corporis
1803 986 1850 1028 in

81 1063 393 1106 mediocribus
421 1066 466 1106 et
491 1063 684 1117 magnis,
712 1062 834 1105 bona
861 1061 1097 1104 exteriora
1123 1061 1172 1102 in
1197 1059 1420 1102 extremis
1447 1062 1493 1101 et
1518 1057 1722 1101 minimis
1748 1069 1851 1100 con-

82 1135 340 1178 stituentes.
376 1134 611 1177 Hactenus
636 1133 897 1187 procedens
922 1131 1122 1185 elegiata
1149 1130 1303 1174 oracio
1328 1130 1634 1173 miseracione
1661 1128 1850 1182 dignum

83 1209 250 1248 statum
290 1205 486 1248 ecclesie
528 1206 573 1246 in
615 1204 927 1246 mediocribus
968 1204 1104 1245 bonis
1142 1202 1408 1255 recitavitf‘)
1463 1201 1584 1244 Sane
1624 1200 1768 1242 multa
1808 1202 1852 1241 et

82 1288 248 1331 magna
277 1276 534 1318 infortunia
562 1276 682 1318 circa
711 1275 821 1317 talia
849 1275 972 1317 bona
1001 1273 1260 1327 impediunt
1289 1285 1314 1315 a
1343 1271 1499 1315 multis
1526 1271 1662 1314 bonis
1690 1281 1852 1324 opera-

82 1347 306 1390 cionibus.
357 1348 412 1389 Et
449 1347 556 1389 licet
591 1359 685 1389 non
722 1346 889 1388 tollant
923 1358 1009 1387 nec
1046 1345 1246 1387 alterent
1283 1342 1486 1386 totaliter
1524 1341 1850 1396 operacionem

82 1418 263 1461 virtutis
291 1418 500 1461 moralis:
544 1417 651 1460 talis
681 1417 805 1459 enim
835 1410 1022 1470 semper
1052 1414 1322 1469 operabitur
1353 1413 1606 1457 secundum
1635 1413 1852 1454 virtutem

82 1494 127 1534 et
162 1490 375 1532 fortunas
410 1489 567 1531 ferent
602 1489 774 1542 optime
811 1491 859 1529 ut
893 1487 1044 1529 bonus
1080 1490 1125 1528 et
1160 1488 1430 1539 tetragonus
1467 1485 1568 1527 sine
1608 1482 1851 1537 vituperio,

80 1561 247 1604 tollunt
268 1563 424 1603 tamen
446 1558 773 1613 operacionem
796 1559 980 1600 virtutis
1002 1558 1203 1612 politice.
1244 1555 1383 1598 Multa
1405 1567 1608 1608 namque
1629 1556 1850 1608 operatur

81 1630 294 1685 politicus
319 1643 404 1685 per
431 1642 481 1674 se
509 1630 675 1684 ipsum,
700 1641 787 1683 per
813 1629 999 1681 amicos,
1025 1641 1111 1682 per
1138 1627 1344 1680 divicias,
1371 1639 1456 1680 per
1482 1625 1666 1668 civilem
1691 1627 1851 1678 poten-

82 1701 210 1745 ciam.
252 1702 349 1755 Que
381 1702 420 1745 si
449 1714 542 1744 non
573 1700 740 1754 adsint,
771 1699 1061 1754 impossibile
1092 1702 1176 1753 est,
1207 1697 1330 1752 quod
1358 1697 1466 1740 talis
1496 1698 1730 1750 operetur,
1761 1707 1850 1749 que

83 1776 188 1816 sunt
223 1773 407 1816 virtutis
443 1772 644 1827 politice.
694 1772 832 1814 Potes
871 1770 1008 1824 igitur
1046 1769 1310 1823 intelligere
1349 1768 1408 1811 ad
1443 1767 1851 1821 perturbacionem

82 1844 408 1898 temporalium
455 1842 775 1896 perturbatam
821 1853 927 1884 esse
975 1840 1149 1894 politici
1198 1839 1504 1893 spiritualem.
1563 1837 1681 1890 Quid
1727 1837 1851 1878 enim

85 1917 312 1969 superest,
349 1914 560 1968 piissime
599 1914 833 1967 princeps,
871 1925 972 1954 cum
1010 1914 1147 1965 caput
1183 1909 1395 1963 ecclesie,
1434 1912 1585 1952 rector
1622 1907 1851 1959 fidelium,

83 1988 240 2040 pastor
271 1986 441 2040 gregis,
477 1985 696 2038 magister
729 1983 952 2036 veritatis,
986 1995 1165 2025 morum
1198 1993 1376 2034 norma,
1411 1979 1592 2023 iusticie
1626 1978 1852 2030 minister,

84 2057 223 2101 tantis
244 2055 513 2099 infortuniis
537 2058 807 2108 coarctatur,
830 2053 922 2096 nisi
944 2057 993 2096 ut
1014 2053 1204 2106 lugeant
1227 2051 1450 2105 membra,
1474 2050 1647 2093 fideles
1669 2049 1852 2104 pericli-

85 2130 251 2181 tentur,
271 2127 477 2170 tabescat
496 2138 625 2180 grex,
644 2137 832 2168 errores
853 2125 1100 2178 pullulent,
1122 2136 1276 2166 mores
1296 2123 1626 2176 depraventur,
1647 2120 1851 2174 pravitas

84 2198 321 2252 tyrannica
355 2197 631 2240 dominetur.
683 2196 794 2238 Inde
829 2195 1159 2247 emulaciones,
1193 2193 1455 2237 sediciones
1487 2195 1534 2235 et
1566 2194 1707 2244 secte3
1744 2189 1851 2233 inde

86 2269 299 2322 avaricia,
325 2269 589 2321 malignitas
615 2271 658 2310 et
685 2267 930 2318 violencia;
960 2266 1066 2308 inde
1092 2265 1352 2317 inimicicie,
1376 2263 1623 2306 homicidia
1648 2266 1693 2304 et
1717 2273 1853 2303 vene-

85 2339 209 2393 ficia;
240 2341 346 2382 inde
376 2340 587 2381 homines
616 2338 684 2381 sui
702 2341 946 2389 amatores,
964 2338 1061 2379 Deo
1078 2337 1292 2389 odibiles,
1309 2337 1693 2377 commessatores
1710 2334 1853 2385 impu-

87 2409 187 2465 dici,
220 2411 464 2464 luxuriosi,
499 2409 704 2464 superbi,
739 2409 1046 2462 incompositi,
1081 2405 1404 2461 superioribus
1436 2417 1531 2448 non
1564 2403 1852 2454 obedientes,

0 2499 7 2506 ·
34 2525 42 2538 ς
88 2480 361 2535 insipientes
393 2482 494 2524 sine
527 2480 793 2532 affectione,
824 2479 924 2522 sine
956 2478 1135 2530 federe,
1167 2478 1269 2519 sine
1301 2477 1419 2530 lege,
1453 2475 1553 2518 sine
1584 2486 1712 2531 pace.
1755 2474 1852 2525 Que

87 2553 240 2595 omnia
266 2552 460 2606 provide
491 2551 795 2593 considerans
826 2553 981 2592 sancte
1013 2549 1234 2590 memorie
1265 2560 1389 2601 papa
1416 2545 1687 2589 Alexander
1716 2544 1852 2586 huius

88 2621 286 2670 nominis
325 2623 394 2675 V.,
435 2634 567 2665 sacro
607 2621 777 2664 Pisano
816 2620 1010 2663 concilio
1051 2632 1218 2673 magno
1258 2630 1400 2672 opere
1442 2617 1489 2659 id
1529 2618 1766 2670 satagente
1808 2616 1852 2655 et

89 2692 389 2746 approbante,
422 2692 628 2735 decrevit
658 2705 718 2734 ex
748 2694 855 2734 tunc
886 2690 945 2733 ad
973 2691 1227 2733 triennium
1260 2688 1434 2731 debere
1468 2687 1634 2730 iterum
1666 2697 1853 2738 congre-

0 2790 25 2818 ,χ
89 2763 186 2816 gari
208 2763 449 2806 concilium
473 2763 697 2817 generale
720 2763 767 2804 in
792 2764 891 2804 loco
913 2761 1096 2814 ydoneo
1119 2773 1205 2814 per
1230 2772 1401 2802 annum
1427 2761 1532 2801 ante
1556 2755 1851 2812 publicandO.

89 2832 218 2885 Quod
242 2834 439 2888 implere
466 2833 658 2887 cupiens
686 2832 1004 2876 sanctissimus
1030 2831 1244 2874 dominus
1270 2833 1429 2872 noster
1455 2830 1502 2871 in
1527 2827 1725 2871 termino
1750 2837 1853 2879 pre-

91 2902 186 2946 fixo
217 2905 468 2958 publicavit
501 2904 743 2946 concilium
778 2904 823 2944 in
856 2903 981 2945 Urbe
1014 2901 1361 2944 celebrandum.
1407 2900 1497 2943 Sed
1531 2898 1711 2940 malicia
1745 2900 1854 2938 tem-

92 2973 216 3026 poris
239 2974 288 3018 id
309 2974 510 3019 faciente
537 2974 671 3029 pauci
697 2973 944 3017 admodum
972 2974 1072 3015 loco
1096 2975 1141 3015 et
1166 2972 1365 3014 termino
1391 2968 1590 3024 prefixis
1617 2978 1853 3020 comparu-

195 3078 225 3112 a)
244 3078 398 3106 recitavit
418 3078 514 3105 honi>
534 3078 614 3111 fehlt
639 3078 667 3104 (J.

161 3135 298 3170 Finke,
318 3138 400 3164 Acta
420 3136 552 3165 concilii
574 3135 852 3164 Constanciensis.
895 3134 932 3161 11.
1590 3117 1641 3157 12
