<?xml version="1.0" encoding="UTF-8"?>
<!DOCTYPE html PUBLIC "-//W3C//DTD XHTML 1.0 Transitional//EN"
    "http://www.w3.org/TR/xhtml1/DTD/xhtml1-transitional.dtd">
<html xmlns="http://www.w3.org/1999/xhtml" xml:lang="en" lang="en">
 <head>
  <title>
</title>
<meta http-equiv="Content-Type" content="text/html;charset=utf-8" />
  <meta name='ocr-system' content='tesseract 3.04.00' />
  <meta name='ocr-capabilities' content='ocr_page ocr_carea ocr_par ocr_line ocrx_word'/>
</head>
<body>
  <div class='ocr_page' id='page_1' title='image "./actaconciliicons02counuoft_0308.png"; bbox 0 0 2102 3444; ppageno 0'>
   <div class='ocr_carea' id='block_1_1' title="bbox 279 151 1516 197">
    <p class='ocr_par' dir='ltr' id='par_1_1' title="bbox 279 151 1516 197">
     <span class='ocr_line' id='line_1_1' title="bbox 279 151 1516 197; baseline -0.009 0"><span class='ocrx_word' id='word_1_1' title='bbox 279 155 365 197; x_wconf 83' lang='lat'>294</span> <span class='ocrx_word' id='word_1_2' title='bbox 815 153 839 188; x_wconf 91' lang='grc' dir='ltr'>Ι.</span> <span class='ocrx_word' id='word_1_3' title='bbox 866 152 1076 189; x_wconf 86' lang='lat' dir='ltr'>Abschnitt.</span> <span class='ocrx_word' id='word_1_4' title='bbox 1116 151 1516 196; x_wconf 81' lang='lat' dir='ltr'>Konzilstagebticher.</span> 
     </span>
    </p>
   </div>
   <div class='ocr_carea' id='block_1_2' title="bbox 254 269 2051 1460">
    <p class='ocr_par' dir='ltr' id='par_1_2' title="bbox 254 269 2051 1236">
     <span class='ocr_line' id='line_1_2' title="bbox 281 269 2051 325; baseline -0.001 -11"><span class='ocrx_word' id='word_1_5' title='bbox 281 272 506 315; x_wconf 73' lang='lat' dir='ltr'>instancia</span> <span class='ocrx_word' id='word_1_6' title='bbox 535 285 574 314; x_wconf 87' lang='lat' dir='ltr'>v.</span> <span class='ocrx_word' id='word_1_7' title='bbox 604 285 638 314; x_wconf 90' lang='lat' dir='ltr'>r.</span> <span class='ocrx_word' id='word_1_8' title='bbox 669 284 712 325; x_wconf 91' lang='lat' dir='ltr'>p.</span> <span class='ocrx_word' id='word_1_9' title='bbox 742 272 1040 324; x_wconf 79' lang='lat' dir='ltr'>requirimus,</span> <span class='ocrx_word' id='word_1_10' title='bbox 1069 270 1286 323; x_wconf 76' lang='lat' dir='ltr'>quatinus</span> <span class='ocrx_word' id='word_1_11' title='bbox 1317 269 1373 312; x_wconf 91' lang='lat' dir='ltr'>ad</span> <span class='ocrx_word' id='word_1_12' title='bbox 1401 270 1666 312; x_wconf 91' lang='lat' dir='ltr'>huiusmodi</span> <span class='ocrx_word' id='word_1_13' title='bbox 1697 269 1917 313; x_wconf 90' lang='lat' dir='ltr'>scandala</span> <span class='ocrx_word' id='word_1_14' title='bbox 1946 270 2051 312; x_wconf 92' lang='lat' dir='ltr'>sub-</span> 
     </span>
     <span class='ocr_line' id='line_1_3' title="bbox 280 340 2050 396; baseline -0.001 -11"><span class='ocrx_word' id='word_1_15' title='bbox 280 343 506 385; x_wconf 78' lang='lat' dir='ltr'>movenda</span> <span class='ocrx_word' id='word_1_16' title='bbox 534 342 787 396; x_wconf 82' lang='lat' dir='ltr'>dignemini</span> <span class='ocrx_word' id='word_1_17' title='bbox 813 341 994 384; x_wconf 90' lang='lat' dir='ltr'>duobus</span> <span class='ocrx_word' id='word_1_18' title='bbox 1020 342 1093 383; x_wconf 87' lang='lat' dir='ltr'>vel</span> <span class='ocrx_word' id='word_1_19' title='bbox 1121 341 1270 383; x_wconf 86' lang='lat' dir='ltr'>tribus</span> <span class='ocrx_word' id='word_1_20' title='bbox 1295 341 1490 394; x_wconf 89' lang='lat' dir='ltr'>prelatis</span> <span class='ocrx_word' id='word_1_21' title='bbox 1517 341 1561 382; x_wconf 92' lang='lat' dir='ltr'>in</span> <span class='ocrx_word' id='word_1_22' title='bbox 1587 341 1672 383; x_wconf 91' lang='lat' dir='ltr'>hoc</span> <span class='ocrx_word' id='word_1_23' title='bbox 1700 353 1831 383; x_wconf 90' lang='lat' dir='ltr'>sacro</span> <span class='ocrx_word' id='word_1_24' title='bbox 1856 340 2050 383; x_wconf 91' lang='lat' dir='ltr'>concilio</span> 
     </span>
     <span class='ocr_line' id='line_1_4' title="bbox 280 412 2047 464; baseline -0.001 -9"><span class='ocrx_word' id='word_1_25' title='bbox 280 413 669 457; x_wconf 71' lang='lat' dir='ltr'>commorantibus</span> <span class='ocrx_word' id='word_1_26' title='bbox 695 413 974 455; x_wconf 81' lang='lat' dir='ltr'>doctissimis</span> <span class='ocrx_word' id='word_1_27' title='bbox 998 413 1283 453; x_wconf 75' lang='lat' dir='ltr'>committere</span> <span class='ocrx_word' id='word_1_28' title='bbox 1309 415 1354 454; x_wconf 87' lang='lat' dir='ltr'>et</span> <span class='ocrx_word' id='word_1_29' title='bbox 1379 412 1617 464; x_wconf 87' lang='lat' dir='ltr'>mandare,</span> <span class='ocrx_word' id='word_1_30' title='bbox 1641 414 1690 453; x_wconf 95' lang='lat' dir='ltr'>ut</span> <span class='ocrx_word' id='word_1_31' title='bbox 1716 412 1967 454; x_wconf 87' lang='lat' dir='ltr'>summarie</span> <span class='ocrx_word' id='word_1_32' title='bbox 1991 412 2047 454; x_wconf 86' lang='lat' dir='ltr'>de</span> 
     </span>
     <span class='ocr_line' id='line_1_5' title="bbox 278 482 2049 538; baseline -0.002 -11"><span class='ocrx_word' id='word_1_33' title='bbox 278 485 487 538; x_wconf 89' lang='lat' dir='ltr'>predicta</span> <span class='ocrx_word' id='word_1_34' title='bbox 523 483 1010 526; x_wconf 80' lang='lat' dir='ltr'>famainformatione</span> <span class='ocrx_word' id='word_1_35' title='bbox 1048 486 1235 536; x_wconf 87' lang='lat' dir='ltr'>recepta</span> <span class='ocrx_word' id='word_1_36' title='bbox 1272 495 1433 524; x_wconf 84' lang='lat' dir='ltr'>omnes</span> <span class='ocrx_word' id='word_1_37' title='bbox 1470 486 1515 525; x_wconf 87' lang='lat' dir='ltr'>et</span> <span class='ocrx_word' id='word_1_38' title='bbox 1552 483 1760 535; x_wconf 91' lang='lat' dir='ltr'>singulos</span> <span class='ocrx_word' id='word_1_39' title='bbox 1796 482 1915 525; x_wconf 86' lang='lat' dir='ltr'>dicte</span> <span class='ocrx_word' id='word_1_40' title='bbox 1950 484 2049 525; x_wconf 92' lang='lat' dir='ltr'>uni-</span> 
     </span>
     <span class='ocr_line' id='line_1_6' title="bbox 279 554 2048 607; baseline -0.001 -10"><span class='ocrx_word' id='word_1_41' title='bbox 279 555 510 597; x_wconf 86' lang='lat' dir='ltr'>versitatis</span> <span class='ocrx_word' id='word_1_42' title='bbox 537 557 755 607; x_wconf 87' lang='lat' dir='ltr'>regentes</span> <span class='ocrx_word' id='word_1_43' title='bbox 781 558 827 596; x_wconf 90' lang='lat' dir='ltr'>et</span> <span class='ocrx_word' id='word_1_44' title='bbox 850 554 998 607; x_wconf 80' lang='lat' dir='ltr'>ipsam</span> <span class='ocrx_word' id='word_1_45' title='bbox 1028 554 1380 595; x_wconf 86' lang='lat' dir='ltr'>universitatem</span> <span class='ocrx_word' id='word_1_46' title='bbox 1407 566 1457 596; x_wconf 92' lang='lat' dir='ltr'>ac</span> <span class='ocrx_word' id='word_1_47' title='bbox 1483 566 1659 606; x_wconf 90' lang='lat' dir='ltr'>omnes,</span> <span class='ocrx_word' id='word_1_48' title='bbox 1687 566 1882 606; x_wconf 92' lang='lat' dir='ltr'>quorum</span> <span class='ocrx_word' id='word_1_49' title='bbox 1909 554 2048 596; x_wconf 91' lang='lat' dir='ltr'>inter-</span> 
     </span>
     <span class='ocr_line' id='line_1_7' title="bbox 278 624 2049 678; baseline 0 -11"><span class='ocrx_word' id='word_1_50' title='bbox 278 630 361 678; x_wconf 82' lang='lat' dir='ltr'>est,</span> <span class='ocrx_word' id='word_1_51' title='bbox 388 629 433 668; x_wconf 90' lang='lat' dir='ltr'>et</span> <span class='ocrx_word' id='word_1_52' title='bbox 458 625 657 668; x_wconf 85' lang='lat' dir='ltr'>maxime</span> <span class='ocrx_word' id='word_1_53' title='bbox 685 638 801 678; x_wconf 90' lang='lat' dir='ltr'>quos</span> <span class='ocrx_word' id='word_1_54' title='bbox 826 637 913 678; x_wconf 92' lang='lat' dir='ltr'>per</span> <span class='ocrx_word' id='word_1_55' title='bbox 940 624 1112 667; x_wconf 81' lang='lat' dir='ltr'>famam</span> <span class='ocrx_word' id='word_1_56' title='bbox 1139 624 1436 677; x_wconf 84' lang='lat' dir='ltr'>perceperint</span> <span class='ocrx_word' id='word_1_57' title='bbox 1464 624 1521 666; x_wconf 93' lang='lat' dir='ltr'>de</span> <span class='ocrx_word' id='word_1_58' title='bbox 1549 624 1668 666; x_wconf 91' lang='lat' dir='ltr'>dicta</span> <span class='ocrx_word' id='word_1_59' title='bbox 1694 624 1802 666; x_wconf 90' lang='lat' dir='ltr'>labe</span> <span class='ocrx_word' id='word_1_60' title='bbox 1828 624 2049 677; x_wconf 89' lang='lat' dir='ltr'>notor-ios,</span> 
     </span>
     <span class='ocr_line' id='line_1_8' title="bbox 275 694 2046 750; baseline 0 -12"><span class='ocrx_word' id='word_1_61' title='bbox 275 699 413 739; x_wconf 83' lang='lat' dir='ltr'>citent</span> <span class='ocrx_word' id='word_1_62' title='bbox 453 709 538 750; x_wconf 87' lang='lat' dir='ltr'>per</span> <span class='ocrx_word' id='word_1_63' title='bbox 578 695 776 738; x_wconf 87' lang='lat' dir='ltr'>edictum</span> <span class='ocrx_word' id='word_1_64' title='bbox 817 696 863 737; x_wconf 92' lang='lat' dir='ltr'>in</span> <span class='ocrx_word' id='word_1_65' title='bbox 902 695 1051 738; x_wconf 88' lang='lat' dir='ltr'>valvis</span> <span class='ocrx_word' id='word_1_66' title='bbox 1089 695 1287 737; x_wconf 85' lang='lat' dir='ltr'>ecclesie</span> <span class='ocrx_word' id='word_1_67' title='bbox 1327 695 1699 737; x_wconf 90' lang='lat' dir='ltr'>Constantiensis</span> <span class='ocrx_word' id='word_1_68' title='bbox 1739 694 2046 748; x_wconf 83' lang='lat' dir='ltr'>affigendum,</span> 
     </span>
     <span class='ocr_line' id='line_1_9' title="bbox 254 765 2047 820; baseline -0.001 -12"><span class='ocrx_word' id='word_1_69' title='bbox 254 768 493 820; x_wconf 74' lang='lat' dir='ltr'>vquatinus</span> <span class='ocrx_word' id='word_1_70' title='bbox 530 766 654 810; x_wconf 65' lang='lat' dir='ltr'>intra</span> <span class='ocrx_word' id='word_1_71' title='bbox 691 770 865 809; x_wconf 88' lang='lat' dir='ltr'>certum</span> <span class='ocrx_word' id='word_1_72' title='bbox 904 769 1241 820; x_wconf 85' lang='lat' dir='ltr'>competentem</span> <span class='ocrx_word' id='word_1_73' title='bbox 1278 766 1526 808; x_wconf 90' lang='lat' dir='ltr'>terminum</span> <span class='ocrx_word' id='word_1_74' title='bbox 1564 765 1893 819; x_wconf 84' lang='lat' dir='ltr'>prefigendum</span> <span class='ocrx_word' id='word_1_75' title='bbox 1930 779 2047 808; x_wconf 90' lang='lat' dir='ltr'>com-</span> 
     </span>
     <span class='ocr_line' id='line_1_10' title="bbox 274 836 2044 891; baseline -0.001 -10"><span class='ocrx_word' id='word_1_76' title='bbox 274 842 469 891; x_wconf 79' lang='lat' dir='ltr'>pareant</span> <span class='ocrx_word' id='word_1_77' title='bbox 491 850 644 881; x_wconf 89' lang='lat' dir='ltr'>coram</span> <span class='ocrx_word' id='word_1_78' title='bbox 666 851 706 880; x_wconf 91' lang='lat' dir='ltr'>v.</span> <span class='ocrx_word' id='word_1_79' title='bbox 730 851 764 880; x_wconf 90' lang='lat' dir='ltr'>r.</span> <span class='ocrx_word' id='word_1_80' title='bbox 788 851 830 891; x_wconf 91' lang='lat' dir='ltr'>p.</span> <span class='ocrx_word' id='word_1_81' title='bbox 855 837 913 880; x_wconf 90' lang='lat' dir='ltr'>ad</span> <span class='ocrx_word' id='word_1_82' title='bbox 936 837 1181 879; x_wconf 89' lang='lat' dir='ltr'>dicendum</span> <span class='ocrx_word' id='word_1_83' title='bbox 1205 840 1250 879; x_wconf 91' lang='lat' dir='ltr'>et</span> <span class='ocrx_word' id='word_1_84' title='bbox 1272 836 1570 890; x_wconf 87' lang='lat' dir='ltr'>allegandum</span> <span class='ocrx_word' id='word_1_85' title='bbox 1593 849 1778 879; x_wconf 91' lang='lat' dir='ltr'>causam</span> <span class='ocrx_word' id='word_1_86' title='bbox 1801 839 1845 879; x_wconf 91' lang='lat' dir='ltr'>et</span> <span class='ocrx_word' id='word_1_87' title='bbox 1865 849 2044 890; x_wconf 85' lang='lat' dir='ltr'>causas,</span> 
     </span>
     <span class='ocr_line' id='line_1_11' title="bbox 273 907 2044 962; baseline -0.001 -10"><span class='ocrx_word' id='word_1_88' title='bbox 273 923 363 962; x_wconf 88' lang='lat' dir='ltr'>qua</span> <span class='ocrx_word' id='word_1_89' title='bbox 397 922 447 951; x_wconf 92' lang='lat' dir='ltr'>re</span> <span class='ocrx_word' id='word_1_90' title='bbox 482 909 766 951; x_wconf 88' lang='lat' dir='ltr'>universitas</span> <span class='ocrx_word' id='word_1_91' title='bbox 802 908 942 952; x_wconf 92' lang='lat' dir='ltr'>studii</span> <span class='ocrx_word' id='word_1_92' title='bbox 976 907 1227 962; x_wconf 89' lang='lat' dir='ltr'>Pragensis</span> <span class='ocrx_word' id='word_1_93' title='bbox 1262 907 1485 961; x_wconf 89' lang='lat' dir='ltr'>sus-pendi</span> <span class='ocrx_word' id='word_1_94' title='bbox 1521 920 1615 950; x_wconf 92' lang='lat' dir='ltr'>non</span> <span class='ocrx_word' id='word_1_95' title='bbox 1651 907 1833 961; x_wconf 90' lang='lat' dir='ltr'>debeat,</span> <span class='ocrx_word' id='word_1_96' title='bbox 1867 910 1914 950; x_wconf 90' lang='lat' dir='ltr'>et</span> <span class='ocrx_word' id='word_1_97' title='bbox 1947 907 2044 950; x_wconf 91' lang='lat' dir='ltr'>sive</span> 
     </span>
     <span class='ocr_line' id='line_1_12' title="bbox 272 978 2043 1033; baseline -0.001 -11"><span class='ocrx_word' id='word_1_98' title='bbox 272 983 569 1033; x_wconf 86' lang='lat' dir='ltr'>compareant</span> <span class='ocrx_word' id='word_1_99' title='bbox 603 980 701 1023; x_wconf 87' lang='lat' dir='ltr'>sive</span> <span class='ocrx_word' id='word_1_100' title='bbox 733 992 840 1032; x_wconf 91' lang='lat' dir='ltr'>non,</span> <span class='ocrx_word' id='word_1_101' title='bbox 874 978 1063 1032; x_wconf 90' lang='lat' dir='ltr'>procedi</span> <span class='ocrx_word' id='word_1_102' title='bbox 1095 979 1297 1031; x_wconf 88' lang='lat' dir='ltr'>petimus</span> <span class='ocrx_word' id='word_1_103' title='bbox 1329 981 1376 1021; x_wconf 93' lang='lat' dir='ltr'>et</span> <span class='ocrx_word' id='word_1_104' title='bbox 1405 979 1696 1032; x_wconf 89' lang='lat' dir='ltr'>postulamus</span> <span class='ocrx_word' id='word_1_105' title='bbox 1729 978 1787 1021; x_wconf 91' lang='lat' dir='ltr'>ad</span> <span class='ocrx_word' id='word_1_106' title='bbox 1820 978 2043 1021; x_wconf 88' lang='lat' dir='ltr'>ulteriora</span> 
     </span>
     <span class='ocr_line' id='line_1_13' title="bbox 272 1049 2041 1104; baseline -0.001 -12"><span class='ocrx_word' id='word_1_107' title='bbox 272 1051 370 1093; x_wconf 88' lang='lat' dir='ltr'>sine</span> <span class='ocrx_word' id='word_1_108' title='bbox 398 1050 594 1104; x_wconf 89' lang='lat' dir='ltr'>strepitu</span> <span class='ocrx_word' id='word_1_109' title='bbox 618 1054 663 1093; x_wconf 92' lang='lat' dir='ltr'>et</span> <span class='ocrx_word' id='word_1_110' title='bbox 685 1050 841 1104; x_wconf 83' lang='lat' dir='ltr'>figura</span> <span class='ocrx_word' id='word_1_111' title='bbox 864 1050 1019 1092; x_wconf 90' lang='lat' dir='ltr'>iudicii</span> <span class='ocrx_word' id='word_1_112' title='bbox 1047 1051 1144 1093; x_wconf 91' lang='lat' dir='ltr'>sola</span> <span class='ocrx_word' id='word_1_113' title='bbox 1170 1050 1365 1092; x_wconf 89' lang='lat' dir='ltr'>veritate</span> <span class='ocrx_word' id='word_1_114' title='bbox 1392 1050 1601 1103; x_wconf 91' lang='lat' dir='ltr'>inspecta</span> <span class='ocrx_word' id='word_1_115' title='bbox 1625 1049 1672 1091; x_wconf 91' lang='lat' dir='ltr'>in</span> <span class='ocrx_word' id='word_1_116' title='bbox 1696 1049 1926 1102; x_wconf 90' lang='lat' dir='ltr'>omnibus,</span> <span class='ocrx_word' id='word_1_117' title='bbox 1952 1061 2041 1103; x_wconf 89' lang='lat' dir='ltr'>que</span> 
     </span>
     <span class='ocr_line' id='line_1_14' title="bbox 272 1120 2043 1175; baseline -0.001 -11"><span class='ocrx_word' id='word_1_118' title='bbox 272 1123 330 1165; x_wconf 92' lang='lat' dir='ltr'>ad</span> <span class='ocrx_word' id='word_1_119' title='bbox 371 1121 637 1165; x_wconf 90' lang='lat' dir='ltr'>huiusmodi</span> <span class='ocrx_word' id='word_1_120' title='bbox 683 1122 1041 1175; x_wconf 91' lang='lat' dir='ltr'>suspensionem</span> <span class='ocrx_word' id='word_1_121' title='bbox 1085 1121 1131 1163; x_wconf 92' lang='lat' dir='ltr'>in</span> <span class='ocrx_word' id='word_1_122' title='bbox 1176 1121 1385 1163; x_wconf 80' lang='lat' dir='ltr'>favorem</span> <span class='ocrx_word' id='word_1_123' title='bbox 1428 1120 1543 1162; x_wconf 82' lang='lat' dir='ltr'>fidei</span> <span class='ocrx_word' id='word_1_124' title='bbox 1588 1120 1688 1163; x_wconf 89' lang='lat' dir='ltr'>visa</span> <span class='ocrx_word' id='word_1_125' title='bbox 1730 1120 1922 1163; x_wconf 81' lang='lat' dir='ltr'>fuerunt</span> <span class='ocrx_word' id='word_1_126' title='bbox 1964 1133 2043 1163; x_wconf 90' lang='lat' dir='ltr'>ne-</span> 
     </span>
     <span class='ocr_line' id='line_1_15' title="bbox 271 1193 490 1236; baseline 0.005 -2"><span class='ocrx_word' id='word_1_127' title='bbox 271 1193 490 1236; x_wconf 78' lang='lat' dir='ltr'>cessaria.</span> 
     </span>
    </p>

    <p class='ocr_par' dir='ltr' id='par_1_3' title="bbox 264 1262 2042 1460">
     <span class='ocr_line' id='line_1_16' title="bbox 387 1262 2042 1316; baseline -0.002 -9"><span class='ocrx_word' id='word_1_128' title='bbox 387 1264 501 1316; x_wconf 86' lang='lat' dir='ltr'>Quia</span> <span class='ocrx_word' id='word_1_129' title='bbox 538 1264 597 1306; x_wconf 91' lang='lat' dir='ltr'>ad</span> <span class='ocrx_word' id='word_1_130' title='bbox 631 1263 848 1306; x_wconf 85' lang='lat' dir='ltr'>noticiam</span> <span class='ocrx_word' id='word_1_131' title='bbox 885 1266 1178 1306; x_wconf 91' lang='lat' dir='ltr'>sacrosancte</span> <span class='ocrx_word' id='word_1_132' title='bbox 1215 1266 1260 1304; x_wconf 89' lang='lat' dir='ltr'>et</span> <span class='ocrx_word' id='word_1_133' title='bbox 1295 1262 1531 1316; x_wconf 85' lang='lat' dir='ltr'>generalis</span> <span class='ocrx_word' id='word_1_134' title='bbox 1567 1262 1748 1304; x_wconf 90' lang='lat' dir='ltr'>concilii</span> <span class='ocrx_word' id='word_1_135' title='bbox 1785 1262 2042 1306; x_wconf 88' lang='lat' dir='ltr'>Constanti-</span> 
     </span>
     <span class='ocr_line' id='line_1_17' title="bbox 270 1333 2039 1388; baseline -0.001 -11"><span class='ocrx_word' id='word_1_136' title='bbox 270 1335 396 1378; x_wconf 84' lang='lat' dir='ltr'>ensis</span> <span class='ocrx_word' id='word_1_137' title='bbox 425 1369 433 1377; x_wconf 94' lang='lat'><strong><em>.</em></strong></span> <span class='ocrx_word' id='word_1_138' title='bbox 470 1369 477 1376; x_wconf 92' lang='lat'><strong>.</strong></span> <span class='ocrx_word' id='word_1_139' title='bbox 514 1373 520 1379; x_wconf 93' lang='lat'><em>.</em></span> <span class='ocrx_word' id='word_1_140' title='bbox 551 1348 610 1377; x_wconf 90' lang='lat' dir='ltr'>ex</span> <span class='ocrx_word' id='word_1_141' title='bbox 636 1334 762 1377; x_wconf 81' lang='lat' dir='ltr'>fama</span> <span class='ocrx_word' id='word_1_142' title='bbox 789 1334 976 1388; x_wconf 90' lang='lat' dir='ltr'>publica</span> <span class='ocrx_word' id='word_1_143' title='bbox 1002 1334 1231 1387; x_wconf 88' lang='lat' dir='ltr'>pervenit,</span> <span class='ocrx_word' id='word_1_144' title='bbox 1259 1334 1381 1387; x_wconf 91' lang='lat' dir='ltr'>quod</span> <span class='ocrx_word' id='word_1_145' title='bbox 1409 1333 1455 1375; x_wconf 91' lang='lat' dir='ltr'>in</span> <span class='ocrx_word' id='word_1_146' title='bbox 1481 1333 1786 1376; x_wconf 80' lang='lat' dir='ltr'>universitate</span> <span class='ocrx_word' id='word_1_147' title='bbox 1815 1333 2039 1388; x_wconf 88' lang='lat' dir='ltr'>Pragensi</span> 
     </span>
     <span class='ocr_line' id='line_1_18' title="bbox 264 1404 2041 1460; baseline -0.002 -11"><span class='ocrx_word' id='word_1_148' title='bbox 264 1420 350 1460; x_wconf 90' lang='lat' dir='ltr'>pro</span> <span class='ocrx_word' id='word_1_149' title='bbox 368 1406 533 1448; x_wconf 90' lang='lat' dir='ltr'>maiori</span> <span class='ocrx_word' id='word_1_150' title='bbox 552 1409 685 1460; x_wconf 90' lang='lat' dir='ltr'>parte</span> <span class='ocrx_word' id='word_1_151' title='bbox 704 1418 791 1459; x_wconf 87' lang='lat' dir='ltr'>per</span> <span class='ocrx_word' id='word_1_152' title='bbox 810 1418 932 1447; x_wconf 92' lang='lat' dir='ltr'>nunc</span> <span class='ocrx_word' id='word_1_153' title='bbox 952 1404 1222 1457; x_wconf 85' lang='lat' dir='ltr'>existentes,</span> <span class='ocrx_word' id='word_1_154' title='bbox 1244 1405 1392 1457; x_wconf 91' lang='lat' dir='ltr'>ipsam</span> <span class='ocrx_word' id='word_1_155' title='bbox 1414 1407 1632 1457; x_wconf 85' lang='lat' dir='ltr'>regentes</span> <span class='ocrx_word' id='word_1_156' title='bbox 1652 1417 1703 1447; x_wconf 90' lang='lat' dir='ltr'>ac</span> <span class='ocrx_word' id='word_1_157' title='bbox 1721 1405 1861 1447; x_wconf 90' lang='lat' dir='ltr'>etiam</span> <span class='ocrx_word' id='word_1_158' title='bbox 1882 1417 2041 1457; x_wconf 91' lang='lat' dir='ltr'>repre-</span> 
     </span>
    </p>
   </div>
   <div class='ocr_carea' id='block_1_3' title="bbox 255 1475 2037 2877">
    <p class='ocr_par' dir='ltr' id='par_1_4' title="bbox 266 1475 1350 1531">
     <span class='ocr_line' id='line_1_19' title="bbox 266 1475 1350 1531; baseline -0.003 -11"><span class='ocrx_word' id='word_1_159' title='bbox 266 1480 504 1520; x_wconf 83' lang='lat' dir='ltr'>sentantes</span> <span class='ocrx_word' id='word_1_160' title='bbox 529 1477 587 1520; x_wconf 90' lang='lat' dir='ltr'>ad</span> <span class='ocrx_word' id='word_1_161' title='bbox 608 1489 810 1531; x_wconf 87' lang='lat' dir='ltr'>presens</span> <span class='ocrx_word' id='word_1_162' title='bbox 834 1479 942 1519; x_wconf 90' lang='lat' dir='ltr'>sunt</span> <span class='ocrx_word' id='word_1_163' title='bbox 964 1488 1189 1529; x_wconf 89' lang='lat' dir='ltr'>sequaces</span> <span class='ocrx_word' id='word_1_164' title='bbox 1215 1510 1223 1518; x_wconf 91' lang='lat'><strong>.</strong></span> <span class='ocrx_word' id='word_1_165' title='bbox 1259 1509 1267 1517; x_wconf 92' lang='lat'><strong><em>.</em></strong></span> <span class='ocrx_word' id='word_1_166' title='bbox 1304 1475 1350 1529; x_wconf 82' lang='lat'>.¹)</span> 
     </span>
    </p>

    <p class='ocr_par' dir='ltr' id='par_1_5' title="bbox 255 1545 2037 2877">
     <span class='ocr_line' id='line_1_20' title="bbox 267 1545 2036 1602; baseline -0.002 -11"><span class='ocrx_word' id='word_1_167' title='bbox 267 1549 374 1591; x_wconf 79' lang='lat' dir='ltr'>Rev.</span> <span class='ocrx_word' id='word_1_168' title='bbox 398 1562 441 1602; x_wconf 90' lang='lat' dir='ltr'>p.</span> <span class='ocrx_word' id='word_1_169' title='bbox 466 1548 512 1590; x_wconf 92' lang='lat' dir='ltr'>in</span> <span class='ocrx_word' id='word_1_170' title='bbox 537 1548 642 1590; x_wconf 90' lang='lat' dir='ltr'>Chr.</span> <span class='ocrx_word' id='word_1_171' title='bbox 666 1561 709 1601; x_wconf 92' lang='lat' dir='ltr'>p.</span> <span class='ocrx_word' id='word_1_172' title='bbox 735 1548 775 1589; x_wconf 93' lang='lat' dir='ltr'>d.</span> <span class='ocrx_word' id='word_1_173' title='bbox 799 1547 1034 1590; x_wconf 90' lang='lat' dir='ltr'>Anthonio</span> <span class='ocrx_word' id='word_1_174' title='bbox 1057 1548 1278 1600; x_wconf 89' lang='lat' dir='ltr'>magistro</span> <span class='ocrx_word' id='word_1_175' title='bbox 1301 1547 1513 1600; x_wconf 87' lang='lat' dir='ltr'>generali</span> <span class='ocrx_word' id='word_1_176' title='bbox 1538 1546 1715 1589; x_wconf 90' lang='lat' dir='ltr'>ordinis</span> <span class='ocrx_word' id='word_1_177' title='bbox 1740 1546 1797 1588; x_wconf 92' lang='lat' dir='ltr'>de</span> <span class='ocrx_word' id='word_1_178' title='bbox 1822 1545 2036 1589; x_wconf 90' lang='lat' dir='ltr'>Mercede</span> 
     </span>
     <span class='ocr_line' id='line_1_21' title="bbox 265 1617 2037 1672; baseline -0.002 -10"><span class='ocrx_word' id='word_1_179' title='bbox 265 1624 308 1662; x_wconf 88' lang='lat' dir='ltr'>et</span> <span class='ocrx_word' id='word_1_180' title='bbox 345 1619 666 1662; x_wconf 87' lang='lat' dir='ltr'>ambassiatori</span> <span class='ocrx_word' id='word_1_181' title='bbox 704 1619 745 1661; x_wconf 90' lang='lat' dir='ltr'>d.</span> <span class='ocrx_word' id='word_1_182' title='bbox 782 1618 906 1672; x_wconf 88' lang='lat' dir='ltr'>regis</span> <span class='ocrx_word' id='word_1_183' title='bbox 942 1618 1209 1672; x_wconf 86' lang='lat' dir='ltr'>Aragonum</span> <span class='ocrx_word' id='word_1_184' title='bbox 1244 1618 1368 1671; x_wconf 89' lang='lat' dir='ltr'>apud</span> <span class='ocrx_word' id='word_1_185' title='bbox 1404 1617 1740 1660; x_wconf 89' lang='lat' dir='ltr'>Constanciam.</span> <span class='ocrx_word' id='word_1_186' title='bbox 1786 1618 1851 1660; x_wconf 95' lang='lat' dir='ltr'>Ne</span> <span class='ocrx_word' id='word_1_187' title='bbox 1888 1630 2037 1660; x_wconf 89' lang='lat' dir='ltr'>sacro-</span> 
     </span>
     <span class='ocr_line' id='line_1_22' title="bbox 265 1688 2037 1744; baseline -0.002 -11"><span class='ocrx_word' id='word_1_188' title='bbox 265 1694 420 1733; x_wconf 87' lang='lat' dir='ltr'>sancte</span> <span class='ocrx_word' id='word_1_189' title='bbox 449 1690 802 1744; x_wconf 86' lang='lat' dir='ltr'>congregacioni</span> <span class='ocrx_word' id='word_1_190' title='bbox 831 1690 887 1732; x_wconf 92' lang='lat' dir='ltr'>de</span> <span class='ocrx_word' id='word_1_191' title='bbox 916 1689 1117 1742; x_wconf 90' lang='lat' dir='ltr'>peractis</span> <span class='ocrx_word' id='word_1_192' title='bbox 1147 1690 1193 1731; x_wconf 93' lang='lat' dir='ltr'>in</span> <span class='ocrx_word' id='word_1_193' title='bbox 1220 1692 1380 1731; x_wconf 89' lang='lat' dir='ltr'>nostra</span> <span class='ocrx_word' id='word_1_194' title='bbox 1409 1689 1690 1731; x_wconf 87' lang='lat' dir='ltr'>ambassiata</span> <span class='ocrx_word' id='word_1_195' title='bbox 1719 1688 1871 1731; x_wconf 91' lang='lat' dir='ltr'>Ytalie</span> <span class='ocrx_word' id='word_1_196' title='bbox 1899 1691 1944 1730; x_wconf 90' lang='lat' dir='ltr'>et</span> <span class='ocrx_word' id='word_1_197' title='bbox 1971 1688 2037 1730; x_wconf 90' lang='lat' dir='ltr'>in-</span> 
     </span>
     <span class='ocr_line' id='line_1_23' title="bbox 264 1759 2035 1815; baseline -0.001 -12"><span class='ocrx_word' id='word_1_198' title='bbox 264 1762 413 1805; x_wconf 79' lang='lat' dir='ltr'>ventis</span> <span class='ocrx_word' id='word_1_199' title='bbox 436 1761 613 1815; x_wconf 92' lang='lat' dir='ltr'>aliquid</span> <span class='ocrx_word' id='word_1_200' title='bbox 635 1764 876 1804; x_wconf 89' lang='lat' dir='ltr'>remaneat</span> <span class='ocrx_word' id='word_1_201' title='bbox 897 1761 1171 1803; x_wconf 81' lang='lat' dir='ltr'>occultatum</span> <span class='ocrx_word' id='word_1_202' title='bbox 1195 1760 1279 1802; x_wconf 92' lang='lat' dir='ltr'>sed</span> <span class='ocrx_word' id='word_1_203' title='bbox 1300 1760 1454 1802; x_wconf 91' lang='lat' dir='ltr'>omnia</span> <span class='ocrx_word' id='word_1_204' title='bbox 1475 1760 1522 1801; x_wconf 92' lang='lat' dir='ltr'>in</span> <span class='ocrx_word' id='word_1_205' title='bbox 1546 1760 1710 1813; x_wconf 92' lang='lat' dir='ltr'>lucem,</span> <span class='ocrx_word' id='word_1_206' title='bbox 1731 1763 1869 1814; x_wconf 93' lang='lat' dir='ltr'>prout</span> <span class='ocrx_word' id='word_1_207' title='bbox 1890 1759 2035 1813; x_wconf 92' lang='lat' dir='ltr'>decet,</span> 
     </span>
     <span class='ocr_line' id='line_1_24' title="bbox 264 1830 2034 1885; baseline -0.001 -11"><span class='ocrx_word' id='word_1_208' title='bbox 264 1833 309 1874; x_wconf 91' lang='lat' dir='ltr'>in</span> <span class='ocrx_word' id='word_1_209' title='bbox 338 1836 429 1874; x_wconf 89' lang='lat' dir='ltr'>tam</span> <span class='ocrx_word' id='word_1_210' title='bbox 458 1833 551 1885; x_wconf 89' lang='lat' dir='ltr'>pio,</span> <span class='ocrx_word' id='word_1_211' title='bbox 579 1845 732 1884; x_wconf 86' lang='lat' dir='ltr'>ymmo</span> <span class='ocrx_word' id='word_1_212' title='bbox 760 1845 844 1885; x_wconf 88' lang='lat' dir='ltr'>pre</span> <span class='ocrx_word' id='word_1_213' title='bbox 876 1832 1049 1874; x_wconf 85' lang='lat' dir='ltr'>cunctis</span> <span class='ocrx_word' id='word_1_214' title='bbox 1078 1830 1346 1874; x_wconf 88' lang='lat' dir='ltr'>necessario</span> <span class='ocrx_word' id='word_1_215' title='bbox 1375 1831 1566 1884; x_wconf 90' lang='lat' dir='ltr'>negocio</span> <span class='ocrx_word' id='word_1_216' title='bbox 1595 1831 1782 1884; x_wconf 90' lang='lat' dir='ltr'>aperire</span> <span class='ocrx_word' id='word_1_217' title='bbox 1813 1834 1859 1872; x_wconf 93' lang='lat' dir='ltr'>et</span> <span class='ocrx_word' id='word_1_218' title='bbox 1886 1843 1946 1873; x_wconf 92' lang='lat' dir='ltr'>ne</span> <span class='ocrx_word' id='word_1_219' title='bbox 1975 1830 2034 1873; x_wconf 92' lang='lat' dir='ltr'>de</span> 
     </span>
     <span class='ocr_line' id='line_1_25' title="bbox 263 1901 2033 1956; baseline -0.001 -11"><span class='ocrx_word' id='word_1_220' title='bbox 263 1904 440 1946; x_wconf 74' lang='lat' dir='ltr'>federis</span> <span class='ocrx_word' id='word_1_221' title='bbox 474 1903 671 1956; x_wconf 90' lang='lat' dir='ltr'>legibus,</span> <span class='ocrx_word' id='word_1_222' title='bbox 707 1903 830 1956; x_wconf 92' lang='lat' dir='ltr'>quod</span> <span class='ocrx_word' id='word_1_223' title='bbox 864 1903 996 1945; x_wconf 88' lang='lat' dir='ltr'>vobis</span> <span class='ocrx_word' id='word_1_224' title='bbox 1030 1903 1175 1945; x_wconf 89' lang='lat' dir='ltr'>obtuli</span> <span class='ocrx_word' id='word_1_225' title='bbox 1210 1906 1258 1944; x_wconf 92' lang='lat' dir='ltr'>ut</span> <span class='ocrx_word' id='word_1_226' title='bbox 1292 1902 1413 1944; x_wconf 90' lang='lat' dir='ltr'>bene</span> <span class='ocrx_word' id='word_1_227' title='bbox 1449 1902 1627 1955; x_wconf 92' lang='lat' dir='ltr'>merito,</span> <span class='ocrx_word' id='word_1_228' title='bbox 1661 1901 2033 1955; x_wconf 90' lang='lat' dir='ltr'>prestantissime</span> 
     </span>
     <span class='ocr_line' id='line_1_26' title="bbox 263 1973 2034 2027; baseline -0.001 -11"><span class='ocrx_word' id='word_1_229' title='bbox 263 1977 409 2027; x_wconf 91' lang='lat' dir='ltr'>pater,</span> <span class='ocrx_word' id='word_1_230' title='bbox 433 1987 586 2027; x_wconf 88' lang='lat' dir='ltr'>ymmo</span> <span class='ocrx_word' id='word_1_231' title='bbox 611 1975 720 2016; x_wconf 90' lang='lat' dir='ltr'>etim</span> <span class='ocrx_word' id='word_1_232' title='bbox 746 1974 890 2016; x_wconf 90' lang='lat' dir='ltr'>amice</span> <span class='ocrx_word' id='word_1_233' title='bbox 917 1973 1260 2026; x_wconf 90' lang='lat' dir='ltr'>precarissime,</span> <span class='ocrx_word' id='word_1_234' title='bbox 1289 1973 1463 2026; x_wconf 91' lang='lat' dir='ltr'>aliquid</span> <span class='ocrx_word' id='word_1_235' title='bbox 1489 1973 1796 2026; x_wconf 89' lang='lat' dir='ltr'>decurtarem‚</span> <span class='ocrx_word' id='word_1_236' title='bbox 1821 1976 1964 2015; x_wconf 81' lang='lat' dir='ltr'>totum</span> <span class='ocrx_word' id='word_1_237' title='bbox 1990 1975 2034 2014; x_wconf 91' lang='lat' dir='ltr'>et</span> 
     </span>
     <span class='ocr_line' id='line_1_27' title="bbox 262 2043 2032 2098; baseline -0.001 -11"><span class='ocrx_word' id='word_1_238' title='bbox 262 2045 517 2098; x_wconf 84' lang='lat' dir='ltr'>quamlibet</span> <span class='ocrx_word' id='word_1_239' title='bbox 539 2048 720 2098; x_wconf 91' lang='lat' dir='ltr'>partem</span> <span class='ocrx_word' id='word_1_240' title='bbox 744 2048 1037 2098; x_wconf 90' lang='lat' dir='ltr'>peractorum</span> <span class='ocrx_word' id='word_1_241' title='bbox 1062 2045 1246 2086; x_wconf 87' lang='lat' dir='ltr'>decrevi</span> <span class='ocrx_word' id='word_1_242' title='bbox 1272 2057 1357 2098; x_wconf 89' lang='lat' dir='ltr'>per</span> <span class='ocrx_word' id='word_1_243' title='bbox 1381 2047 1650 2097; x_wconf 91' lang='lat' dir='ltr'>presentem</span> <span class='ocrx_word' id='word_1_244' title='bbox 1674 2043 1806 2086; x_wconf 92' lang='lat' dir='ltr'>vobis</span> <span class='ocrx_word' id='word_1_245' title='bbox 1828 2043 2032 2086; x_wconf 88' lang='lat' dir='ltr'>veridice</span> 
     </span>
     <span class='ocr_line' id='line_1_28' title="bbox 261 2114 2032 2169; baseline -0.001 -12"><span class='ocrx_word' id='word_1_246' title='bbox 261 2115 481 2168; x_wconf 87' lang='lat' dir='ltr'>enodare,</span> <span class='ocrx_word' id='word_1_247' title='bbox 509 2119 557 2158; x_wconf 90' lang='lat' dir='ltr'>ut</span> <span class='ocrx_word' id='word_1_248' title='bbox 584 2116 834 2169; x_wconf 86' lang='lat' dir='ltr'>perceptis,</span> <span class='ocrx_word' id='word_1_249' title='bbox 865 2129 953 2168; x_wconf 90' lang='lat' dir='ltr'>que</span> <span class='ocrx_word' id='word_1_250' title='bbox 984 2116 1041 2158; x_wconf 89' lang='lat' dir='ltr'>ad</span> <span class='ocrx_word' id='word_1_251' title='bbox 1071 2128 1169 2157; x_wconf 92' lang='lat' dir='ltr'>rem</span> <span class='ocrx_word' id='word_1_252' title='bbox 1199 2115 1375 2157; x_wconf 83' lang='lat' dir='ltr'>faciunt</span> <span class='ocrx_word' id='word_1_253' title='bbox 1404 2114 1803 2158; x_wconf 89' lang='lat' dir='ltr'>desideratissime</span> <span class='ocrx_word' id='word_1_254' title='bbox 1832 2114 2032 2166; x_wconf 91' lang='lat' dir='ltr'>unionis,</span> 
     </span>
     <span class='ocr_line' id='line_1_29' title="bbox 260 2185 2033 2240; baseline -0.001 -11"><span class='ocrx_word' id='word_1_255' title='bbox 260 2191 306 2229; x_wconf 89' lang='lat' dir='ltr'>et</span> <span class='ocrx_word' id='word_1_256' title='bbox 331 2190 487 2229; x_wconf 90' lang='lat' dir='ltr'>sancta</span> <span class='ocrx_word' id='word_1_257' title='bbox 514 2187 718 2240; x_wconf 90' lang='lat' dir='ltr'>synodus</span> <span class='ocrx_word' id='word_1_258' title='bbox 742 2187 942 2240; x_wconf 86' lang='lat' dir='ltr'>gaudeat</span> <span class='ocrx_word' id='word_1_259' title='bbox 967 2186 1303 2240; x_wconf 89' lang='lat' dir='ltr'>provideatque</span> <span class='ocrx_word' id='word_1_260' title='bbox 1331 2187 1377 2228; x_wconf 93' lang='lat' dir='ltr'>in</span> <span class='ocrx_word' id='word_1_261' title='bbox 1403 2186 1598 2228; x_wconf 80' lang='lat' dir='ltr'>materia</span> <span class='ocrx_word' id='word_1_262' title='bbox 1623 2185 1878 2239; x_wconf 80' lang='lat' dir='ltr'>oportunis,</span> <span class='ocrx_word' id='word_1_263' title='bbox 1904 2197 2033 2239; x_wconf 89' lang='lat' dir='ltr'>rega-</span> 
     </span>
     <span class='ocr_line' id='line_1_30' title="bbox 260 2256 2029 2311; baseline -0.001 -11"><span class='ocrx_word' id='word_1_264' title='bbox 260 2258 405 2300; x_wconf 90' lang='lat' dir='ltr'>cietur</span> <span class='ocrx_word' id='word_1_265' title='bbox 429 2258 732 2300; x_wconf 89' lang='lat' dir='ltr'>serenissimo</span> <span class='ocrx_word' id='word_1_266' title='bbox 754 2257 852 2311; x_wconf 86' lang='lat' dir='ltr'>regi</span> <span class='ocrx_word' id='word_1_267' title='bbox 876 2261 1035 2300; x_wconf 91' lang='lat' dir='ltr'>nostro</span> <span class='ocrx_word' id='word_1_268' title='bbox 1059 2262 1104 2300; x_wconf 92' lang='lat' dir='ltr'>et</span> <span class='ocrx_word' id='word_1_269' title='bbox 1125 2257 1295 2300; x_wconf 87' lang='lat' dir='ltr'>habeat</span> <span class='ocrx_word' id='word_1_270' title='bbox 1318 2271 1390 2299; x_wconf 94' lang='lat' dir='ltr'>me</span> <span class='ocrx_word' id='word_1_271' title='bbox 1413 2260 1539 2300; x_wconf 93' lang='lat' dir='ltr'>tanto</span> <span class='ocrx_word' id='word_1_272' title='bbox 1561 2257 1711 2299; x_wconf 90' lang='lat' dir='ltr'>labori</span> <span class='ocrx_word' id='word_1_273' title='bbox 1735 2256 2029 2299; x_wconf 90' lang='lat' dir='ltr'>insudantem</span> 
     </span>
     <span class='ocr_line' id='line_1_31' title="bbox 261 2328 2030 2382; baseline -0.001 -11"><span class='ocrx_word' id='word_1_274' title='bbox 261 2342 343 2371; x_wconf 88' lang='lat' dir='ltr'>sua</span> <span class='ocrx_word' id='word_1_275' title='bbox 378 2329 532 2382; x_wconf 87' lang='lat' dir='ltr'>gracia</span> <span class='ocrx_word' id='word_1_276' title='bbox 568 2329 991 2370; x_wconf 90' lang='lat' dir='ltr'>recommendatum</span> <span class='ocrx_word' id='word_1_277' title='bbox 1028 2332 1071 2370; x_wconf 89' lang='lat' dir='ltr'>et</span> <span class='ocrx_word' id='word_1_278' title='bbox 1106 2342 1187 2371; x_wconf 85' lang='lat' dir='ltr'>vos</span> <span class='ocrx_word' id='word_1_279' title='bbox 1221 2332 1454 2382; x_wconf 90' lang='lat' dir='ltr'>tamquam</span> <span class='ocrx_word' id='word_1_280' title='bbox 1489 2328 1659 2382; x_wconf 72' lang='lat' dir='ltr'>pugil⁸)</span> <span class='ocrx_word' id='word_1_281' title='bbox 1697 2328 1894 2370; x_wconf 91' lang='lat' dir='ltr'>invictus</span> <span class='ocrx_word' id='word_1_282' title='bbox 1929 2340 2030 2370; x_wconf 91' lang='lat' dir='ltr'>cum</span> 
     </span>
     <span class='ocr_line' id='line_1_32' title="bbox 257 2399 2030 2452; baseline -0.001 -10"><span class='ocrx_word' id='word_1_283' title='bbox 257 2403 349 2442; x_wconf 88' lang='lat' dir='ltr'>tam</span> <span class='ocrx_word' id='word_1_284' title='bbox 376 2399 637 2442; x_wconf 83' lang='lat' dir='ltr'>honorifico</span> <span class='ocrx_word' id='word_1_285' title='bbox 665 2402 766 2441; x_wconf 82' lang='lat' dir='ltr'>cetu</span> <span class='ocrx_word' id='word_1_286' title='bbox 796 2399 972 2452; x_wconf 89' lang='lat' dir='ltr'>pariter</span> <span class='ocrx_word' id='word_1_287' title='bbox 1001 2400 1234 2442; x_wconf 88' lang='lat' dir='ltr'>exultetis.</span> <span class='ocrx_word' id='word_1_288' title='bbox 1279 2399 1497 2452; x_wconf 84' lang='lat' dir='ltr'>Inprimis</span> <span class='ocrx_word' id='word_1_289' title='bbox 1527 2399 1730 2452; x_wconf 90' lang='lat' dir='ltr'>denique</span> <span class='ocrx_word' id='word_1_290' title='bbox 1757 2401 1863 2452; x_wconf 89' lang='lat' dir='ltr'>post</span> <span class='ocrx_word' id='word_1_291' title='bbox 1890 2410 2030 2441; x_wconf 87' lang='lat' dir='ltr'>exan-</span> 
     </span>
     <span class='ocr_line' id='line_1_33' title="bbox 258 2469 2029 2524; baseline -0.001 -12"><span class='ocrx_word' id='word_1_292' title='bbox 258 2471 410 2513; x_wconf 91' lang='lat' dir='ltr'>datam</span> <span class='ocrx_word' id='word_1_293' title='bbox 439 2471 560 2512; x_wconf 89' lang='lat' dir='ltr'>viam</span> <span class='ocrx_word' id='word_1_294' title='bbox 592 2470 866 2512; x_wconf 91' lang='lat' dir='ltr'>inadibilem</span> <span class='ocrx_word' id='word_1_295' title='bbox 895 2483 981 2524; x_wconf 90' lang='lat' dir='ltr'>per</span> <span class='ocrx_word' id='word_1_296' title='bbox 1011 2470 1233 2512; x_wconf 90' lang='lat' dir='ltr'>montium</span> <span class='ocrx_word' id='word_1_297' title='bbox 1264 2470 1429 2513; x_wconf 87' lang='lat' dir='ltr'>abruta</span> <span class='ocrx_word' id='word_1_298' title='bbox 1457 2474 1504 2512; x_wconf 90' lang='lat' dir='ltr'>et</span> <span class='ocrx_word' id='word_1_299' title='bbox 1532 2470 1763 2523; x_wconf 89' lang='lat' dir='ltr'>lapidiosa</span> <span class='ocrx_word' id='word_1_300' title='bbox 1793 2469 2029 2512; x_wconf 87' lang='lat' dir='ltr'>cacumina</span> 
     </span>
     <span class='ocr_line' id='line_1_34' title="bbox 257 2539 2029 2596; baseline -0.001 -12"><span class='ocrx_word' id='word_1_301' title='bbox 257 2542 501 2596; x_wconf 83' lang='lat' dir='ltr'>tangencia</span> <span class='ocrx_word' id='word_1_302' title='bbox 526 2554 723 2594; x_wconf 92' lang='lat' dir='ltr'>superos</span> <span class='ocrx_word' id='word_1_303' title='bbox 746 2544 850 2594; x_wconf 90' lang='lat' dir='ltr'>post</span> <span class='ocrx_word' id='word_1_304' title='bbox 872 2539 1121 2595; x_wconf 80' lang='lat' dir='ltr'>precipia¹&#39;)</span> <span class='ocrx_word' id='word_1_305' title='bbox 1150 2545 1195 2583; x_wconf 93' lang='lat' dir='ltr'>et</span> <span class='ocrx_word' id='word_1_306' title='bbox 1219 2540 1434 2583; x_wconf 85' lang='lat' dir='ltr'>deflexos</span> <span class='ocrx_word' id='word_1_307' title='bbox 1459 2541 1589 2584; x_wconf 91' lang='lat' dir='ltr'>sinus</span> <span class='ocrx_word' id='word_1_308' title='bbox 1614 2540 1814 2594; x_wconf 62' lang='lat' dir='ltr'>anervic)</span> <span class='ocrx_word' id='word_1_309' title='bbox 1843 2540 2029 2582; x_wconf 89' lang='lat' dir='ltr'>deveni—</span> 
     </span>
     <span class='ocr_line' id='line_1_35' title="bbox 258 2611 2028 2665; baseline -0.001 -10"><span class='ocrx_word' id='word_1_310' title='bbox 258 2625 360 2655; x_wconf 87' lang='lat' dir='ltr'>mus</span> <span class='ocrx_word' id='word_1_311' title='bbox 379 2613 577 2655; x_wconf 82' lang='lat' dir='ltr'>Januam</span> <span class='ocrx_word' id='word_1_312' title='bbox 599 2612 674 2655; x_wconf 92' lang='lat' dir='ltr'>die</span> <span class='ocrx_word' id='word_1_313' title='bbox 695 2612 882 2654; x_wconf 87' lang='lat' dir='ltr'>veneris</span> <span class='ocrx_word' id='word_1_314' title='bbox 903 2615 1008 2654; x_wconf 91' lang='lat' dir='ltr'>ante</span> <span class='ocrx_word' id='word_1_315' title='bbox 1030 2612 1200 2654; x_wconf 82' lang='lat' dir='ltr'>festum</span> <span class='ocrx_word' id='word_1_316' title='bbox 1222 2613 1483 2665; x_wconf 89' lang='lat' dir='ltr'>palmarum</span> <span class='ocrx_word' id='word_1_317' title='bbox 1505 2615 1550 2654; x_wconf 90' lang='lat' dir='ltr'>et</span> <span class='ocrx_word' id='word_1_318' title='bbox 1571 2611 1617 2653; x_wconf 93' lang='lat' dir='ltr'>in</span> <span class='ocrx_word' id='word_1_319' title='bbox 1640 2612 1840 2654; x_wconf 88' lang='lat' dir='ltr'>crastina</span> <span class='ocrx_word' id='word_1_320' title='bbox 1862 2623 2028 2665; x_wconf 84' lang='lat' dir='ltr'>magno</span> 
     </span>
     <span class='ocr_line' id='line_1_36' title="bbox 257 2682 2028 2736; baseline -0.001 -10"><span class='ocrx_word' id='word_1_321' title='bbox 257 2684 531 2726; x_wconf 91' lang='lat' dir='ltr'>consistorio</span> <span class='ocrx_word' id='word_1_322' title='bbox 552 2683 799 2726; x_wconf 90' lang='lat' dir='ltr'>assistente</span> <span class='ocrx_word' id='word_1_323' title='bbox 821 2684 1109 2736; x_wconf 89' lang='lat' dir='ltr'>propositum</span> <span class='ocrx_word' id='word_1_324' title='bbox 1130 2682 1217 2724; x_wconf 86' lang='lat' dir='ltr'>fuit</span> <span class='ocrx_word' id='word_1_325' title='bbox 1236 2683 1409 2724; x_wconf 91' lang='lat' dir='ltr'>thema:</span> <span class='ocrx_word' id='word_1_326' title='bbox 1444 2683 1559 2724; x_wconf 87' lang='lat' dir='ltr'>Ecce</span> <span class='ocrx_word' id='word_1_327' title='bbox 1582 2686 1687 2725; x_wconf 91' lang='lat' dir='ltr'>ante</span> <span class='ocrx_word' id='word_1_328' title='bbox 1710 2683 1895 2725; x_wconf 89' lang='lat' dir='ltr'>ianuam</span> <span class='ocrx_word' id='word_1_329' title='bbox 1916 2682 2028 2724; x_wconf 86' lang='lat' dir='ltr'>assi-</span> 
     </span>
     <span class='ocr_line' id='line_1_37' title="bbox 259 2753 2023 2808; baseline -0.001 -12"><span class='ocrx_word' id='word_1_330' title='bbox 259 2754 332 2796; x_wconf 73' lang='lat' dir='ltr'>stit</span> <span class='ocrx_word' id='word_1_331' title='bbox 374 2755 490 2805; x_wconf 85' lang='lat' dir='ltr'>(Jac.</span> <span class='ocrx_word' id='word_1_332' title='bbox 529 2754 608 2808; x_wconf 89' lang='lat' dir='ltr'>V).</span> <span class='ocrx_word' id='word_1_333' title='bbox 662 2755 750 2796; x_wconf 83' lang='lat' dir='ltr'>Per</span> <span class='ocrx_word' id='word_1_334' title='bbox 790 2754 912 2807; x_wconf 89' lang='lat' dir='ltr'>quod</span> <span class='ocrx_word' id='word_1_335' title='bbox 954 2754 1041 2795; x_wconf 82' lang='lat' dir='ltr'>fuit</span> <span class='ocrx_word' id='word_1_336' title='bbox 1080 2753 1330 2805; x_wconf 91' lang='lat' dir='ltr'>inductum,</span> <span class='ocrx_word' id='word_1_337' title='bbox 1371 2754 1572 2806; x_wconf 88' lang='lat' dir='ltr'>qualiter</span> <span class='ocrx_word' id='word_1_338' title='bbox 1612 2753 1943 2796; x_wconf 90' lang='lat' dir='ltr'>serenissimus</span> <span class='ocrx_word' id='word_1_339' title='bbox 1983 2753 2023 2796; x_wconf 92' lang='lat' dir='ltr'>d.</span> 
     </span>
     <span class='ocr_line' id='line_1_38' title="bbox 255 2821 2025 2877; baseline 0 -11"><span class='ocrx_word' id='word_1_340' title='bbox 255 2829 415 2868; x_wconf 89' lang='lat' dir='ltr'>noster</span> <span class='ocrx_word' id='word_1_341' title='bbox 451 2838 535 2867; x_wconf 88' lang='lat' dir='ltr'>rex</span> <span class='ocrx_word' id='word_1_342' title='bbox 574 2829 679 2868; x_wconf 93' lang='lat' dir='ltr'>ante</span> <span class='ocrx_word' id='word_1_343' title='bbox 719 2826 903 2867; x_wconf 87' lang='lat' dir='ltr'>ianuam</span> <span class='ocrx_word' id='word_1_344' title='bbox 943 2825 1105 2877; x_wconf 87' lang='lat' dir='ltr'>stabat,</span> <span class='ocrx_word' id='word_1_345' title='bbox 1145 2824 1425 2867; x_wconf 90' lang='lat' dir='ltr'>insinuando</span> <span class='ocrx_word' id='word_1_346' title='bbox 1462 2821 1796 2867; x_wconf 36' lang='lat' dir='ltr'>necessitatem*</span> <span class='ocrx_word' id='word_1_347' title='bbox 1826 2823 2025 2876; x_wconf 90' lang='lat' dir='ltr'>unionis,</span> 
     </span>
    </p>
   </div>
   <div class='ocr_carea' id='block_1_4' title="bbox 257 2939 2028 3104">
    <p class='ocr_par' dir='ltr' id='par_1_6' title="bbox 257 2939 2028 3104">
     <span class='ocr_line' id='line_1_39' title="bbox 361 2939 1433 2975; baseline -0.001 -8"><span class='ocrx_word' id='word_1_348' title='bbox 361 2943 389 2972; x_wconf 74' lang='lat' dir='ltr'>a)</span> <span class='ocrx_word' id='word_1_349' title='bbox 412 2941 445 2968; x_wconf 80' lang='lat'>0:</span> <span class='ocrx_word' id='word_1_350' title='bbox 466 2941 616 2975; x_wconf 72' lang='lat' dir='ltr'>pervigil.</span> <span class='ocrx_word' id='word_1_351' title='bbox 675 2942 706 2973; x_wconf 87' lang='lat' dir='ltr'>b)</span> <span class='ocrx_word' id='word_1_352' title='bbox 728 2943 759 2968; x_wconf 79' lang='lat' dir='ltr'>et</span> <span class='ocrx_word' id='word_1_353' title='bbox 782 2963 785 2966; x_wconf 93' lang='lat'>.</span> <span class='ocrx_word' id='word_1_354' title='bbox 808 2963 810 2965; x_wconf 87' lang='grc'><em>,</em></span> <span class='ocrx_word' id='word_1_355' title='bbox 834 2961 838 2966; x_wconf 96' lang='grc'><em>.</em></span> <span class='ocrx_word' id='word_1_356' title='bbox 862 2939 1044 2974; x_wconf 67' lang='lat' dir='ltr'>precipicia</span> <span class='ocrx_word' id='word_1_357' title='bbox 1064 2939 1144 2973; x_wconf 66' lang='lat' dir='ltr'>fehlt</span> <span class='ocrx_word' id='word_1_358' title='bbox 1166 2941 1201 2967; x_wconf 80' lang='grc' dir='ltr'>Β.</span> <span class='ocrx_word' id='word_1_359' title='bbox 1247 2944 1275 2968; x_wconf 75' lang='lat' dir='ltr'>c)</span> <span class='ocrx_word' id='word_1_360' title='bbox 1296 2940 1376 2973; x_wconf 70' lang='lat' dir='ltr'>fehlt</span> <span class='ocrx_word' id='word_1_361' title='bbox 1401 2942 1433 2966; x_wconf 68' lang='lat' dir='ltr'>li.</span> 
     </span>
     <span class='ocr_line' id='line_1_40' title="bbox 378 2996 2028 3043; baseline -0.003 -8"><span class='ocrx_word' id='word_1_362' title='bbox 378 3001 405 3043; x_wconf 88' lang='lat'>¹)</span> <span class='ocrx_word' id='word_1_363' title='bbox 436 3001 592 3042; x_wconf 54' lang='lat' dir='ltr'>Dela-rel,</span> <span class='ocrx_word' id='word_1_364' title='bbox 621 3002 735 3035; x_wconf 70' lang='lat' dir='ltr'>durch</span> <span class='ocrx_word' id='word_1_365' title='bbox 768 3001 933 3035; x_wconf 67' lang='lat' dir='ltr'>welches</span> <span class='ocrx_word' id='word_1_366' title='bbox 972 3000 1100 3035; x_wconf 74' lang='lat' dir='ltr'>Vilalz&#39;s</span> <span class='ocrx_word' id='word_1_367' title='bbox 1132 3000 1354 3035; x_wconf 69' lang='lat' dir='ltr'>&#39;salonensis</span> <span class='ocrx_word' id='word_1_368' title='bbox 1383 3003 1418 3035; x_wconf 70' lang='lat' dir='ltr'>el</span> <span class='ocrx_word' id='word_1_369' title='bbox 1446 3001 1593 3035; x_wconf 74' lang='lat' dir='ltr'>Alanus</span> <span class='ocrx_word' id='word_1_370' title='bbox 1621 3000 1831 3035; x_wconf 75' lang='lat' dir='ltr'>Leonensis</span> <span class='ocrx_word' id='word_1_371' title='bbox 1860 2996 2028 3043; x_wconf 80' lang='lat' dir='ltr'>episcopi</span> 
     </span>
     <span class='ocr_line' id='line_1_41' title="bbox 257 3059 1190 3104; baseline 0.001 -12"><span class='ocrx_word' id='word_1_372' title='bbox 257 3069 299 3092; x_wconf 77' lang='lat'>211</span> <span class='ocrx_word' id='word_1_373' title='bbox 329 3059 811 3104; x_wconf 59' lang='lat' dir='ltr'>Uni«rsuchunysrz&#39;clzlern</span> <span class='ocrx_word' id='word_1_374' title='bbox 837 3061 998 3094; x_wconf 77' lang='lat' dir='ltr'>ernannl</span> <span class='ocrx_word' id='word_1_375' title='bbox 1022 3059 1190 3093; x_wconf 71' lang='lat' dir='ltr'>werden.</span> 
     </span>
    </p>
   </div>
  </div>
 </body>
</html>
