2102 3444
265 76 349 118 598
706 71 773 106 III.
801 68 1010 105 Abschnitt.
1050 66 1203 101 Reform
1233 66 1311 100 und
1338 65 1586 110 Verfassung.

267 192 398 233 michi
432 190 582 240 licent,
614 189 694 231 scd
725 200 816 229 non
847 185 998 228 omnia
1030 183 1342 237 expediunt1).
1386 183 1441 226 Et
1470 183 1643 226 exinde
1675 184 1775 237 ipse
1807 184 1948 227 idem:
1980 184 2027 228 Si

265 261 530 303 scandalum
561 260 730 307 fecero,
761 270 850 299 non
882 255 1168 298 manducabo
1196 266 1364 307 panem
1395 255 1441 295 in
1471 255 1724 309 eternum2)
1758 288 1766 297 .
1802 288 1811 297 .
1846 289 1855 298 .

382 343 435 384 Et
461 354 545 394 pro
575 341 671 381 Deo
698 339 978 385 advertatur,
1006 340 1164 390 preter
1192 335 1482 389 supradictos
1511 336 1699 390 malosss)
1729 337 1886 390 exiget
1913 336 2030 380 alios

264 415 364 454 fere
399 410 731 452 inumerabiles
767 409 822 451 ad
857 420 1013 460 unum,
1047 407 1125 460 quvi
1162 407 1289 449 solus
1324 419 1410 459 pro
1444 419 1493 449 se
1529 406 1773 450 sufficeret
1807 407 1866 450 ad
1899 419 2030 450 revo-

264 483 494 524 cacionem
550 481 740 522 istarum
795 479 1131 529 vacanciarum,
1187 478 1404 530 quoniam
1460 478 1671 530 sequitur
1723 490 1782 519 ex
1835 477 2029 521 istarum

263 552 604 594 vaccanciarum
639 547 987 603 percepcione¹*)
1025 549 1282 591 destruccio
1316 548 1520 590 omnium
1554 548 1858 591 ecclesiarum
1887 549 2031 602 parti-

263 623 485 664 cularium
515 621 572 663 de
601 620 721 662 facto
748 624 908 673 preter
936 619 1081 661 eciam
1112 619 1279 660 iurium
1310 619 1513 660 omnium
1546 618 1879 661 infriccionem.
1922 619 2030 662 Pro-

263 696 409 735 motus
437 693 559 734 enim
587 704 645 733 ex
674 691 946 742 ambicione,
975 703 1063 743 quc
1091 690 1201 743 hics‘)
1233 702 1394 731 omnes
1421 689 1762 732 ecclesiasticos
1787 690 1961 733 *invasit
1985 694 2030 734 et

262 762 508 816 presertim
536 797 545 815 ,
570 762 712 815 proch
742 762 886 812 dolor,
912 761 959 802 in
985 760 1180 803 nacione
1205 763 1366 802 nostra
1394 794 1402 802 .
1438 794 1446 802 .
1483 794 1491 802 .
1517 760 1584 802 nil
1612 773 1637 803 a
1663 761 1817 813 prima
1843 760 1920 803 die
1946 773 2030 804 sue

261 833 568 887 promocionis
605 832 912 885 principalius
949 831 1146 874 intendit
1182 844 1318 884 quam
1357 831 1414 873 ad
1451 831 1798 873 assecucionem
1835 831 2030 874 alterius

262 901 558 957 pinguiorisd)
586 903 796 955 ecclesie,
822 915 957 955 quam
985 915 1035 944 se
1061 902 1255 955 adsequi
1279 915 1373 944 non
1397 915 1536 955 posse
1559 901 1701 955 scite),
1724 902 1816 945 nisi
1838 913 2029 956 congre-

260 976 376 1028 gatis
399 974 634 1028 peccuniis
656 987 742 1027 pro
765 974 1001 1016 solucione
1026 974 1232 1015 vacantis
1253 973 1471 1015 habiture
1493 972 1691 1015 ecclesie
1714 975 1760 1015 et
1779 973 2030 1016 multorum

262 1045 456 1087 aliorum
483 1048 745 1097 sumptuum
771 1045 817 1085 in
842 1044 1174 1097 prosecucione
1201 1043 1584 1097 contfflgencium,
1609 1056 1703 1097 que
1722 1044 2031 1086 ⁴communiter

262 1116 514 1158 ascendunt
536 1116 657 1158 ultra
681 1112 1001 1168 solucionemf)
1028 1114 1349 1168 principalem.
1386 1115 1441 1156 Et
1461 1127 1547 1168 pro
1567 1114 1667 1167 hoc,
1688 1114 1814 1168 quod
1835 1114 2030 1157 deberet

262 1199 498 1239 exponere
522 1186 568 1227 in
591 1186 835 1228 utilitatem
861 1186 935 1227 vel
960 1187 1287 1228 necessitatem
1312 1186 1510 1228 eccle-sie
1533 1185 1608 1227 vel
1632 1198 1746 1228 uisus
1768 1197 2029 1239 pau-perum

262 1260 338 1299 aut
372 1257 460 1299 alia
494 1270 636 1310 opera
670 1257 871 1310 pietatis,
907 1260 1154 1310 congregat
1188 1257 1235 1298 in
1268 1257 1425 1309 bursa,
1459 1259 1508 1298 ut
1543 1256 1650 1298 inde
1688 1257 1827 1299 aliam
1859 1256 2031 1299 habeat

261 1328 564 1381 pinguiorem.
613 1328 666 1370 Et
702 1327 764 1370 sic
798 1340 891 1369 non
926 1327 1226 1380 prosequitur
1261 1329 1361 1369 iura
1397 1328 1610 1380 ecclesie,
1646 1326 1855 1370 edifficia
1890 1339 2029 1369 ruere

261 1398 481 1450 permittit
512 1401 556 1440 et
587 1398 643 1440 de
674 1398 952 1450 patrimonio
984 1399 1181 1441 ecclesie
1210 1411 1311 1451 sue,
1343 1411 1445 1440 cum
1474 1411 1580 1440 eam
1609 1410 1703 1440 non
1734 1397 1947 1452 habeatg)
1982 1398 2029 1440 in

263 1482 466 1521 uxorem,
503 1468 718 1521 quoniam
754 1482 847 1510 non
884 1469 1124 1511 individuo
1161 1470 1314 1512 animo
1348 1467 1679 1524 persistendih)
1718 1481 1820 1511 cum
1855 1481 1913 1512 ea
1943 1471 2029 1522 est,

261 1540 344 1581 sed
367 1541 512 1593 magis
537 1553 638 1582 eam
662 1540 707 1581 in
731 1541 1032 1583 concubinam
1055 1544 1184 1583 tenet
1207 1540 1265 1582 ad
1287 1544 1484 1593 tempus.
1521 1541 1577 1583 Et
1599 1544 1775 1583 certum
1797 1543 1882 1593 est,
1907 1538 2030 1594 quod

261 1623 381 1663 papa
411 1610 579 1665 istumi)
614 1611 754 1653 talem
788 1611 1087 1654 ambiciosum
1118 1625 1213 1654 non
1246 1611 1523 1664 admitteret,
1551 1612 1594 1654 «si
1626 1609 1914 1653 commodum
1943 1611 2030 1654 hoc

260 1694 318 1723 ex
354 1682 439 1724 ista
474 1683 690 1724 vacancia
724 1695 816 1724 non
851 1683 1130 1736 perciperet.
1178 1683 1234 1725 Et
1266 1682 1327 1725 ita
1364 1686 1630 1725 remaneret
1663 1685 1895 1736 perpetuo
1927 1693 2028 1724 cum

262 1765 430 1804 sponsa
458 1766 538 1794 sua
564 1754 713 1806 prima
741 1756 786 1795 et
811 1757 1049 1796 cessarent
1076 1754 1164 1797 ista
1190 1753 1572 1796 inconveniencia
1599 1791 1606 1797 .
1643 1787 1651 1795 .
1687 1787 1696 1795 .
1736 1752 1850 1795 Cum
1874 1765 2029 1795 occur-

262 1823 318 1865 rit
342 1824 496 1876 aliqua
520 1825 718 1865 ecclesie
744 1824 940 1877 vacacio,
967 1825 1025 1867 ad
1048 1825 1113 1866 nil
1141 1825 1269 1867 aliud
1293 1824 1441 1866 tendit
1465 1823 1593 1866 curia
1617 1824 1838 1876 Romana,
1862 1824 1955 1866 nisi
1978 1826 2029 1866 ut

261 1906 317 1935 ex
348 1894 431 1936 hoc
465 1895 609 1947 possit
639 1895 796 1937 facere
828 1896 990 1949 plures
1022 1899 1067 1938 et
1096 1896 1259 1949 plures
1292 1895 1631 1938 translaciones
1661 1897 1855 1949 propter
1887 1894 2029 1937 avidi-

263 1968 400 2007 tatem
443 1966 769 2018 peccuniarum
814 1967 1000 2009 racione
1045 1968 1382 2009 vacanciarum.
1438 1967 1494 2009 Et
1536 1965 1791 2020 aliquando
1831 1978 1893 2008 ex
1933 1977 2028 2008 una

261 2036 503 2077 vacacione
542 2036 661 2078 fiunt
700 2050 781 2080 sex
820 2039 892 2079 vel
935 2041 1112 2091 septem
1152 2038 1491 2080 translaciones
1529 2040 1724 2091 propter
1762 2036 2027 2080 aviditatem

262 2106 451 2148 istarum
480 2108 839 2150 vaccanciarum.

377 2189 469 2230 Hec
501 2189 684 2241 quidem
716 2192 918 2233 currenti
950 2191 1126 2233 calamo
1158 2191 1390 2244 descripta
1421 2194 1528 2233 sunt
1554 2190 1613 2233 de
1642 2189 2027 2233 concurrentibus

262 2271 344 2311 pro
375 2261 596 2311 presenti.
629 2260 674 2301 in
706 2264 925 2312 quantum
956 2261 1288 2304 universaliter
1318 2262 1463 2316 tangit
1493 2261 1700 2304 universi
1732 2261 1860 2304 orbis
1885 2260 2028 2314 parti-

261 2330 442 2371 culares
481 2330 702 2373 ecclesias
739 2335 787 2373 et
825 2332 1137 2375 ecclesiastica
1177 2332 1411 2376 beneficia
1451 2333 1497 2374 in
1538 2333 1782 2375 communi.
1835 2332 1889 2374 In
1927 2331 2026 2374 fine

261 2403 427 2451 tamen,
461 2414 560 2442 cum
594 2414 869 2454 responsum
904 2401 1100 2457 fueratk)
1134 2404 1196 2446 ad
1228 2405 1464 2457 naciones,
1497 2414 1588 2457 qu⁴e
1620 2403 1838 2445 videntur
1868 2402 2026 2446 facere

261 2483 345 2523 pro
373 2474 503 2524 parte
534 2473 775 2526 contraria,
808 2474 1075 2517 subnectam
1107 2475 1165 2517 de
1192 2475 1299 2523 hiis,
1330 2476 1376 2516 in
1408 2475 1578 2528 quibus
1607 2475 1730 2517 ultra
1756 2474 1877 2516 alias
1905 2472 2026 2516 naci-

260 2553 373 2583 ones
403 2543 605 2595 tangitur
636 2543 875 2587 Gallicana
906 2549 951 2587 et
982 2545 1230 2598 presertim
1264 2547 1310 2587 in
1342 2546 1538 2588 Francie
1570 2558 1729 2599 regno.
1772 2545 1865 2587 Pro
1891 2547 2024 2598 parte

262 2614 413 2653 autem
442 2613 683 2665 contraria,
712 2618 759 2657 ut
786 2615 939 2658 debite
967 2617 1090 2659 bono
1114 2616 1217 2659 iure
1246 2613 1455 2671 fuerinfl)
1487 2619 1532 2659 et
1554 2616 1618 2659 de
1644 2612 1871 2670 preterito
1896 2610 1942 2659 et
1967 2614 2024 2657 de

260 2682 415 2725 futuro
447 2684 568 2737 exigi
601 2686 829 2741 possintffi)
862 2690 910 2728 et
943 2687 1158 2740 debeant,
1190 2688 1347 2731 multis
1378 2688 1563 2730 videtur
1594 2686 1785 2741 probari
1816 2686 1891 2730 vel
1924 2697 2024 2730 sua-

366 2853 394 2871 a·
416 2846 453 2873 Su
482 2847 531 2873 118.
611 2847 643 2873 bi
664 2847 746 2880 sulm
773 2849 856 2881 quia.
932 2853 960 2877 v»
983 2851 1027 2877 Hs
1049 2850 1116 2877 lice.
1185 2850 1216 2883 ι1)
1238 2852 1284 2878 Hs
1305 2851 1470 2885 pinguius.
1552 2852 1580 2882 e)
1604 2851 1648 2878 Hs
1668 2849 1722 2878 sit.
1777 2849 1803 2883 s)
1826 2851 1872 2878 Hs
1895 2848 2024 2877 soltem.

260 2899 291 2922 w
316 2892 358 2918 m
380 2892 530 2919 habeant.
587 2893 618 2919 hi
643 2894 855 2928 prosistcmli.
912 2896 934 2924 i)
959 2897 1002 2923 Hs
1022 2896 1129 2923 istam.
1200 2898 1233 2930 k)
1254 2898 1292 2925 So
1318 2899 1369 2925 113.
1431 2897 1454 2927 l]
1479 2899 1523 2925 ῙῙε
1542 2898 1686 2925 fuerunt.
1745 2897 1788 2931 m)
1809 2897 1855 2925 He
1874 2895 2021 2932 possunt.

354 2952 386 2994 1)
413 2952 439 2986 I.
466 2953 547 2988 Cor.
573 2955 604 2995 6,
630 2954 681 2988 12.
826 2956 855 2999 ²)
883 2956 931 2991 II.
956 2956 1038 2992 Gor.
1064 2958 1095 2999 8,
1122 2959 1173 2993 13.
