2102 3444
245 148 329 189 762
683 146 750 180 111.
781 146 992 181 Abschnitt.
1035 145 1190 180 Reform
1221 146 1300 180 und
1332 145 1580 190 Verfassung.

303 265 342 307 2.
383 264 589 307 [lntwort
618 265 701 306 der
728 264 977 306 Auditores
1007 263 1128 305 sacri
1155 263 1325 316 palacii
1354 263 1435 317 auf
1462 264 1678 308 mehrere
1706 266 1956 309 rechtliche

663 334 919 387 Anfrayen.
958 333 1207 387 Konstanz,
1235 334 1348 377 1416
1374 333 1500 377 Miirz
1527 335 1595 377 11.

364 426 482 463 Paris,
510 426 603 461 [iim.
633 429 703 460 nal.
732 425 820 461 Cael.
858 426 1068 460 Victorinus
1096 426 1210 461 14457
1233 426 1259 470 Τ.
1283 427 1382 462 369υ.

362 498 606 540 Universis
631 501 675 539 et
701 498 897 551 singulis
922 500 1170 550 presentes
1195 497 1374 540 litteras
1396 497 1679 552 ‘inspecturis
1701 512 1790 543 nos
1814 500 2017 544 decanus

246 572 290 610 et
312 568 556 621 collegium
581 568 842 610 auditorum
868 568 986 611 sacri
1009 569 1178 621 palacii
1201 581 1446 611 causarum
1469 570 1710 623 apostol-ici
1733 571 1931 613 salutem
1954 605 1963 614 .
1980 605 1990 614 .
2006 605 2016 614 .

245 639 468 689 Quoniam
502 673 510 680 .
546 677 552 683 .
591 673 598 681 .
630 652 715 681 nos
746 652 888 692 super
918 651 1108 681 occurso
1138 639 1416 693 plerumque
1449 640 1603 694 dubio,
1634 653 1693 683 an
1723 641 1941 684 videlicet
1970 642 2017 685 in

247 710 460 751 omnibus
482 710 683 752 narratis
707 710 765 752 sit
785 710 1069 752 credendum
1093 723 1214 763 pape
1236 710 1408 752 factum
1430 709 1782 764 predecessoris
1804 712 1875 754 sui
1894 712 2018 755 refe-

248 782 366 822 renti
394 780 449 822 de
476 781 630 833 gracia
657 781 793 822 alicui
820 781 954 829 facta,
982 780 1039 822 de
1067 793 1157 834 qua
1183 780 1337 823 littere
1364 794 1457 823 non
1483 781 1675 824 fuerunt
1700 782 1908 825 confecte
1936 783 2018 826 sed

248 855 350 904 post
384 852 485 893 eius
521 851 693 893 obitum
729 851 776 892 in
812 851 962 893 forma
998 851 1201 904 ‚Racioni
1237 852 1500 906 oongmit‘1)
1539 852 1873 906 expediuntun
1909 854 2018 897 item

250 936 304 963 un
330 922 587 975 acceptacio
610 923 753 964 bullis
776 935 869 964 non
893 922 1116 965 confectis
1140 922 1247 964 fieri
1271 923 1435 976 possit3
1461 922 1570 965 item
1595 936 1668 976 an,
1691 923 1798 967 licet
1820 936 1913 966 non
1936 923 2019 967 fiat

249 994 507 1046 acceptacio
533 993 656 1035 infra
682 1005 906 1045 mensem,
932 994 1024 1035 sint
1050 1006 1214 1035 manus
1240 993 1467 1035 ordinarii
1495 994 1670 1046 clause;
1698 994 1807 1036 item
1831 994 1911 1037 ubi
1937 994 2019 1038 fiat

249 1065 507 1117 acceptacio
540 1064 664 1106 infra
696 1077 919 1116 mensem,
953 1077 1011 1106 an
1044 1067 1147 1117 post
1180 1076 1388 1106 mensem
1421 1064 1567 1106 eciam
1598 1077 1765 1107 manus
1797 1064 2019 1108 ordinarii

248 1135 339 1177 sint
364 1136 538 1187 clause;
567 1134 675 1178 item
702 1138 946 1188 postquam
973 1135 1031 1178 lis
1055 1138 1126 1177 est
1153 1135 1199 1176 in
1225 1135 1366 1187 curia,
1394 1148 1452 1177 an
1477 1148 1716 1188 nunquam
1741 1135 1906 1178 finitur
1929 1135 2019 1179 nisi

248 1219 333 1259 per
357 1206 641 1247 sentenciam
666 1206 722 1248 ad
745 1206 1011 1248 huiusmodi
1037 1205 1388 1259 consulendum,
1413 1240 1422 1248 .
1458 1240 1466 1248 .
1502 1239 1510 1248 .
1536 1209 1693 1248 notum
1718 1206 1913 1249 facimus
1932 1219 2021 1260 per

249 1280 508 1330 presentes,
542 1277 663 1329 quod
696 1279 787 1318 tam
823 1311 831 1318 .
867 1311 875 1317 .
912 1311 920 1319 .
954 1276 1131 1330 antiqui
1165 1276 1401 1319 auditore-s
1430 1277 1480 1318 *in
1514 1276 1682 1319 decisis
1717 1277 1887 1319 iurium
1915 1290 2020 1320 con-

251 1348 550 1400 clusionibus,
593 1361 708 1400 quas
753 1347 1014 1390 decisiones
1057 1351 1156 1390 rote
1201 1347 1444 1390 iudiciales
1488 1347 1595 1390 dicti
1637 1348 1807 1401 palacii
1848 1361 2020 1390 nuncu-

251 1422 433 1471 parunt,
473 1431 609 1471 quam
649 1419 794 1461 eciam
834 1432 919 1461 nos
959 1431 1122 1461 omnes
1162 1418 1496 1460 indifferenter
1535 1419 1732 1472 sumptis
1770 1421 1816 1461 et
1851 1418 2021 1462 secutis

251 1490 563 1532 decisionibus
604 1490 718 1543 ipsis
758 1524 766 1531 .
802 1524 810 1531 .
846 1525 854 1532 .
894 1490 1012 1532 hanc
1049 1493 1263 1532 tenemus
1300 1492 1346 1532 et
1384 1502 1626 1532 servamus
1664 1489 2021 1543 conclusionem,

251 1560 478 1613 videlicet,
511 1561 633 1613 quod
664 1561 711 1602 in
742 1561 958 1603 omnibus
989 1561 1192 1603 narratis
1223 1560 1509 1602 credendum
1542 1563 1613 1603 est
1642 1573 1765 1614 pape
1796 1559 2022 1603 referenti

251 1632 421 1674 factum
454 1631 805 1684 predecessoris
842 1633 912 1674 sui
948 1632 1004 1674 de
1039 1631 1193 1685 gracia
1225 1631 1364 1674 alicui
1399 1631 1534 1685 facta,
1566 1644 1712 1684 super
1745 1644 1835 1684 qua
1868 1631 2020 1674 littere

252 1706 357 1744 ante
393 1704 494 1745 eius
528 1703 703 1745 obitum
738 1716 830 1745 non
866 1703 1043 1745 fuerint
1077 1702 1285 1745 confecte
1323 1702 1406 1744 sed
1438 1705 1544 1755 post
1577 1703 1679 1744 eius
1713 1702 1887 1745 obitum
1916 1713 2021 1744 con-

252 1773 473 1815 ficiuntur
498 1775 544 1815 in
568 1774 719 1816 forma
743 1774 946 1826 ‚Racioni
971 1773 1215 1827 congru=it⁴;
1238 1776 1287 1816 *at
1310 1773 1433 1826 quod
1458 1773 1719 1826 acceptacio
1740 1772 1849 1815 fieri
1872 1774 2022 1826 potest

252 1850 297 1888 et
325 1846 447 1887 valet
476 1845 645 1887 litteris
674 1857 767 1887 non
797 1844 1038 1896 confectis3
1069 1848 1115 1887 et
1142 1847 1334 1898 propter
1365 1844 1617 1897 decretum,
1645 1843 1792 1886 eciam
1821 1843 1901 1886 ubi
1930 1855 2022 1885 non

251 1916 339 1958 fuit
362 1916 482 1958 facta
508 1917 767 1969 acce-ptacio
793 1916 915 1958 infra
941 1928 1165 1969 mensem,
1190 1928 1355 1957 manus
1381 1915 1608 1957 ordinarii
1633 1917 1827 1968 propter
1850 1913 2023 1956 mensis

253 1986 597 2039 apposicionem
627 1990 733 2029 sunt
761 1988 936 2039 clause;
967 1990 1011 2029 et
1037 1987 1116 2028 ubi
1144 1986 1199 2028 fit
1227 1985 1485 2039 acceptacio
1514 1986 1659 2028 eciam
1686 1988 1791 2039 post
1814 1996 2022 2028 mensem

254 2062 358 2100 sunt
389 2058 564 2110 clause;
596 2061 640 2100 et
670 2058 806 2110 quod,
838 2057 1024 2111 quando
1053 2057 1111 2100 lis
1141 2060 1212 2100 est
1241 2057 1288 2099 in
1318 2057 1446 2099 curIa
1473 2069 1712 2110 nunquam
1740 2056 1905 2099 finitur
1931 2054 2022 2098 nisi

253 2141 337 2181 per
363 2128 646 2170 sentenciam
673 2163 681 2171 .
718 2163 725 2170 .
762 2163 770 2171 .
811 2129 863 2170 In
889 2129 1058 2182 quibus
1083 2141 1169 2171 nos
1191 2128 1399 2181 propriis
1424 2128 1640 2170 manibus
1662 2125 2022 2181 subscripsimus

344 2234 351 2241 .
394 2199 533 2253 sigilli
574 2199 861 2242 venerabilis
898 2203 946 2242 et
986 2198 1161 2253 egregii
1203 2199 1290 2241 viri
1331 2199 1373 2241 d.
1415 2199 1588 2241 Thome
1630 2198 1687 2240 de
1727 2196 2023 2251 Berengeriis

255 2270 431 2323 decani,
456 2304 464 2312 .
500 2304 508 2312 .
544 2304 552 2312 .
576 2283 677 2312 cum
698 2270 940 2324 proprium
963 2283 1156 2312 comune
1179 2270 1383 2323 sigillum
1405 2282 1499 2311 non
1520 2269 1762 2322 habemus,
1785 2306 1793 2313 .
1829 2301 1838 2310 .
1873 2301 1882 2310 .
1904 2266 2023 2310 ordi-

255 2342 467 2383 navimus
496 2342 786 2394 appensione
815 2341 1000 2383 muniri.

374 2412 539 2454 Datum
580 2412 856 2454 Constancie
896 2413 942 2454 in
981 2412 1220 2466 provincia
1259 2410 1604 2465 Maguntinensi
1640 2411 1729 2453 sub
1766 2422 1889 2453 anno
1927 2442 1936 2451 .
1970 2441 1979 2450 .
2013 2440 2022 2449 .

260 2482 452 2525 MCCCC
485 2482 662 2525 decimo
694 2486 839 2535 sexto,
870 2482 1127 2525 indiccione
1158 2495 1295 2536 nona,
1323 2482 1401 2524 die
1432 2495 1545 2524 vero
1574 2481 1820 2524 undecima
1850 2478 2023 2522 mensis

262 2553 413 2595 Marcii
444 2554 554 2595 sede
584 2554 836 2606 apostolica
863 2557 1051 2607 pastore
1080 2555 1281 2596 carente.

374 2625 469 2677 Ego
511 2625 710 2668 Thomas
754 2625 810 2666 de
854 2624 1154 2678 Berengeriis
1197 2625 1350 2677 legum
1396 2624 1554 2666 doctor
1595 2626 1642 2666 et
1683 2622 1885 2665 decanus
1926 2622 2022 2662 rote

258 2696 573 2748 suprascripta
599 2698 790 2737 attestor
812 2695 915 2738 fore
940 2708 1050 2738 vera
1077 2698 1121 2738 et
1145 2695 1385 2737 observari
1410 2693 1519 2736 vidi.

375 2766 469 2818 Ego
497 2766 697 2808 Jacobus
727 2766 784 2808 de
816 2766 1007 2819 Camplo
1034 2766 1278 2819 utriusque
1307 2764 1421 2808 iuris
1447 2765 1610 2807 doctor
1636 2768 1682 2808 et
1710 2763 1828 2807 sacri
1858 2759 2022 2816 palacii

258 2836 496 2889 apostolici
524 2850 767 2879 causarum
795 2837 977 2879 auditor
1003 2836 1126 2878 idem
1153 2836 1255 2879 dico
1280 2870 1289 2878 .
1325 2870 1333 2878 .
1369 2869 1378 2878 .

375 2907 470 2960 Ego
502 2907 741 2949 Johannes
774 2907 992 2950 Abetzier
1024 2907 1194 2960 doctor,
1228 2906 1410 2950 auditor
1443 2940 1452 2949 .
1487 2940 1496 2948 .
1531 2939 1540 2948 .

376 3036 407 3077 1)
444 3035 518 3077 l'ql.
545 3036 639 3070 (lazzi
667 3034 809 3078 Gc'llcr,
833 3036 938 3071 Rom.
966 3034 1251 3079 Quart-Sciam
1278 3036 1380 3077 1906,
1405 3035 1439 3071 S.
1463 3035 1543 3071 5207.
