2102 3444
282 118 366 161 ‘206
818 118 842 152 I.
870 118 1080 154 Abschnitt.
1118 118 1517 164 Konzilstagebiicher.

284 235 520 288 Pisanum;
554 249 639 278 nec
670 241 770 279 erat
801 238 1099 290 conveniens,
1131 238 1253 290 quod
1285 251 1419 291 unus,
1451 240 1527 292 qui
1559 244 1660 282 erat
1692 238 1978 282 scismaticus
2008 241 2054 281 et

283 307 516 349 hereticus
548 311 593 350 et
624 309 682 350 ab
713 309 912 350 ecclesia
941 308 1168 362 precisus,
1202 308 1418 351 videlicet
1450 310 1596 352 frater
1628 311 1868 352 Johannes
1901 305 2059 352 Domi-⁵

281 378 370 419 nici
404 377 725 420 admitteretur
756 382 803 420 ut
833 379 1087 422 cardinalis
1119 380 1163 420 in
1198 381 1296 422 loco
1328 380 1526 422 concilii:
1571 385 1616 423 et
1647 381 1784 423 huius
1816 380 2052 423 sentencie

283 448 368 490 fuit
396 458 565 490 revmuS
592 449 634 492 d.
664 450 704 491 d.
734 450 962 492 Antonius
990 450 1109 492 tituli
1139 454 1295 492 sancte
1325 450 1496 493 Cecilie
1523 452 1771 504 presbyter
1799 451 2052 494 cardinalis

283 519 339 561 de
368 519 594 564 Challant.

397 590 682 644 Quamquam
717 594 869 632 autem
904 592 1031 634 varie
1067 604 1208 645 super
1241 593 1462 645 predictis
1497 596 1655 635 essent
1689 593 1936 646 sententie,
1967 606 2052 646 pro

282 662 443 703 maiori
472 664 627 704 tamen
655 665 788 714 parte
817 662 861 703 in
889 663 972 704 hoc
1001 666 1333 716 convenerunt,
1362 664 1482 716 quod
1512 665 1669 706 salvus
1696 663 1949 706 conductus
1973 675 2052 717 pe-

281 731 388 775 titus
414 732 482 774 eis
511 732 611 774 dari
640 732 852 785 deberet;
881 733 1023 775 nichil
1051 737 1206 775 tamen
1233 734 1314 776 illo
1341 722 1476 777 mane
1504 747 1646 787 super
1673 734 1757 776 hoc
1784 734 2050 776 conclusum

280 803 429 844 extitit
455 806 646 864 propter
672 804 826 846 varias
853 804 1098 857 opiniones
1123 808 1168 846 et
1195 805 1458 847 sentencias
1483 808 1880 858 congregatorum.

397 885 482 927 Die
512 885 673 928 martis
703 889 861 928 octava
891 886 1064 929 mensis
1093 887 1305 929 Januarii
1335 890 1544 930 oratores
1575 887 1810 930 solemnes
1838 887 1963 930 Petri
1992 887 2049 929 de

281 956 409 998 Luna
436 959 482 998 et
506 957 631 1010 regis
657 956 924 1009 Aragonum
951 958 1183 1000 civitatem
1211 957 1485 1000 Constancie
1514 958 1559 999 in
1586 970 1783 1000 numero
1809 957 2050 1011 sexaginta

278 1039 503 1079 equorum
537 1027 611 1069 vel
645 1027 765 1069 circa
798 1027 999 1080 ingressi
1034 1031 1158 1080 sunt;
1193 1041 1389 1081 quorum
1424 1030 1612 1071 nomina
1646 1028 1845 1071 inferius
1879 1029 2050 1071 descri-

280 1098 463 1140 buntur.
502 1098 556 1140 Et
580 1098 731 1151 primo
755 1111 840 1151 pro
864 1101 996 1152 parte
1023 1099 1148 1141 Petri
1173 1099 1229 1141 de
1255 1099 1386 1142 Luna
1406 1100 1451 1141 d.
1477 1099 1645 1142 Avinio
1669 1100 1726 1142 de
1752 1099 1916 1142 ordine
1941 1100 2050 1142 Pre-

277 1169 530 1210 dicatorum
571 1170 791 1222 magister
832 1169 877 1210 in
916 1170 1150 1222 theologia
1189 1171 1437 1223 episcopus
1476 1171 1770 1223 Senecensis,
1810 1170 1852 1213 d.
1892 1171 2050 1213 James

273 1240 512 1282 Abelhero
532 1240 730 1294 doctora)
756 1274 763 1282 .
782 1274 789 1282 .
809 1254 836 1291 .;
854 1253 939 1294 pro
954 1243 1086 1294 parte
1102 1241 1226 1294 regis
1242 1242 1508 1294 Aragonum
1525 1241 1566 1283 d.
1585 1241 1786 1284 Didacus
1800 1242 2051 1295 episcopus

275 1311 609 1364 Samorrensis,
637 1311 678 1353 d.
707 1311 775 1353 Jo.
804 1311 950 1353 Dixar
976 1312 1091 1354 baro
1117 1316 1162 1354 et
1189 1312 1229 1354 d.
1260 1312 1425 1354 Petrus
1452 1313 1508 1354 de
1538 1310 1693 1367 Falxb)
1725 1312 1895 1354 doctor.

396 1393 480 1436 Die
503 1394 690 1437 veneris
712 1394 790 1437 XI.
815 1395 993 1437 mensis
1011 1395 1223 1437 Januarii
1245 1407 1340 1437 rev.
1364 1396 1411 1436 in
1435 1394 1540 1437 Chr.
1563 1395 1711 1437 frater
1734 1394 1776 1453 d.
1798 1395 2048 1448 episcopus

276 1465 630 1508 Cameracensis
656 1465 897 1518 ingressus
923 1469 993 1508 est
1019 1465 1343 1508 Constanciam
1369 1478 1470 1507 cum
1497 1465 1780 1519 pulcerrimo
1805 1468 2046 1519 apparatu.

394 1548 478 1590 Die
510 1548 691 1590 sabbati
722 1548 826 1591 XII.
857 1549 1069 1591 Januarii
1101 1561 1195 1593 rev.
1228 1549 1275 1590 in
1307 1548 1413 1591 Chr.
1444 1561 1488 1602 p.
1520 1549 1561 1591 d.
1593 1548 1635 1591 d.
1667 1549 2048 1602 archiepiscopus

280 1618 572 1672 Maguntinus
595 1619 798 1662 totaliter
822 1623 1028 1662 armatus
1051 1622 1276 1672 vesteque
1301 1620 1444 1662 veluti
1469 1620 1603 1661 rubei
1629 1619 1823 1662 vestitus
1844 1619 2047 1661 sociatus

275 1689 501 1733 militibus
525 1693 569 1732 et
593 1691 839 1743 armigeris
863 1690 1074 1733 ducentis
1098 1694 1143 1733 et
1166 1691 1288 1733 ultra
1312 1690 1596 1743 precedente
1621 1689 1795 1732 vexillo
1819 1702 1921 1732 cum
1944 1689 2047 1732 eius

276 1760 490 1814 insigniis
514 1764 559 1803 et
582 1761 791 1803 delatore
814 1762 942 1804 ensis
966 1765 1071 1803 ante
1096 1774 1217 1814 eum,
1242 1774 1292 1804 ac
1316 1761 1612 1803 obviantibus
1636 1760 1726 1804 sibi
1749 1773 1844 1803 rev.
1867 1761 1915 1803 in
1938 1760 2046 1804 Chr.

273 1843 317 1884 p.
354 1831 395 1873 d.
432 1831 665 1874 Landulfo
700 1832 1006 1874 miseracione
1043 1832 1200 1875 divina
1232 1832 1354 1874 tituli
1389 1832 1534 1875 sancti
1568 1831 1742 1874 Nicolai
1774 1831 1824 1873 vin
1859 1843 2045 1874 carcere

274 1902 490 1945 Tulliano
515 1902 708 1945 diacono
732 1903 959 1945 cardinali
983 1903 1179 1945 Barensi
1202 1906 1247 1945 et
1270 1903 1519 1957 magnifico
1542 1902 1688 1945 milite
1712 1902 1754 1945 d.
1777 1902 1964 1945 Nicolao
1986 1901 2044 1944 de

273 1973 503 2026 Robertis‚
528 1973 748 2027 magistro
774 1974 969 2027 hospicii
996 1974 1037 2016 d.
1064 1974 1210 2016 nostri
1237 1987 1373 2027 pape,
1398 1977 1443 2016 et
1469 1973 1718 2027 magnifico
1743 1973 1964 2016 Bertoldo
1986 1972 2045 2015 de

272 2044 470 2096 Ursinis,
509 2044 671 2086 comite
709 2045 917 2097 palatino
954 2049 999 2087 et
1037 2044 1205 2097 Suane‚
1243 2045 1551 2097 omnibusque
1589 2044 1781 2087 familiis
1821 2044 1862 2086 d.
1901 2043 2046 2086 cardi-

273 2115 449 2157 nalium
487 2114 686 2168 aliisque
723 2116 919 2168 prelatis
958 2119 1003 2157 et
1041 2115 1240 2157 dominis
1278 2115 1507 2158 civitatem
1547 2115 1959 2158 Constanciensem
1997 2115 2044 2156 in

273 2188 500 2239 apparatu
527 2187 810 2239 pulcerrimo
838 2187 1078 2238 ingressus
1106 2189 1189 2228 est.

392 2257 566 2299 Eadem
606 2257 680 2298 die
721 2269 816 2299 rev.
856 2257 897 2299 d.
936 2258 1186 2310 episcopus
1225 2257 1583 2310 Herbipolensis
1621 2269 1722 2299 cum
1759 2257 2044 2313 pulcerrimo

274 2330 502 2381 apparatu
537 2327 860 2370 Constanciam
895 2320 1137 2381 ingressus
1173 2331 1256 2370 est.

390 2397 565 2440 Eadem
592 2398 666 2440 die
694 2401 904 2440 oratores
931 2399 1166 2440 solemnes
1194 2398 1318 2440 Petri
1344 2399 1401 2439 de
1430 2398 1560 2440 Luna
1587 2399 1633 2439 in
1660 2397 1904 2440 audiencia
1930 2398 2043 2452 pub-

272 2470 359 2511 lica
384 2469 586 2522 plurium
612 2470 899 2522 prelatorum
923 2472 967 2511 et
994 2470 1038 2510 in
1066 2470 1348 2511 monasterio
1374 2470 1518 2510 sancti
1546 2469 1669 2511 Petri
1693 2470 1741 2510 in
1767 2468 2039 2523 Crucelinr)

272 2540 318 2581 in
354 2540 593 2583 suburbiis
629 2540 824 2583 civitatis
863 2539 1253 2592 Constanciensis‚
1290 2540 1368 2581 ubi
1405 2540 1446 2581 d.
1483 2552 1568 2581 rex
1601 2539 1914 2582 Romanorum
1949 2551 2041 2581 una

271 2623 371 2653 cum
403 2610 588 2653 domina
619 2611 782 2664 regina
812 2610 1122 2652 residenciam
1153 2610 1401 2663 faciebant,
1433 2613 1752 2663 exposuerunt
1781 2609 1880 2664 regi
1910 2621 2041 2653 suam

272 2682 572 2735 legacionem.
617 2681 771 2724 Prima
802 2693 851 2724 se
883 2676 1239 2734 excusaverunt,
1270 2681 1394 2733 quod
1425 2681 1564 2722 cicius
1596 2681 1758 2722 venire
1789 2692 1882 2723 non
1912 2682 2041 2734 potu·
2066 2713 2069 2715 μ

270 2756 403 2794 erant
427 2755 619 2806 propter
644 2755 823 2806 pestem
850 2752 895 2794 in
920 2752 1132 2805 partibus
1158 2752 1404 2805 vigentem,
1430 2755 1623 2804 propter
1649 2752 1832 2805 longam
1857 2750 2040 2794 itineris

271 2823 545 2866 distanciam
578 2826 622 2865 et
655 2823 777 2866 mala
810 2823 992 2865 itinera.
1037 2822 1250 2865 Secundo
1285 2822 1503 2864 dixerunt
1536 2835 1623 2876 pro
1654 2824 1788 2876 parte
1822 2821 1948 2864 Petri
1981 2821 2039 2863 de

270 2893 414 2947 Luna,
444 2894 568 2947 quod
596 2897 786 2948 paratus
816 2897 917 2936 erat
945 2906 1030 2947 per
1058 2896 1201 2935 totum
1231 2905 1440 2934 mensem
1470 2892 1647 2946 Aprilis
1675 2893 1888 2946 proxime
1918 2892 2039 2934 futu-

374 3040 404 3065 α)
425 3032 508 3067 sulm
533 3033 634 3060 Lu'clcoe
659 3035 693 3066 ll,
711 3036 738 3061 (¹.
779 3034 809 3066 b)
833 3036 870 3061 C:
891 3033 979 3061 Flax.
1026 3040 1053 3061 cn
1076 3032 1180 3061 sancti
1197 3055 1200 3060 .
1218 3054 1221 3058 .
1238 3031 1424 3059 .(Jruceli11i
1447 3032 1477 3058 in
1494 3033 1519 3058 B
1542 3040 1600 3059 con
1622 3032 1763 3059 andere]-
1785 3032 1893 3065 Hand,
1913 3031 1994 3065 seha
2010 3032 2039 3058 (J.
