2227 3434
0 0 105 90 Γ,

574 203 612 237 Β.
658 202 905 238 Avisamente
938 202 1007 236 der
1039 200 1356 235 Reformatorien.
1763 199 1849 242 639

82 323 276 366 alterius
305 321 415 364 ann-i
444 321 593 364 altera
623 320 862 373 medietas,
891 323 938 362 et
966 321 1003 362 si
1034 319 1106 362 bis
1138 320 1184 361 in
1214 332 1337 361 anno
1365 317 1611 370 vacaverit,
1640 330 1733 359 non
1762 317 1850 359 sol-

80 397 213 436 vatur
233 393 323 435 nisi
343 393 504 435 semel.
539 392 593 433 Et
612 391 808 433 ecclesie
831 403 881 433 ac
902 390 1197 443 monasteria,
1218 402 1306 443 que
1327 394 1432 432 sunt
1455 388 1660 430 indebite
1681 391 1849 439 taxata,

82 463 238 506 debite
263 466 494 505 taxentur.

204 534 316 576 Item
341 533 464 586 quod
486 545 609 586 papa
633 545 718 586 pro
743 533 952 585 ternpore
979 531 1201 584 existens,
1226 531 1273 573 in
1299 531 1395 573 suis
1420 530 1767 584 provisionibus
1793 528 1850 571 ad

80 605 346 659 prelaturas
380 608 425 646 et
461 603 552 646 alia
586 603 819 644 beneficia
854 602 1167 644 ecclesiastica
1202 605 1402 643 mentem
1438 601 1608 643 habeat
1642 604 1686 643 et
1721 603 1851 654 gerat

81 675 333 728 specialem
365 675 423 717 ad
452 674 664 717 doctores
696 674 741 715 in
771 673 1019 726 theologia,
1050 672 1150 714 iure
1181 673 1402 714 canonico
1431 675 1476 714 et
1505 672 1628 713 civili
1660 675 1706 713 et
1734 671 1851 724 ipsis

81 746 208 788 iuxta
240 757 402 787 eorum
433 744 700 787 habilitates
732 747 777 786 et
810 743 1127 785 sufficiencias
1161 743 1219 785 ad
1250 743 1606 795 gubernandum
1640 742 1686 783 in
1719 741 1851 794 spiri-

80 817 284 860 tualibus
308 819 354 858 et
376 815 713 868 temporalibus
737 814 979 868 provideat
1003 817 1048 855 et
1072 826 1153 855 eos
1177 816 1447 866 promoveat
1472 814 1592 855 inter
1617 813 1788 866 alios.²¹)

202 887 315 930 Item
343 886 467 940 quod
494 885 846 938 archiepiscopi,
875 884 1096 938 episcopi,
1125 884 1332 936 abbates,
1361 885 1544 937 priores
1573 888 1619 926 et
1647 883 1725 925 alii
1756 882 1851 936 qui-

80 970 262 1011 cunque
301 957 571 1010 spirituales
609 955 948 998 beneficiorum
987 955 1299 1008 spiritualium
1340 955 1600 1007 collatores,
1640 954 1850 996 doctores

83 1029 129 1070 in
152 1028 398 1081 theologia,
423 1028 524 1069 iure
547 1026 768 1069 canonico
790 1027 863 1067 vel
887 1026 1010 1067 civili
1033 1038 1214 1067 necnon
1238 1025 1523 1067 baccaIarIos
1548 1025 1594 1066 in
1617 1025 1849 1077 theologia

81 1099 140 1141 ad
168 1110 443 1152 quecunque
475 1097 709 1139 beneficia
740 1109 841 1138 cum
873 1083 982 1138 cura
1012 1099 1145 1138 extra
1177 1096 1400 1138 ecclesias
1432 1095 1725 1138 cathedrales
1757 1095 1851 1136 exi-

0 1164 15 1195 *2
81 1170 271 1222 stencia,
295 1168 519 1222 quamdiu
543 1168 686 1221 aliqui
712 1167 975 1209 huiusmodi
1001 1167 1227 1219 doctores,
1253 1166 1458 1220 magistri
1485 1167 1582 1208 sive
1608 1166 1851 1218 licenciati,

79 1240 175 1284 nati
208 1240 255 1282 in
288 1239 565 1291 diocesibus,
599 1239 679 1280 ubi
710 1238 975 1280 huiusmodi
1009 1237 1242 1279 beneficia
1276 1238 1494 1289 existunt,
1528 1250 1620 1278 non
1654 1236 1850 1290 promoti

81 1310 270 1364 fuerint,
305 1321 490 1363 semper
523 1322 666 1351 unum
700 1322 759 1351 ex
792 1308 1054 1351 huiusmodi
1091 1308 1352 1360 beneficiis,
1387 1320 1570 1349 exnunc
1606 1308 1741 1350 simul
1776 1308 1851 1349 vel

81 1381 343 1424 successive
370 1381 615 1433 vacaturis,
641 1379 886 1422 conferant
912 1392 996 1422 seu
1023 1379 1080 1421 ad
1106 1392 1162 1421 ea
1187 1382 1462 1431 presentent
1487 1378 1533 1420 in
1560 1378 1711 1420 forma
1737 1378 1851 1419 iuris

40 1471 43 1472 ⁷
82 1451 140 1494 de
173 1455 383 1504 tempore
420 1452 467 1493 in
501 1454 697 1504 tempus,
746 1450 831 1502 Qui
868 1450 1055 1503 quidem
1091 1450 1304 1492 doctores
1340 1449 1386 1490 in
1421 1450 1655 1502 theologia
1691 1452 1736 1490 et
1772 1449 1850 1491 alii

79 1522 274 1576 predicti
308 1523 372 1565 sic
400 1521 708 1574 promovendi
741 1534 883 1574 super
916 1520 1092 1563 eisdem
1128 1521 1225 1563 suis
1257 1520 1504 1562 beneficiis
1537 1519 1774 1562 resideant
1807 1522 1851 1561 et

13 1626 17 1631 .
81 1592 178 1635 suis
205 1592 427 1635 doctrinis
452 1595 497 1634 et
524 1592 755 1645 exemplis
782 1592 1005 1645 populum
1033 1591 1286 1633 informent
1314 1591 1359 1632 in
1389 1591 1491 1644 lege
1520 1590 1691 1633 Christi
1721 1593 1766 1632 et
1794 1589 1851 1632 ad

79 1663 164 1705 hoc
192 1676 277 1717 per
306 1676 413 1706 suos
443 1663 706 1705 ordinarios
735 1659 1131 1715 compellanturffi)

198 1734 314 1776 Item
348 1733 701 1787 archiepiscopi,
736 1734 944 1786 episcopi
980 1733 1026 1774 in
1062 1732 1395 1775 collacionibus
1429 1732 1767 1774 beneficiorum
1804 1733 1850 1773 in

14 1845 19 1849 ,
80 1804 292 1846 ecclesiis
314 1804 662 1846 cathedralibus
685 1807 730 1846 et
752 1803 1007 1857 collegiatis
1031 1803 1244 1845 doctores
1267 1803 1314 1844 in
1338 1803 1570 1856 theologia
1594 1803 1695 1844 iure
1719 1815 1851 1845 cano-

80 1875 182 1918 nico
212 1875 277 1918 sic
305 1875 509 1917 habeant
538 1874 828 1927 recomissos,
859 1874 981 1927 quod
1011 1874 1058 1915 in
1087 1873 1298 1916 ecclesiis
1329 1873 1674 1916 cathedralibus
1706 1873 1851 1927 digni-

79 1948 197 1988 tates
224 1948 270 1988 et
294 1945 529 1987 beneficia
555 1958 641 1998 pro
666 1945 899 1998 theologia
927 1945 1023 1987 sive
1052 1945 1152 1987 iure
1180 1944 1400 1986 canonico
1428 1944 1679 1993 in‚eisdem
1707 1944 1851 1985 eccle-

81 2016 163 2060 siis
193 2016 406 2070 legendis
436 2016 644 2069 fundata,
671 2028 761 2069 vper
792 2015 1057 2058 huiusmodi
1083 2015 1300 2058 doctores
1331 2015 1377 2056 in
1409 2015 1642 2068 theologia
1674 2018 1719 2056 et
1750 2015 1850 2056 iure

80 2086 299 2129 canonico
327 2090 373 2128 et
402 2099 495 2129 non
525 2099 610 2140 per
640 2086 758 2128 alios
787 2086 1090 2139 quovismodo
1117 2088 1401 2139 occupentur
1430 2085 1557 2128 iuxta
1585 2089 1776 2128 naturas
1806 2089 1850 2128 et

81 2157 387 2200 fundaciones
425 2157 682 2199 eorundem
720 2157 1074 2199 beneficiorum.
1125 2156 1209 2208 Qui
1249 2156 1437 2210 quidem
1475 2156 1687 2199 doctores
1725 2157 1851 2198 theo-

80 2227 248 2281 logiam
280 2231 326 2270 et
357 2228 460 2270 iura
490 2227 711 2270 canonica
743 2228 791 2269 in
824 2227 1000 2270 eisdem
1034 2227 1244 2270 ecclesiis
1276 2227 1403 2269 iuxta
1436 2227 1625 2269 easdem
1658 2230 1849 2269 naturas

81 2301 125 2340 ot
150 2297 457 2341 fundaciones
480 2299 794 2350 personaliter
821 2301 865 2341 et
891 2297 1105 2340 continue
1133 2298 1301 2351 legant.

196 2368 420 2412 Preterea
440 2369 581 2411 iidem
602 2368 939 2422 archiepiscopi
959 2372 1006 2411 et
1027 2369 1234 2422 episcopi
1258 2369 1376 2411 alias
1397 2368 1644 2422 dignItates
1665 2368 1849 2410 canoni-

81 2442 208 2482 catus
234 2442 280 2481 et
306 2439 574 2492 prebendas
600 2439 649 2480 in
677 2439 872 2492 singulis
902 2440 998 2482 suis
1027 2439 1238 2482 ecclesiis
1267 2438 1613 2481 cathedralibus
1641 2442 1686 2481 et
1713 2439 1850 2480 colle-

78 2507 214 2561 giatis
236 2509 300 2552 sic
322 2509 579 2562 conferant,
602 2509 725 2563 quod
747 2509 967 2562 quamdiu
989 2511 1133 2563 aliqui
1156 2510 1421 2552 huiusmodi
1443 2510 1669 2562 doctores,
1691 2510 1848 2552 bacca-

80 2578 184 2621 larii
213 2579 311 2622 sive
339 2579 580 2632 licenciati,
609 2581 655 2621 in
684 2581 782 2623 suis
808 2580 1072 2623 diocesibus
1099 2580 1193 2622 nati
1221 2583 1266 2622 et
1292 2592 1384 2622 non
1411 2580 1609 2633 promoti
1639 2592 1722 2623 seu
1749 2581 1848 2621 uni-

81 2659 181 2690 cum
214 2649 498 2692 beneficium
532 2653 708 2692 tantum
742 2651 985 2703 habentes,
1021 2651 1219 2704 reperiri
1257 2654 1475 2704 poterunt
1508 2650 1691 2703 ydonei,
1728 2650 1848 2692 inter

81 2721 277 2770 quatuor
298 2719 562 2762 huiusmodi
588 2720 834 2774 dignitates
860 2733 943 2763 seu
967 2721 1234 2774 prebendas
1257 2734 1342 2774 per
1366 2724 1559 2763 mortem
1585 2721 1680 2764 sive
1706 2720 1847 2773 resig-

80 2787 319 2831 nacionem
349 2789 395 2831 in
424 2789 601 2832 eisdem
631 2791 843 2834 ecclesiis
870 2791 1218 2834 cathedralibus
1246 2796 1291 2835 et
1320 2791 1576 2845 collegiatis
1606 2794 1847 2833 vacaturas

81 2869 218 2901 unam
245 2859 489 2903 conferant
514 2861 650 2904 alicui
677 2861 947 2904 eorundem.
987 2862 1041 2904 Et
1067 2865 1283 2915 preterea
1306 2862 1427 2905 alios
1453 2862 1716 2903 huiusmodi
1746 2861 1846 2903 doc-

184 2966 214 2993 a)
242 2963 270 2988 E
289 2971 341 2989 (ιιιι
363 2963 494 2989 Ranae:
527 2963 597 2990 Non
619 2963 726 2994 detur,
755 2963 832 2997 qnia
859 2971 922 2990 non
945 2963 1108 2997 expedita,
1136 2965 1192 2991 scd
1214 2965 1333 2999 pvnulvt
1354 2964 1470 2991 adhuc.
1542 2964 1573 2991 l»
1596 2965 1622 2990 E
1642 2972 1691 2989 am
1716 2964 1846 2990 Rauda:

79 3005 186 3036 XVIII.
204 3008 401 3036 Novembris
422 3010 622 3041 conclusum,
647 3009 734 3044 quod
764 3011 872 3037 stetur
893 3010 1049 3044 capitulo,
1070 3013 1227 3044 quantum
1249 3012 1288 3038 ml
1313 3012 1355 3042 i‹l,
1377 3012 1462 3045 quod
1488 3011 1532 3037 ibi
1555 3011 1678 3038 dicitur
1700 3011 1739 3037 (le
1761 3011 1839 3038 resi-

79 3052 193 3082 daneta
223 3055 256 3083 in
289 3056 372 3083 locis
405 3057 664 3084 universitatum
691 3057 885 3084 studiorum.
923 3057 976 3083 Illi
1009 3061 1117 3085 tamen
1148 3058 1187 3085 dc
1216 3059 1352 3085 nacione
1379 3058 1552 3086 Gallicana
1573 3058 1738 3091 duxerunt,
1758 3058 1844 3091 quod

79 3105 180 3135 super
199 3102 262 3130 hoc
282 3103 494 3131 contulerant
514 3103 600 3131 inter
620 3111 656 3131 se
677 3103 735 3131 scd
755 3103 899 3131 nonduin
920 3106 1014 3131 eraut
1034 3104 1224 3131 concordes.
