2227 3434
554 182 598 216 A.
639 181 837 216 Fillastres
866 181 981 216 Gesta
1008 181 1159 216 concilii
1186 181 1500 216 Constantiensis.
1855 182 1911 225 39

260 302 358 354 Qua
387 301 626 343 sentencia
655 301 773 342 lecta
803 301 1008 342 surrexit
1036 300 1288 342 cardinalis
1319 300 1462 343 sancti
1498 300 1649 353 Marci,
1678 302 1754 353 qui
1787 301 1912 343 audi-

147 376 244 415 erat
262 372 310 414 in
331 372 544 425 legendo,
565 371 689 424 quod
709 371 952 413 concilium
974 371 1242 413 declarabat
1260 371 1441 413 notoria
1461 371 1653 413 crimina
1674 372 1911 425 proposita

146 455 228 496 per
266 446 613 496 procuratorem
652 442 832 484 concilii
873 445 1030 484 contra
1070 455 1238 495 papam
1278 446 1323 483 et
1361 454 1504 494 super
1545 442 1639 484 illis
1678 446 1910 495 tamquam

146 526 286 567 super
322 514 518 556 notoriis
553 513 901 566 procedendum
941 516 986 555 et
1024 513 1152 565 dixit,
1191 513 1313 565 quod
1352 513 1613 555 attenderet
1652 514 1910 564 concilium,

144 586 250 638 quia
282 587 553 638 procurator
586 584 766 626 concilii
800 587 1123 637 proposuerat,
1156 587 1205 625 ut
1239 585 1284 625 in
1318 583 1539 625 citacione
1574 584 1910 635 continebatur,

143 655 317 698 crimen
342 656 526 698 heresis
552 658 597 697 et
622 655 821 697 fautorie
850 655 1077 697 scismatis
1104 658 1148 696 et
1176 655 1268 697 alia
1295 654 1509 707 quedam,
1536 655 1593 696 de
1622 655 1791 708 quibus
1817 667 1910 696 non

142 727 393 779 constabat,
425 739 579 779 neque
612 726 733 768 idem
768 725 1020 768 cardinalis
1053 725 1274 767 credebat
1307 726 1387 767 illa
1419 738 1524 768 esse
1559 726 1739 767 notoria
1773 729 1910 779 atque

142 798 400 851 periculum
427 798 489 840 ita
518 797 789 839 decernere.
833 797 886 839 Et
915 797 972 839 ob
1002 797 1087 838 hoc
1116 796 1407 849 postmodum
1438 797 1519 838 illa
1550 796 1786 838 sentencia
1816 809 1911 838 cor-

142 872 266 911 recta
288 868 375 911 fuit
397 869 444 910 in
466 868 616 910 forma
639 869 954 922 prescriptafl)

259 940 390 994 Legit
414 943 631 993 preterea
659 939 782 981 idem
809 939 1073 992 patriarcha
1101 939 1146 980 in
1174 938 1271 980 fine
1300 939 1538 980 sentencie
1566 951 1705 980 unam
1731 939 1910 980 clausu-

141 1012 247 1064 lam,
272 1024 358 1065 per
383 1024 520 1064 quam
547 1010 790 1052 concilium
819 1010 1091 1052 reservabat
1118 1009 1417 1062 disposicioni
1446 1022 1527 1051 sue
1554 1008 1908 1051 collocacionem

140 1086 185 1124 et
223 1082 538 1136 provisionem
577 1082 780 1124 omnium
820 1082 1138 1133 ecclesiarum,
1178 1081 1566 1123 monasteriorum
1604 1084 1649 1122 et
1688 1079 1910 1121 benefici-

140 1166 286 1207 orum,
310 1154 457 1196 donec
481 1153 616 1195 aliter
639 1156 764 1195 esset
788 1153 1064 1194 ordinatum.
1106 1153 1173 1193 De
1200 1165 1289 1204 qua
1314 1151 1638 1193 reservacione
1664 1151 1909 1192 concilium

139 1224 255 1267 nihil
293 1237 496 1278 unquam
537 1224 883 1266 deliberaverat
922 1237 1007 1265 nec
1047 1223 1224 1276 aliquid
1262 1223 1452 1264 fecerat.
1503 1222 1595 1265 Sed
1634 1222 1789 1264 fuerat
1828 1222 1907 1263 illa

139 1297 349 1339 clausula
368 1296 427 1338 ad
445 1296 718 1338 instanciam
739 1295 1045 1348 quorumdam
1066 1295 1124 1336 de
1144 1294 1448 1336 universitate
1471 1293 1726 1336 Parisiensi
1746 1294 1909 1334 timen-

139 1368 274 1420 cium‚
294 1367 374 1409 ubi
395 1380 488 1410 non
509 1370 609 1409 erat
630 1367 779 1419 timor,
801 1367 924 1420 quod
945 1366 1100 1419 gracie
1122 1365 1412 1418 expectative
1436 1377 1597 1406 omnes
1619 1364 1738 1406 facte
1762 1364 1909 1405 extin-

138 1441 394 1492 guerentur
416 1451 502 1492 per
524 1438 652 1480 illam
677 1439 1036 1490 suspensionem
1061 1441 1105 1479 et
1129 1437 1252 1490 quod
1275 1436 1499 1478 ordinarii
1522 1436 1663 1489 plene
1688 1435 1744 1476 de
1768 1435 1909 1477 bene-

140 1510 255 1554 ficiis
278 1510 595 1564 disponerent.

257 1580 425 1636 Tune-¹2)
457 1582 662 1624 surrexit
692 1582 940 1634 episcopus
972 1579 1374 1631 Carcassonensis,
1406 1579 1585 1631 legatus
1615 1578 1739 1630 regis
1769 1577 1910 1618 Fran-

140 1666 311 1706 corum,
336 1656 382 1695 et
406 1653 475 1695 illi
502 1653 816 1695 reservacioni
843 1651 1121 1693 contradixit
1147 1651 1331 1692 fortIter
1358 1649 1531 1701 dicens,
1558 1648 1681 1701 quod
1707 1649 1791 1689 hoc
1816 1660 1909 1689 non

140 1724 295 1767 fuerat
325 1724 634 1767 deliberatum
665 1724 710 1765 in
742 1723 1016 1765 nacionibus
1046 1735 1132 1764 nec
1163 1722 1390 1763 debuerat
1419 1720 1507 1762 dici
1538 1720 1611 1761 vel
1644 1719 1798 1762 scribi.
1846 1718 1911 1760 Ita

142 1795 523 1839 contradixerunt
548 1795 710 1848 plures
736 1798 781 1836 et
808 1795 869 1836 ita
894 1807 986 1836 non
1013 1792 1240 1835 transivit.

259 1867 367 1910 Post
399 1867 484 1909 hec
518 1879 788 1920 processum
823 1868 893 1908 est
928 1865 986 1907 ad
1021 1864 1421 1906 examinacionem
1456 1862 1640 1904 testium
1676 1874 1760 1914 per
1795 1872 1911 1902 com-

142 1938 381 1981 missarios
406 1941 566 1991 preter
593 1937 878 1979 cardinalem
907 1936 1050 1978 sancti
1083 1935 1236 1987 Marci,
1265 1935 1342 1987 qui
1372 1934 1575 1987 graviter
1601 1932 1840 1986 egrotabat
1867 1934 1911 1973 et

142 2009 367 2063 egrotavit
397 2021 482 2062 per
514 2021 596 2051 sex
627 2007 966 2061 septimanas).

264 2080 390 2123 Inter
416 2081 501 2122 hec
529 2092 627 2132 rex,
655 2079 920 2121 cardinales
948 2082 992 2120 et
1021 2077 1228 2130 deputati
1256 2077 1510 2130 pluresque
1541 2075 1619 2117 alii
1647 2073 1910 2127 congregati

142 2154 498 2205 resumpserunt
532 2150 772 2193 materiam
808 2150 972 2191 cedule
1009 2149 1325 2202 suprascripte
1361 2159 1450 2200 que
1485 2146 1660 2199 incipit:
1699 2144 1911 2198 „Nuper“

109 2267 113 2272 ,
143 2234 379 2276 processu,
410 2222 469 2264 ad
498 2221 658 2273 finem,
689 2221 811 2274 quod
840 2233 961 2273 papa
991 2220 1275 2262 consentiret
1305 2218 1542 2261 sentencie
1574 2229 1657 2258 sue
1688 2215 1913 2268 deposici-

143 2293 245 2336 onis
274 2296 319 2335 et
346 2306 406 2335 ex
433 2292 722 2335 habundanti
754 2292 1064 2334 renunciaret.
1109 2291 1163 2332 Et
1192 2290 1280 2331 fuit
1310 2288 1587 2340 ordinatum,
1617 2287 1739 2340 quod
1770 2285 1911 2338 aliqui

144 2364 421 2417 cardinales,
446 2363 663 2405 videlicet
687 2363 744 2404 de
770 2362 968 2414 Ursinis,
995 2360 1361 2412 Cameracensis,
1386 2360 1443 2401 de
1470 2359 1716 2409 Chalanco,
1742 2357 1913 2399 Saluci-

146 2446 276 2477 arum
298 2438 343 2477 et
368 2435 668 2477 Florentinus
692 2434 812 2475 irent
836 2433 894 2476 ad
919 2445 1102 2486 papam,
1127 2432 1204 2484 qui
1231 2434 1331 2473 erat
1357 2432 1404 2472 in
1427 2430 1566 2483 opido
1590 2429 1715 2472 Selle
1741 2428 1798 2470 ad
1823 2428 1912 2469 duo

145 2505 345 2548 miliaria
372 2518 466 2548 non
494 2508 649 2547 tamen
677 2518 736 2546 ex
765 2508 896 2558 parte
925 2503 1107 2546 concilii
1137 2506 1205 2545 set
1234 2501 1415 2555 collegii
1447 2501 1505 2543 ad
1534 2498 1911 2553 persuadendum

147 2576 235 2618 sibi
255 2580 469 2619 contenta
492 2578 538 2618 in
561 2576 680 2618 dicta
701 2576 880 2628 cedula,
903 2576 980 2628 qui
1005 2575 1187 2616 iverunt
1209 2577 1254 2615 et
1276 2586 1397 2626 papa
1420 2571 1672 2614 consenciit
1696 2571 1740 2612 in
1763 2570 1912 2611 forma

147 2647 325 2701 cedule,
352 2647 482 2690 cuius
507 2651 641 2690 tenor
668 2647 775 2689 talis
802 2649 889 2689 est:

262 2718 398 2761 Anno
431 2718 605 2760 domini
640 2718 889 2760 millesimo
924 2716 1385 2769 quadringentesimo
1419 2714 1534 2755 XV0.
1570 2712 1801 2755 XXVIIP.
1840 2710 1913 2753 die

149 2789 321 2832 mensis
363 2789 467 2832 Maii
505 2789 551 2830 in
588 2788 727 2842 opido
764 2787 890 2830 Selle
928 2787 1307 2830 Constanciensis
1345 2785 1556 2838 dyocesis
1595 2784 1636 2825 d.
1675 2783 1913 2825 -Johannes

149 2871 269 2913 papa
294 2860 466 2902 XXIII.
495 2893 502 2901 .
539 2893 547 2901 .
583 2893 591 2901 .
627 2893 636 2901 .
662 2859 731 2902 Jo.
758 2871 879 2912 papa
906 2858 1119 2911 XXIII.¹)

253 3012 284 3040 a)
307 3011 381 3038 Sat:
401 3011 483 3044 fehlt
504 3013 541 3039 B.
579 3012 612 3045 b)
634 3012 675 3038 B:
698 3011 789 3038 Item.
829 3012 857 3043 c)
880 3013 910 3042 (Ι,
936 3011 971 3043 Ι),
995 3011 1036 3036 Ε.-
1058 3017 1117 3044 per
1137 3016 1290 3036 mensem.

272 3071 304 3114 1)
336 3071 369 3106 S.
399 3073 518 3107 unlen
547 3070 789 3106 Cerretanus.
