2227 3434
565 174 603 208 B.
640 174 717 209 Der
739 174 839 210 liber
861 176 1053 219 gestorum
1078 175 1147 210 des
1169 174 1411 211 Cerretanus.
1787 178 1871 221 233

107 292 350 335 constituat
379 292 479 345 cito,
510 291 625 335 duos
657 292 713 334 de
745 293 952 345 qualibet
981 292 1190 345 nacione,
1221 294 1282 335 ita
1312 296 1481 347 tamen,
1512 293 1634 347 quod
1664 307 1784 337 unus
1814 296 1871 337 de

108 375 197 405 una
220 366 265 405 et
288 363 408 406 alius
432 363 488 405 de
513 362 605 405 alia
627 362 821 405 nacione
844 364 917 405 vel
943 363 1033 405 duo
1056 363 1266 405 eiusdem
1289 363 1498 407 nacionis
1519 376 1605 417 per
1629 365 1870 407 concilium

106 433 374 475 nominandi
406 433 572 475 dictam
602 433 860 475 cessionem
893 446 978 486 per
1010 447 1059 475 se
1094 434 1195 476 sine
1228 434 1331 477 aliis
1362 437 1408 476 et
1439 435 1633 488 quilibet
1666 436 1871 488 ipsorum

106 503 152 545 in
185 504 382 546 solidum
415 504 461 545 id
492 503 648 546 facere
681 505 844 557 possit;
880 505 1044 546 saltem
1077 505 1332 547 concedere
1365 509 1593 559 teneatur,
1627 506 1749 559 quod
1782 507 1873 549 duo

105 575 244 617 unius
272 574 480 617 nacionis
511 576 585 616 vel
614 587 734 617 unus
766 575 822 617 de
854 588 945 618 una
975 579 1021 617 et
1049 575 1168 618 alius
1199 576 1256 618 de
1288 576 1379 618 alia
1408 576 1602 618 nacione
1635 578 1736 619 sine
1767 578 1872 620 aliis

105 644 151 687 id
181 644 338 687 facere
369 646 569 698 valeant,
601 645 715 688 sicut
747 646 1063 699 supradictum
1095 649 1178 688 est.

225 715 338 758 Item
374 716 497 769 quod
533 729 714 758 sacrum
750 716 1075 774 conciliumin
1110 718 1261 770 prima
1298 718 1507 760 sessione
1543 719 1788 772 premissa,
1824 723 1872 761 ut

102 786 398 840 premittitur,
420 790 467 829 et
490 787 582 830 alia
605 786 881 830 concordata
903 800 988 841 per
1012 788 1053 830 d.
1077 791 1287 830 nostrum
1310 788 1418 830 fieri
1443 789 1617 831 debere
1642 790 1873 832 deliberet

102 859 148 899 et
175 856 409 900 decernat.

224 927 336 970 Item
363 929 485 981 quod
514 929 560 970 in
586 928 798 982 proxima
826 929 1036 972 sessione
1063 942 1224 972 omnes
1253 930 1435 972 articuli
1462 934 1506 973 et
1532 932 1740 973 clausule
1769 944 1871 974 con-

101 998 287 1041 cordate
319 1011 405 1053 per
434 999 656 1042 naciones
689 1000 735 1041 in
768 1001 931 1042 ultima
964 1001 1175 1043 sessione
1208 1001 1511 1054 pretermissa
1545 1003 1870 1055 expediantur.

224 1070 336 1112 Item
360 1070 483 1124 quod
505 1071 874 1124 procuratorium
898 1071 1280 1125 quadruplicetur
1303 1075 1348 1115 et
1371 1072 1428 1115 sit
1452 1072 1497 1114 in
1522 1073 1727 1115 custodia
1752 1075 1869 1117 sacri

102 1141 297 1184 concilii.

223 1212 336 1254 Item
363 1212 486 1266 quod
512 1215 839 1266 procuratores
868 1225 923 1255 eo
950 1214 1015 1255 uti
1043 1226 1135 1255 non
1162 1214 1355 1267 possint,
1383 1214 1473 1256 nisi
1501 1214 1628 1257 iuxta
1656 1215 1871 1257 determi-

101 1283 343 1326 nacionem
371 1283 551 1325 concilii
580 1287 624 1325 et
653 1284 775 1337 quod
803 1284 864 1326 ita
892 1284 1045 1326 iurent
1072 1284 1258 1337 publice
1287 1284 1334 1326 in
1363 1285 1586 1328 sessione.

220 1353 333 1397 Cum
368 1367 453 1407 per
488 1354 651 1408 plures
687 1355 788 1398 dies
823 1356 1095 1397 altercatum
1132 1359 1257 1398 esset
1292 1355 1413 1397 inter
1449 1356 1490 1398 d.
1528 1357 1791 1400 cardinales
1827 1361 1871 1399 et

101 1425 322 1468 naciones
361 1438 504 1479 super
543 1426 873 1479 suprascriptis
914 1426 1235 1469 oblacionibus
1275 1439 1360 1480 per
1401 1427 1443 1469 d.
1483 1427 1746 1470 cardinales
1785 1440 1871 1481 pro

100 1499 231 1550 parte
253 1496 295 1538 d.
316 1496 464 1539 nostri
482 1509 604 1550 pape
624 1499 672 1538 et
685 1497 996 1550 peticionibus
1011 1510 1097 1550 pro
1111 1501 1243 1550 parte
1259 1497 1503 1539 nacionum
1520 1497 1668 1552 factis,
1683 1498 1870 1541 tandem

99 1567 318 1610 naciones
354 1566 456 1622 ipse
493 1571 705 1621 quatuor,
741 1568 959 1611 videlicet
994 1568 1285 1621 Germanica,
1323 1569 1579 1622 Gallicana,
1616 1569 1872 1623 Anglicana

101 1641 145 1681 et
178 1638 334 1681 Italica
364 1639 593 1681 communi
622 1640 825 1681 omnium
857 1640 1202 1681 deliberacione
1233 1639 1526 1682 tradiderunt
1555 1640 1596 1682 d.
1627 1640 1872 1683 cardinali-

101 1709 187 1752 bus
212 1709 410 1752 formam
436 1710 743 1763 procuratorii
771 1710 1116 1764 infrascriptam
1143 1710 1352 1753 fiendam
1377 1724 1464 1764 per
1490 1711 1531 1753 d.
1559 1714 1768 1754 nostrum
1793 1724 1871 1764 pa-

101 1793 205 1834 pam
237 1780 296 1823 ad
325 1780 584 1823 cedendum
613 1781 817 1835 papatui,
848 1782 904 1823 de
936 1795 1026 1835 qua
1057 1782 1277 1824 dixerunt
1307 1795 1356 1824 se
1388 1785 1640 1824 contentos.

218 1852 498 1907 Johannesa)
528 1855 610 1894 ete.
649 1852 836 1894 Pridem
864 1852 922 1895 ad
947 1853 1135 1895 laudem
1163 1887 1171 1895 .
1207 1890 1213 1896 .
1252 1887 1259 1895 .
1299 1853 1389 1894 Per
1413 1853 1690 1906 premissam
1718 1856 1869 1895 autem

102 1926 452 1976 procuratorum
477 1923 855 1966 constitucionem
880 1937 972 1966 non
1000 1924 1282 1967 intendimus
1307 1937 1392 1966 nos
1417 1924 1573 1977 aliquo
1598 1924 1734 1966 modo
1759 1924 1871 1966 libe-

103 1995 195 2036 rari
234 1994 292 2037 ab
331 1994 635 2047 obligacione,
674 2008 763 2047 qua
803 2008 961 2038 sumus
1001 1996 1190 2047 astricti,
1230 1995 1634 2037 renunciacionem
1673 1998 1871 2048 papatus

102 2064 256 2107 facere
288 2065 415 2108 iuxta
445 2065 840 2107 deliberacionem
871 2066 975 2108 dicti
1008 2066 1127 2108 sacri
1156 2066 1336 2108 concilii
1366 2067 1413 2107 in
1443 2079 1731 2119 quocumque
1762 2079 1870 2108 casu

102 2135 148 2177 in
176 2135 294 2178 dicta
322 2136 487 2179 cedula
515 2136 818 2189 obligacionis
847 2137 1198 2190 comprehenso,
1228 2149 1470 2190 quousque
1499 2150 1584 2190 per
1612 2137 1869 2179 cessionem

102 2207 174 2249 vel
203 2207 447 2250 decessum
473 2207 736 2250 huiusmodi
766 2211 843 2250 aut
870 2209 1010 2250 alium
1040 2221 1196 2250 casum
1225 2221 1547 2261 quemcunque
1576 2208 1686 2250 unio
1713 2208 1798 2250 fiat
1825 2208 1870 2249 in

102 2277 299 2321 ecclesia
329 2281 485 2321 sancta
515 2278 614 2320 Dei.

219 2348 344 2403 Die¹)
375 2349 556 2392 sabbati
583 2353 713 2392 sexta
743 2349 917 2392 mensis
944 2350 1134 2403 Aprilis,
1162 2363 1262 2391 cum
1289 2362 1374 2403 per
1400 2350 1530 2403 prius
1558 2350 1679 2392 inter
1706 2350 1747 2392 d.
1776 2363 1870 2392 car—

103 2417 283 2462 dinales
315 2423 359 2462 et
390 2420 611 2463 naciones
645 2421 915 2462 altercatum
948 2420 1116 2463 fuisset
1148 2433 1290 2474 super
1322 2420 1606 2463 correctione
1639 2425 1683 2463 et
1716 2433 1870 2463 emen-

105 2489 294 2533 dacione
339 2491 644 2545 capitulorum
692 2492 737 2533 in
781 2491 1051 2544 precedenti
1094 2491 1306 2534 sessione
1351 2495 1638 2543 statutorum,
1682 2491 1867 2533 tandem

103 2560 362 2604 ordinatum
393 2565 438 2604 et
468 2563 733 2604 conclusum
765 2566 848 2615 est,
880 2562 1004 2615 quod
1033 2562 1299 2616 supradicta
1331 2563 1531 2616 capitula
1562 2562 1697 2605 modo
1728 2563 1870 2603 infra-

105 2631 272 2685 scripto
296 2632 653 2686 corrigerentur.
690 2633 1088 2676 Convenientibus
1113 2633 1267 2686 itaque
1293 2633 1411 2676 dicta
1436 2633 1509 2675 die
1534 2632 1869 2687 gloriosissimo

104 2701 311 2756 principe
345 2704 386 2745 d.
420 2703 715 2756 Sigismundo
750 2704 1060 2746 Romanorum
1094 2707 1138 2760 et
1170 2703 1408 2757 Hungarie
1443 2716 1629 2757 semper
1662 2707 1868 2756 augusto,

105 2772 260 2813 revmis
291 2773 332 2816 d.
364 2774 680 2817 cardinalibus
712 2775 988 2817 Constancie
1020 2775 1329 2817 existentibus
1362 2775 1621 2827 ceterisque
1654 2774 1869 2827 principi-

106 2842 203 2896 bus,
222 2845 417 2897 prelatis
439 2857 614 2898 regum,
635 2846 896 2899 principum
919 2858 971 2888 ac
992 2845 1282 2888 dominorum
1305 2846 1567 2888 oratoribus
1589 2848 1633 2887 et
1652 2857 1869 2898 procura-

209 2976 238 3001 ὃ)
258 2972 327 2998 him·
347 2975 425 3000 eelz!
447 2975 469 2999 (J
488 2974 602 2999 witzam
622 2975 679 2999 ιηίι.
717 2975 750 3001 lt.
774 2974 905 3006 (¹5111ben
932 2975 992 3001 das
1009 2974 1280 3001 Prokusalarium
1308 2975 1607 3000 i2l1121wi113ri11emeur!
1630 2974 1658 2998 in
1683 2972 1868 2998 vert-intras

106 3017 216 3043 Furni:
237 3025 267 3045 νε
286 3019 428 3047 επΙιΖίΡεΜ
451 3021 505 3046 1¹:17²
525 3020 616 3053 ΓοΙῃΙ.
658 3020 714 3053 1:511.
742 3022 847 3047 llmvlr
872 3022 929 3048 ll'.
952 3025 1000 3047 114
1023 3022 1066 3054 ff;
1088 3022 1193 3047 Munsi
1215 3022 1345 3048 XXVII.
1366 3024 1425 3046 (1⁹07.

223 3079 255 3122 ¹)
281 3080 384 3123 aedr.
410 3090 479 3115 aus
504 3091 666 3116 unserer
689 3081 842 3123 Quelle:
881 3081 1123 3124 Schelslrate‚
1150 3082 1267 3116 Tract.
1290 3082 1370 3117 231.
