2102 3444
276 123 359 165 124
810 123 833 157 Ι.
860 123 1070 158 Abschnitt.
1111 123 1510 167 Konzilstagebiicher.

275 241 455 292 electio,
485 253 567 283 seu
598 241 632 283 si
664 242 979 294 protelacione
1010 242 1211 284 maxima
1239 254 1511 295 cogeremur
1541 246 1698 285 contra
1727 243 1969 285 veritatem
1997 246 2043 285 et

275 311 471 352 ecclesie
514 311 756 353 utilitatem
799 312 1103 364 quorumdam
1147 312 1354 354 indebite
1397 314 1619 355 voluntati
1662 314 1926 355 consentire
1967 317 2044 356 aut

275 381 593 423 verisimiliter
643 382 1019 424 formidabilibus
1069 382 1357 435 pestilencie,
1406 396 1696 436 guerrarum,
1748 384 2043 426 sterilitatum

275 451 513 504 plerisque
547 452 652 494 aliis
685 452 773 494 iam
808 454 1036 505 suspectis
1068 453 1446 507 presumptisque
1480 454 1701 507 periculis
1734 467 1818 496 nos
1849 454 2043 503 offerre,

275 522 443 574 quibus
476 523 705 575 omnibus,
738 523 827 565 nisi
860 523 1016 566 divina
1049 523 1295 566 assistente
1329 525 1574 567 clementia
1607 525 1785 567 cautius
1817 524 2044 577 obvietur,

275 592 412 634 facile
441 594 710 646 contingere
738 597 896 647 posset
924 597 1001 636 aut
1029 594 1304 636 electionem
1332 598 1489 637 contra
1517 595 1590 637 fas
1617 598 1661 637 et
1690 595 1897 637 debitum
1924 595 2045 638 ordi-

274 675 379 704 nem
412 663 519 705 fieri
553 665 642 716 vel,
673 665 795 717 quod
827 664 1193 716 perditissimum
1225 665 1461 717 existeret,
1495 678 1676 708 sacrum
1707 666 1792 707 hoc
1824 665 2045 708 Constan-

275 734 424 776 tiense
461 734 706 777 concilium
744 735 844 777 sine
881 748 994 788 pace
1032 739 1076 778 et
1113 736 1265 778 fructu
1301 736 1633 778 miserabiliter
1671 737 1897 789 separari.
1947 737 2045 779 Non

274 816 385 857 ergo
419 808 625 846 moretur
659 808 813 848 vestra
849 806 1111 849 sublimitas
1146 810 1248 859 post
1282 810 1432 849 tantos
1466 807 1653 849 labores
1687 810 1928 860 susceptos
1960 819 2046 860 pro

274 888 386 928 pace
414 876 611 918 ecclesie
638 876 843 918 breviter
871 878 1199 930 consequenda
1226 877 1482 931 premissas
1510 877 1771 920 securitatis
1798 881 1844 920 et
1869 880 2046 931 protec-

274 946 412 988 tionis
451 947 720 989 oblaciones
761 948 915 1000 regias
955 947 1229 1001 adimplere,
1269 951 1315 990 et
1353 948 1509 990 future
1550 948 1792 991 electionis
1833 948 2045 998 formam,

274 1029 385 1070 ergo
418 1020 624 1059 moretur
659 1021 814 1060 vestra
848 1018 1110 1062 sublimitas
1143 1022 1246 1072 post
1279 1022 1430 1062 tantos
1466 1019 1653 1061 labores
1687 1022 1928 1072 susceptos
1960 1032 2046 1073 pro

274 1100 453 1141 curare,
482 1101 582 1130 cum
611 1087 854 1141 premissis
883 1089 1086 1142 impletis
1114 1090 1260 1143 possit
1289 1089 1412 1132 infra
1441 1090 1523 1131 XX
1552 1089 1732 1131 dierum
1760 1090 1835 1132 vel
1862 1090 2046 1132 circiter

274 1159 480 1211 spacium
513 1172 761 1212 processus
793 1163 950 1202 contra
984 1160 1170 1202 Petrum
1204 1160 1261 1202 de
1295 1160 1424 1202 Luna
1457 1160 1799 1203 sententialiter
1830 1160 2045 1214 expediri

275 1230 480 1272 Romana
510 1229 709 1272 ecclesia
742 1230 907 1272 saltem
939 1230 985 1272 in
1017 1231 1166 1284 capite
1199 1234 1242 1273 et
1273 1232 1400 1273 curia
1433 1231 1584 1284 quoad
1616 1244 1816 1284 presens
1848 1231 2046 1274 rationa-

275 1300 430 1342 biliter
459 1300 722 1353 reformari,
750 1304 795 1343 et
822 1302 880 1344 ad
909 1302 1184 1344 electionem
1214 1302 1351 1344 unius
1380 1302 1573 1344 Romani
1602 1301 1838 1355 pontificis
1866 1315 1952 1355 per
1980 1303 2047 1344 in·

273 1383 485 1424 gressum
521 1371 752 1415 conclavis
788 1373 890 1425 rite,
928 1373 1046 1415 iuste
1083 1376 1127 1414 et
1163 1373 1383 1415 canonice
1423 1373 1520 1415 Deo
1557 1372 1805 1415 adiuvante
1841 1372 2044 1426 procedi.

275 1442 405 1496 Cogit
431 1455 530 1495 nos,
557 1443 861 1486 serenissime
887 1444 1121 1496 princeps,
1149 1443 1413 1485 libertatem
1439 1456 1639 1496 querere
1667 1443 1862 1486 libertas
1887 1455 2047 1486 neces-

276 1515 399 1556 sario
424 1513 649 1566 requisita
674 1514 720 1555 in
745 1513 973 1556 electione
999 1514 1156 1556 futura
1180 1515 1449 1567 cunctisque
1473 1514 1519 1556 in
1545 1514 1687 1556 rebus
1711 1513 1919 1567 agendis,
1944 1527 2045 1556 cum

275 1588 450 1627 certum
478 1585 548 1636 sit,
575 1585 699 1638 quod
725 1588 850 1627 esset
877 1585 1056 1638 electio,
1084 1585 1162 1626 ubi
1191 1584 1384 1627 libertas
1413 1585 1631 1627 adimitur
1657 1584 1876 1638 eligendi.
1916 1585 2048 1638 Cogit

274 1668 358 1697 nos
383 1656 677 1698 securitatem
703 1659 927 1709 expetere
953 1656 1201 1698 multorum
1226 1656 1316 1698 iam
1340 1655 1669 1709 preteritorum
1695 1655 1936 1708 memoria;
1963 1655 2047 1698 sed

274 1730 318 1768 et
345 1727 446 1779 ipsa
473 1726 685 1768 recencia
712 1727 921 1780 pericula
947 1740 1032 1770 nos
1059 1727 1356 1780 compellunt.
1397 1726 1511 1768 Cum
1538 1740 1564 1769 a
1590 1726 1806 1780 personis
1832 1726 2047 1780 dignissi—

274 1797 360 1839 mis
390 1801 433 1839 et
463 1798 587 1839 omni
617 1797 891 1850 exceptione
924 1797 1178 1839 maioribus
1208 1810 1293 1850 pro
1324 1797 1552 1839 brevitate
1582 1798 1642 1840 sit
1670 1799 1901 1839 assertum
1929 1809 2046 1839 com-

276 1868 544 1910 missionem
592 1869 881 1922 inceptama),
928 1868 1104 1911 iudices
1153 1869 1283 1911 datos
1329 1868 1616 1910 voluntarios
1662 1868 1745 1910 sed
1789 1870 2046 1921 suspectos,

275 1939 493 1981 articulos
528 1939 752 1981 formatos
785 1943 830 1981 et
864 1939 1059 1992 scriptos
1095 1940 1151 1981 de
1188 1939 1482 1992 inquirendo,
1516 1939 1744 1992 capiendo
1778 1941 1824 1981 et
1858 1951 2047 1992 seques-

273 2009 439 2052 trando
482 2022 710 2062 personas
754 2013 845 2052 tam
889 2010 1210 2062 cardinalium,
1253 2009 1531 2062 patriarche,
1576 2009 2046 2063 archiepiscoporum,

274 2081 614 2134 episcoporum,
651 2080 942 2134 aliorumque
977 2082 1115 2123 huius
1151 2082 1269 2123 sacri
1306 2081 1487 2123 concilii
1523 2081 1609 2123 sub
1645 2083 1863 2134 pretextu
1897 2080 2047 2122 obiec-

275 2155 438 2203 torum,
467 2164 567 2193 cum
596 2151 689 2194 illis
716 2152 951 2204 pretensis
980 2151 1209 2194 iudicibus
1238 2152 1282 2192 in
1311 2151 1494 2193 casibus
1524 2152 1570 2192 in
1599 2152 1679 2193 illa
1707 2150 2046 2193 commissionis

275 2223 505 2276 scriptura
544 2222 771 2265 contentis
810 2235 962 2275 neque
1002 2221 1264 2264 mortalium
1305 2222 1576 2274 cuicumque
1615 2225 1915 2275 preterquam
1956 2222 2044 2275 ipsi

274 2305 406 2336 sacro
433 2293 626 2335 concilio
654 2293 1005 2335 Constanciensi
1038 2292 1318 2346 inquirendi,
1347 2292 1631 2345 procedendi
1661 2295 1798 2345 atque
1827 2292 2046 2335 sententi-

275 2364 383 2406 andi
420 2364 596 2417 aliquid
632 2365 678 2406 in
714 2377 942 2417 personas
978 2364 1232 2417 premissas
1267 2364 1341 2405 vel
1378 2364 1581 2416 aliquem
1617 2364 1953 2416 premissorum
1987 2363 2045 2404 de

275 2435 375 2476 iure
400 2439 445 2477 et
465 2435 801 2477 consuetudine
825 2435 975 2477 omnis
997 2439 1066 2476 est
1090 2434 1332 2476 interdicta
1356 2434 1567 2487 facultas,
1591 2447 1727 2487 quam
1751 2437 1907 2476 tamen
1929 2446 2045 2476 com-

275 2505 543 2548 missionem
581 2509 625 2548 et
662 2507 698 2548 si
737 2519 895 2547 veram
931 2518 988 2546 ex
1026 2506 1183 2547 multis
1219 2504 1539 2547 adiacentibus
1575 2504 1757 2546 iudiciis
1794 2516 2044 2557 rerumque

275 2576 553 2619 testimoniis
593 2577 637 2618 in
678 2577 903 2618 bonorum
943 2577 1147 2618 virorum
1185 2575 1432 2628 pernitiem
1470 2579 1514 2617 et
1551 2575 1697 2618 tocius
1734 2575 1916 2617 concilii
1954 2578 2046 2617 tur-

277 2647 516 2689 bacionem
546 2647 786 2700 cogitatam
817 2660 922 2689 esse
952 2660 1044 2688 non
1074 2646 1363 2699 ambigimus.
1406 2646 1556 2699 Auget
1583 2649 1738 2688 tamen
1767 2646 2044 2699 premissam

276 2717 587 2770 suspicionem
616 2721 661 2759 et
689 2718 834 2759 fidem
863 2717 1151 2759 credulitatis
1180 2717 1365 2759 adiuvat
1394 2716 1590 2758 duorum
1618 2729 1713 2758 rev.
1743 2728 1786 2770 p.
1816 2716 1862 2758 in
1890 2719 2044 2758 vestra

277 2788 520 2840 presencia
546 2789 666 2830 ultro
691 2789 748 2830 ab
774 2789 890 2842 ipsis
914 2789 1095 2841 prolata
1120 2788 1380 2840 responsio,
1405 2800 1601 2840 quorum
1626 2788 1744 2829 alter
1768 2789 2043 2840 potestatem

276 2862 432 2901 contra
460 2859 724 2901 turbatores
753 2859 933 2900 concilii
963 2862 1007 2901 et
1034 2858 1150 2901 alios
1179 2871 1227 2900 se
1257 2858 1491 2911 accepisse
1521 2870 1754 2911 asserens,
1781 2870 1884 2899 cum
1912 2869 2044 2910 opor-

274 2933 434 2971 tunum
465 2929 689 2972 iudicaret
716 2929 920 2972 existere
938 2930 1081 2981 illam,
1097 2942 1181 2982 pro
1196 2929 1326 2970 nullo
1342 2931 1465 2970 metu
1482 2926 1757 2982 dubitareff)
1776 2927 2044 2970 execucioni

379 3037 409 3061 a>
432 3034 469 3060 C.-
491 3033 659 3067 scriptam.
705 3033 737 3064 b)
759 3034 796 3066 Β,
821 3035 845 3061 (J
861 3039 906 3061 ευ.
