2227 3434
200 168 239 204 C.
278 169 356 203 Der
380 167 619 202 literarische
646 168 789 211 Kampf
814 177 875 201 um
904 167 967 201 die
993 166 1166 210 Stellung
1191 167 1260 200 des
1287 166 1446 208 Papstes
1471 175 1556 198 zum
1586 164 1730 198 Konzil.
1765 165 1848 207 713

200 286 241 328 2.
290 285 443 329 Gladii
483 319 491 327 .
526 319 535 327 .
571 319 578 327 .
615 284 1002 338 execucionem1).
1051 284 1145 326 Hec
1182 284 1386 326 assercio
1423 295 1548 335 vera,
1585 283 1693 335 quia
1729 294 1849 335 papa

84 350 400 410 illegitimatus
431 357 505 397 vel
540 355 779 408 depositus
811 359 1006 407 utraque
1039 357 1177 397 caret.

200 425 241 468 3.
278 425 432 469 Gla-dii
457 460 465 468 .
501 460 508 467 .
545 459 553 467 .
577 426 843 479 generali.¹)
886 425 976 467 Ista
1000 424 1203 467 assercio
1226 424 1448 477 probatur
1470 436 1530 465 ex
1554 423 1718 476 prima,
1742 435 1851 476 quo-

84 496 208 538 niam
239 497 378 538 talem
409 496 737 537 execucionem
768 508 860 537 non
891 496 1031 537 habet
1060 495 1273 548 ecclesi-a,
1304 494 1393 536 nisi
1425 507 1480 536 ea
1512 506 1632 547 papa
1664 496 1850 535 carente

85 570 162 609 aut
207 567 499 620 illegitimato
542 567 616 608 vel
664 566 876 618 deposito
920 569 965 607 et
1010 578 1095 618 per
1140 577 1432 617 consequens
1476 577 1561 606 nec
1608 563 1851 606 concilium

83 637 320 690 generale.

201 707 242 749 4.
269 707 423 750 Gladii
450 745 457 751 .
494 741 502 749 .
538 741 546 750 .
571 707 851 760 generale1).
889 707 983 748 Hec
1009 706 1213 748 assercio
1236 709 1361 759 patet
1385 719 1445 747 ex
1467 705 1618 759 prima
1644 708 1689 747 et
1711 704 1853 748 tercia

86 777 431 820 alssercionibus
468 777 746 831 supradictis
784 781 829 819 et
866 777 1083 830 quoniam
1123 777 1265 829 aliqui
1303 780 1526 818 conantur
1565 775 1854 828 supradictas

85 847 379 892 asserciones
417 848 474 890 ad
514 860 703 891 sensum
742 848 929 890 trahere
969 850 1321 900 repugnantem,
1361 846 1583 899 dicentes,
1622 858 1708 899 per
1748 846 1854 887 illas

87 918 210 960 velle
264 931 337 960 me
388 918 688 971 pretendere,
744 918 988 960 concilium
1042 931 1135 959 non
1188 918 1397 970 potuisse
1453 916 1690 969 deponere
1746 915 1854 957 olim

87 988 348 1031 <Iohannem
375 1001 426 1031 ac
451 989 672 1032 Pisanum
699 988 942 1031 concilium
968 988 1115 1031 fuisse
1141 989 1340 1030 nullum:
1380 987 1488 1030 ideo
1511 1000 1572 1029 ex
1599 988 1694 1030 illis
1718 987 1856 1028 elicio

87 1063 286 1112 quatuor
307 1060 561 1102 correlaria
585 1060 846 1113 oppositum
872 1059 1137 1101 inferenda:

206 1130 244 1172 1.
278 1130 347 1172 Ex
380 1130 806 1183 primaasercione
842 1131 1066 1183 sequitur,
1101 1130 1224 1183 quod
1258 1142 1457 1182 presens
1494 1128 1855 1171 Constanciense

62 1200 331 1263 ‘concilium
361 1201 502 1243 habet
534 1205 579 1243 et
611 1202 772 1244 habuit
802 1201 941 1242 huius
975 1200 1230 1254 spiritualis
1262 1200 1403 1254 glad-ii
1437 1200 1699 1253 plenariam
1731 1202 1857 1252 pote-

88 1274 252 1314 statem
285 1274 331 1314 et
361 1271 791 1314 iurisdictionaliter
822 1276 867 1315 et
900 1271 1154 1314 executive.
1201 1271 1332 1313 Patet
1364 1271 1473 1324 quia
1503 1271 1703 1312 ecclesia
1737 1282 1857 1322 papa

89 1345 215 1384 caret
236 1345 281 1384 et
303 1342 449 1385 caruit
472 1343 623 1395 quoad
649 1343 926 1396 Gregorium
950 1346 994 1384 et
1018 1342 1127 1384 olim
1152 1342 1428 1394 Johannem,
1450 1345 1498 1384 et
1520 1341 1857 1394 illegitimarum

88 1412 230 1457 habet
255 1413 408 1466 quoad
433 1413 748 1456 Benedictum.

205 1483 246 1526 2.
291 1484 359 1526 Ex
390 1484 597 1527 secunda
630 1485 896 1526 assercione
928 1484 1153 1536 sequitur,
1188 1484 1311 1536 quod
1343 1483 1444 1536 ipse
1477 1483 1587 1524 olim
1620 1481 1859 1524 Johannes

91 1558 286 1608 utraque
308 1558 536 1609 potestate
560 1558 686 1598 caret
704 1558 753 1597 et
774 1556 922 1599 caruit
945 1555 1051 1608 quia
1077 1554 1393 1608 illegitimatus
1418 1558 1461 1596 et
1486 1554 1737 1607 depositus.

207 1625 247 1668 3.
271 1626 339 1668 Ex
360 1626 503 1668 tercia
527 1626 793 1669 assercione
816 1626 1039 1679 sequitur,
1062 1638 1163 1667 cum
1188 1638 1270 1668 sua
1291 1624 1588 1678 probacione‚
1611 1624 1735 1677 quod
1758 1636 1859 1665 con-

90 1696 246 1739 cilium
267 1686 466 1751 presens
489 1697 820 1740 Constaciense
843 1697 1003 1739 habuit
1025 1700 1300 1750 potestatem
1323 1695 1618 1738 execucionis
1641 1695 1698 1737 ad
1722 1695 1860 1747 depo-

90 1768 294 1810 nendum
323 1769 433 1811 olim
461 1768 722 1811 Johannem
751 1768 923 1810 XXIII.
952 1771 997 1810 et
1023 1768 1125 1821 pari
1155 1768 1341 1810 racione
1370 1767 1510 1809 habet
1539 1766 1596 1808 ad
1626 1766 1860 1818 deponen-

91 1839 200 1881 dum
239 1839 540 1881 Benedictum
583 1839 713 1881 XIII.
756 1840 802 1881 in
845 1852 928 1881 sua
970 1838 1245 1881 obediencia
1285 1840 1614 1890 nuncupatum,
1658 1837 1696 1879 si
1739 1848 1860 1890 papa

91 1910 193 1964 fuit,
228 1910 446 1964 quon-iam
482 1910 678 1963 quilibet
708 1910 917 1963 ipsorum
955 1909 1272 1963 illegitimams
1308 1908 1407 1951 fuit.
1458 1909 1512 1950 Et
1549 1907 1688 1950 simili
1726 1906 1861 1949 modo

91 1981 336 2023 concilium
368 1981 587 2023 Pisanum
620 1981 792 2023 salvari
824 1983 988 2034 potest.

206 2051 248 2094 4.
296 2052 364 2094 Ex
400 2056 563 2105 quarta
600 2052 866 2094 assercione
903 2064 1004 2093 cum
1041 2064 1124 2094 sua
1160 2050 1442 2104 probacione
1477 2050 1703 2102 sequitur,
1739 2048 1860 2101 quod

92 2135 296 2175 presens
317 2122 681 2166 Constanciense
709 2122 967 2175 concilium,
995 2123 1104 2175 quia
1131 2122 1233 2175 ipsa
1260 2120 1456 2163 ecclesia
1484 2133 1605 2174 papa
1632 2123 1757 2162 caret
1785 2122 1861 2161 aut

93 2193 345 2247 legitimum
380 2206 472 2236 non
508 2193 661 2246 habet,
696 2193 1000 2246 approbanda
1034 2196 1079 2234 et
1114 2192 1410 2245 reprobanda
1445 2191 1493 2232 in
1529 2191 1629 2244 ipsa
1664 2190 1861 2232 ecclesia

92 2264 233 2307 habet
257 2264 470 2307 diffinire
495 2268 539 2308 et
565 2264 893 2306 determinare.

733 2347 754 2370 *
1203 2346 1223 2369 ss

967 2393 988 2416 ³1<

210 2463 475 2517 Quoniam2)
531 2464 787 2516 premissas
837 2463 1144 2516 probaciones
1202 2461 1394 2516 [cum]²²)
1451 2459 1718 2502 correlariis
1770 2471 1860 2499 non

94 2534 249 2588 habui,
272 2547 374 2577 cum
399 2535 519 2576 movi
544 2534 685 2577 dubia
710 2534 927 2587 superius
951 2534 1198 2586 descripta,
1223 2532 1393 2574 idcirco
1417 2545 1501 2585 pro
1526 2530 1687 2573 maiori
1713 2530 1861 2571 decla-

94 2605 279 2647 racione
311 2617 413 2647 mea
444 2605 600 2658 aliqua
632 2605 688 2647 de
721 2618 839 2647 novo
871 2605 1153 2646 subnectam.
1200 2604 1254 2646 Et
1283 2604 1434 2656 primo
1464 2602 1570 2655 quia
1603 2601 1779 2643 remisit
1811 2613 1860 2641 sc

95 2675 310 2719 dominus
351 2679 557 2718 assertor
597 2676 653 2718 ad
697 2688 974 2728 sermonem,
1016 2687 1153 2728 quem
1195 2674 1304 2716 fecit
1345 2674 1573 2715 dominica
1620 2670 1862 2722 Invocavit,

96 2746 350 2799 sciendum,
371 2747 508 2799 quod,
529 2746 739 2799 quamvis
761 2746 806 2787 in
827 2759 885 2788 eo
905 2747 996 2787 sint
1018 2746 1160 2787 multa
1183 2744 1530 2798 elegantissime
1553 2743 1686 2793 dicta,
1708 2745 1860 2783 tamen

94 2817 160 2859 ibi
185 2829 278 2860 non
304 2820 375 2860 est
401 2817 528 2860 aliud
554 2817 600 2858 in
627 2817 816 2869 effectu,
842 2817 965 2869 quod
993 2817 1225 2869 pertineat
1252 2815 1310 2857 ad
1338 2814 1458 2856 istud
1486 2813 1788 2866 propositum,
1816 2815 1862 2853 ut

217 2946 248 2988 ¹)
287 2945 359 2988 l'yl.
387 2945 420 2979 S.
448 2945 524 2979 705.

216 3004 248 3045 ²)
276 3003 404 3037 Neuer
428 3002 583 3046 Anyrifs
608 3003 676 3036 des
704 3002 886 3045 Geffleers.

217 3062 248 3104 ³)
274 3061 371 3104 fehlt
396 3061 460 3095 Hs.
