2102 3444
232 146 317 188 232
769 145 794 180 1.
823 145 1032 180 Abschnitl.
1071 145 1471 190 Konzilstagebiicher.

236 277 276 317 p.
318 264 360 305 d.
404 264 659 317 Aprutinus
698 264 946 317 episcopus
987 268 1031 306 et
1071 265 1249 306 electus
1293 264 1552 308 Pennensis
1594 266 1821 308 deberent
1860 269 2005 310 testes

235 335 505 376 examinare
544 339 588 377 et
625 347 895 388 processum
934 335 1090 376 facere
1130 336 1174 376 in
1212 335 1332 378 dicta
1366 348 1519 378 causa.

351 405 512 447 Sermo
549 405 696 447 factus
733 418 817 458 per
854 405 1122 459 magistrum
1162 406 1454 448 Leonardum
1491 406 1627 449 Stacii
1667 407 1723 448 de
1763 407 2004 450 Florencia

233 478 502 529 generalem
543 477 720 521 ordinis
761 477 1106 519 predicatorum
1150 478 1194 518 in
1234 471 1430 520 concilio
1470 477 1863 531 Constanciensi¹)
1906 512 1915 520 .
1950 512 1959 520 .
1994 512 2003 520 .

350 548 439 590 Nos
475 547 734 590 Ludovicus
771 547 854 588 Dei
891 549 1047 600 gracia
1079 560 1234 589 comes
1272 548 1511 590 Palatinus
1548 583 1556 589 .
1593 583 1600 590 .
1637 583 1645 590 .
1684 540 1774 591 Pro
1807 548 2002 591 utilitate

232 618 415 671 publica
443 653 450 659 .
487 652 495 659 .
532 653 539 659 .
570 618 666 660 Dat.
695 618 985 665 Constancie.
1009 620 1248 671 provincie
1278 619 1658 672 Moguntinensis,
1683 632 1807 662 anno
1829 619 2003 662 domini

234 688 537 731 MCCCCXVI
574 690 748 731 mensis
781 689 956 742 Aprilis
993 689 1023 731 I.
1057 689 1187 742 tiief)

348 759 633 812 Quamquam
663 772 796 805 nova.
827 773 916 813 que
949 761 994 802 in
1023 761 1390 813 presenciarum.
1421 761 1779 814 prestantissimi
1812 761 1854 803 d.
1885 764 1931 804 et
1958 774 2003 815 p.

231 831 490 874 orthodoxi.
527 832 640 873 estis
676 831 892 875 audituri.
929 831 1026 874 visa
1064 832 1154 874 sint
1191 832 1339 885 prima
1377 832 1495 874 facie
1534 836 1610 874 aut
1646 835 1779 885 parte
1814 844 1874 874 ex
1909 844 1999 874 una

231 903 421 943 multum
451 902 667 955 lugubria
696 937 703 944 .
741 937 747 943 .
785 937 792 944 .
823 902 1034 945 Christus
1063 902 1337 946 benedictus
1365 903 1568 955 Amen-²)

348 973 455 1015 Post
498 973 614 1015 hanc
659 974 1006 1015 exortacionem
1051 974 1218 1016 factam
1262 986 1347 1027 per
1390 975 1660 1027 episcopum
1706 974 1999 1017 Laudensem

231 1045 345 1086 lecte
371 1044 562 1087 fuerunt
587 1045 740 1086 littere
768 1045 1027 1087 indicantes
1052 1049 1245 1087 mortem
1272 1045 1561 1086 serenissimi
1586 1046 1710 1099 regis
1735 1045 2001 1099 Aragonum

229 1119 273 1156 et
300 1114 660 1168 disposicionem
687 1127 773 1168 per
800 1128 906 1157 eum
934 1119 1039 1158 ante
1067 1116 1241 1157 obitum
1269 1116 1529 1158 ordinatam
1558 1128 1700 1169 super
1727 1115 1849 1158 facto
1873 1117 2003 1159 unio-

228 1187 300 1227 nis
329 1186 541 1228 ecclesie.
585 1186 923 1239 Applicuerunt
952 1186 1135 1240 prefate
1165 1187 1317 1228 littere
1348 1187 1405 1229 ad
1434 1186 1757 1229 Constanciam
1786 1187 1861 1229 dje
1889 1199 2001 1241 pen-

229 1257 387 1300 ultima
414 1258 590 1300 mensis
615 1257 793 1311 Aprilis
818 1262 864 1300 et
889 1258 964 1300 die
990 1257 1153 1300 ultima
1178 1258 1295 1299 lecte
1323 1261 1428 1300 sunt
1452 1258 1499 1299 in
1525 1259 1626 1300 loco
1649 1258 1836 1311 publice
1861 1258 2001 1301 sessi-

227 1329 329 1371 onis
365 1328 603 1382 generalis
643 1328 1021 1372 Constanciensis
1060 1328 1256 1371 concilii.
1640 1368 1646 1372 .

343 1399 451 1444 Rev.
481 1400 526 1441 in
555 1399 661 1442 Chr.
689 1412 732 1453 p.
762 1413 813 1442 ac
839 1400 881 1441 d.
909 1400 950 1442 d.
979 1399 1112 1442 fratri
1142 1400 1342 1442 Antonio
1369 1399 1512 1442 Caxal
1540 1401 1751 1454 generali
1779 1397 2000 1454 magistro

225 1470 403 1513 ordinis
433 1471 569 1513 beate
604 1470 746 1513 Marie
778 1471 835 1512 de
868 1471 1083 1513 Mercede
1115 1471 1415 1523 captivorum,
1447 1470 1771 1514 ambassiatori
1802 1470 1845 1513 d.
1864 1470 2000 1525 vregis

228 1542 491 1595 Aragonum
519 1542 576 1584 ad
606 1541 944 1589 Constanciam.
973 1542 1014 1584 d.
1045 1555 1147 1585 meo
1175 1542 1438 1584 metuendo.

343 1613 451 1655 Rev.
479 1627 521 1667 p.
550 1614 771 1667 magister
798 1627 847 1656 ac
874 1614 915 1655 d.
944 1613 1192 1656 metuende
1219 1617 1264 1655 et
1291 1626 1499 1667 precare,
1525 1613 1689 1655 humili
1715 1625 1999 1656 recommen-

226 1685 419 1727 dacione
447 1686 694 1738 premissa!
738 1684 851 1727 Cum
878 1685 1032 1727 cordis
1060 1684 1223 1727 dolore
1249 1689 1296 1727 et
1323 1684 1634 1727 amaritudine
1661 1688 1854 1727 mortem
1882 1684 1999 1727 chri-

227 1756 496 1798 stianissimi
536 1757 661 1809 regis
698 1758 843 1798 nostri
885 1757 1017 1799 vobis
1056 1756 1300 1798 denuncio.
1354 1756 1439 1798 Die
1478 1755 1594 1799 iovis
1631 1755 1754 1798 enim
1794 1755 1998 1798 secunda

227 1827 399 1870 mensis
437 1828 614 1881 Aprilis
650 1828 770 1870 circa
807 1828 1050 1870 meridiem
1089 1828 1212 1881 apud
1249 1827 1408 1870 villam
1444 1827 1502 1869 de
1539 1827 1748 1881 Agolada
1784 1827 1997 1881 spiritum

225 1899 421 1940 creatori
465 1899 667 1940 reddidit
709 1911 809 1940 cum
853 1903 1010 1941 sancta
1053 1899 1334 1940 contricione
1378 1911 1508 1952 spem
1550 1902 1675 1940 certe
1718 1899 1997 1941 salvacionis

227 1974 386 2022 parate
428 1970 514 2011 sibi
556 1970 886 2023 superstitibus
926 1970 1178 2023 reliquens.
1223 1969 1413 2012 Mortem
1453 1971 1577 2012 enim
1615 1970 1857 2023 pacienter
1893 1969 1998 2012 tulit

224 2045 266 2082 et
299 2041 419 2082 inter
447 2045 682 2083 extremas,
713 2041 902 2095 agonias
934 2042 1080 2083 Deum
1111 2041 1317 2083 laudavit
1346 2041 1564 2083 alacriter
1592 2040 1651 2083 ad
1678 2041 1805 2084 celos
1832 2053 1999 2094 prope·

227 2124 348 2155 rans.
388 2112 608 2153 mundum
647 2116 995 2165 contempnens.
1034 2112 1185 2154 filium
1221 2112 1460 2161 erudiens.
1497 2116 1545 2154 ut
1581 2101 1818 2165 prioribus
1855 2112 1998 2154 rebus

227 2183 373 2224 Deum
403 2187 445 2224 et
474 2183 717 2225 ecclesiam
748 2188 925 2226 amaret
953 2187 997 2226 et
1026 2196 1110 2237 per
1138 2184 1240 2226 eius
1268 2183 1462 2237 vestigia
1491 2184 1711 2225 unionem
1741 2182 1867 2225 illius
1894 2195 1998 2236 pro-

225 2257 514 2306 sequeretur.
556 2254 627 2296 Sic
656 2258 703 2296 ut
731 2255 802 2296 vir
831 2255 1244 2297 christianissimus
1275 2255 1559 2297 monasterio
1587 2254 1800 2307 Populeti
1829 2266 1997 2307 corpus

226 2338 357 2366 suum
384 2329 429 2367 et
455 2325 654 2367 animam
681 2326 793 2367 celis
819 2326 1020 2370 donaw't.
1047 2339 1096 2368 se
1124 2325 1221 2367 Deo
1246 2326 1450 2368 totaliter
1476 2324 1875 2367 recommendans.
1913 2324 1996 2366 Ne-

225 2410 345 2448 queo
381 2397 438 2438 ad
477 2409 673 2449 presens
710 2401 839 2450 gesta
879 2397 1004 2439 illius
1041 2397 1364 2439 memorabilia
1401 2397 1684 2450 exprimere,
1721 2409 1812 2450 que
1849 2399 1995 2438 morte

224 2468 374 2510 vicina
397 2467 591 2521 peregit.
615 2468 696 2509 sed
720 2469 830 2510 talia
855 2472 973 2512 sunt.
997 2471 1045 2509 ut
1066 2480 1151 2521 ego
1176 2467 1407 2521 intrepide
1431 2467 1706 2519 existimem,
1731 2468 1882 2521 ipsum
1905 2467 1994 2509 iam

224 2551 324 2580 cum
359 2538 529 2581 sanctis
563 2551 706 2591 regno
741 2539 1003 2584 immortali.
1038 2538 1255 2581 beatifica
1289 2539 1494 2580 trinitate
1529 2537 1637 2580 frui.
1683 2538 1903 2592 Magister
1935 2537 1995 2580 mi

226 2609 638 2652 reverendissime!
682 2609 884 2662 Accipite
913 2610 1032 2652 hunc
1061 2622 1216 2651 casum
1245 2622 1372 2652 more
1400 2613 1556 2651 vestro
1583 2609 1669 2651 viri
1696 2609 1832 2652 fortis
1856 2621 1996 2663 equa-

225 2682 426 2725 nimiter.
447 2685 496 2723 nt
516 2694 597 2723 vos
620 2681 765 2726 decet.
786 2684 832 2722 et
851 2681 1061 2734 cogitate.
1085 2681 1301 2733 quoniam
1325 2681 1382 2722 ab
1405 2681 1498 2723 alto
1520 2680 1674 2722 omnia
1695 2684 1815 2723 sunt.
1847 2679 1995 2734 Spero

227 2753 269 2793 iu
301 2752 446 2794 -Jhesu
480 2752 576 2794 Deo
606 2764 722 2796 meo,
752 2751 874 2804 qnod
904 2751 1095 2794 tristicia
1126 2751 1212 2793 ista
1243 2754 1450 2793 vertetur
1481 2752 1526 2793 in
1555 2751 1774 2805 gaudium
1804 2753 1995 2804 propter

343 2882 373 2915 ἱ)
403 2891 462 2914 am
495 2882 522 2914 Q.
554 2881 653 2915 Mar:
686 2882 784 2915 1416.
828 2880 965 2914 ll'alcle.
997 2880 1229 2914 Monimerata
1260 2880 1376 2914 medii
1403 2881 1488 2914 aeri
1516 2880 1584 2916 1⁴.
1610 2881 1736 2914 4-44.

343 2942 373 2975 ²)
410 2940 665 2980 chlslelluna
699 2951 765 2973 ron
803 2939 1050 2981 Mierpreisen
1087 2939 1159 2971 und
1195 2938 1421 2979 [insen-una
1453 2939 1561 2972 einer
1596 2935 1995 2979 Wohrmnqskommis-

226 2999 319 3029 siun.
363 2997 480 3031 Hord!
511 2997 574 3031 Il'.
609 2998 800 3032 1019-26.

350 3059 374 3089 ⁴)
408 3054 644 3089 Trauerrede
671 3055 738 3097 auf
764 3054 889 3097 Reium
917 3054 1135 3089 Ferdmand
1162 3056 1231 3089 des
1259 3065 1316 3098 ep.
1346 3055 1568 3089 Lentiensis.
