2102 3444
252 160 335 203 432
606 159 652 193 lI.
686 160 895 194 Abs-chniu.
938 161 1143 193 Sei-mones
1173 159 1324 196 concilii
1353 159 1673 196 Constanciensis.

254 279 444 320 mosinis
475 312 482 319 .
519 313 526 319 .
563 312 570 320 .
614 279 709 320 Non
739 278 1029 330 obstupescis
1060 279 1176 321 alias
1206 279 1250 320 in
1281 279 1406 322 curia
1438 280 1643 322 Romana
1673 281 1908 323 immorari
1938 293 2024 334 per

253 349 333 390 XX
362 351 433 390 vel
465 349 589 390 XXX
619 362 765 391 annos
792 361 883 390 non
913 362 1080 391 curans
1109 350 1352 392 ecclesiam
1382 354 1458 392 aut
1488 351 1745 393 beneficias
1774 355 1819 393 et
1849 352 1893 393 in
1921 364 2024 394 con-

253 420 358 461 cilio
381 420 591 472 generali
620 420 833 461 residens
859 432 965 461 esse
992 432 1077 472 per
1103 433 1274 462 annum
1302 425 1377 463 aut
1405 422 1520 463 duos
1546 434 1632 474 pro
1658 435 1709 464 re
1734 426 1825 464 tam
1852 426 2022 465 sancta.

256 491 304 531 ln
329 483 455 532 curia
480 503 638 542 regum
663 493 707 531 et
730 490 1006 543 principum,
1030 491 1250 543 quamdiu
1269 491 1399 544 vivis,
1418 504 1570 534 moras
1586 492 1743 534 facere
1759 505 1851 534 non
1867 505 2023 536 cessas

251 566 294 603 et
324 574 408 614 pro
438 561 634 603 ecclesie
665 561 826 603 matris
854 564 1012 604 nostre
1045 562 1358 614 integracione
1390 563 1447 604 ad
1479 563 1706 605 modicum
1736 563 1783 604 in
1812 563 2023 617 generali

251 632 444 673 concilio
468 632 819 673 Constanciensi
845 635 968 674 stare
994 645 1182 675 recusas
1207 666 1215 674 .
1252 667 1259 674 .
1296 667 1303 674 .

367 703 616 755 Attendite,
659 715 818 756 queso,
859 704 1066 756 prelatos
1107 705 1251 746 nostri
1294 705 1530 757 temporis.
1585 705 1780 756 Quidam
1823 706 2019 759 promoti

251 778 355 815 sunt
380 777 571 827 propter
595 774 783 826 generis
808 774 993 827 fastum,
1020 775 1098 817 alii
1126 779 1318 828 propter
1343 776 1540 828 pecunie
1567 779 1795 830 questum,
1822 776 1900 818 alii
1926 777 2023 830 qui-

250 845 353 886 dam
383 848 574 898 propter
603 846 800 887 servicia
829 845 1121 887 dominorum
1151 850 1194 887 et
1224 846 1499 899 principum,
1528 846 1606 888 alii
1636 850 1827 900 propter
1856 848 2023 900 impor-

249 917 489 957 tunitatem
526 928 731 969 precum,
766 918 922 971 quos²¹)
962 917 1091 958 nulla
1127 918 1364 970 sapiencia
1401 916 1698 971 comitatur,¹')
1736 918 1867 960 nulla
1904 917 2023 971 sapi-

247 988 377 1029 encia
431 991 710 1040 praestatur,
764 988 894 1029 nulla
947 988 1092 1030 virtus
1144 1000 1225 1030 eos
1278 989 1478 1041 decorat,
1533 989 1662 1030 nulla
1715 989 1839 1031 fama
1893 989 2020 1042 ipsos

247 1058 549 1100 commendat.
600 1059 829 1110 Attamen,
867 1072 968 1100 cum
1007 1060 1319 1113 appellantur,
1357 1063 1519 1112 putant
1556 1059 1726 1113 effici')
1767 1060 2019 1112 sapienteS‚

246 1142 346 1170 cum
375 1130 626 1181 mittantur,
655 1130 924 1172 existimant
951 1143 1000 1173 se
1029 1129 1176 1184 esse‘¹)
1209 1130 1460 1183 sapientes,
1488 1130 1759 1183 prudentes,
1788 1143 1889 1172 cum
1915 1125 2020 1183 pro·
2080 1130 2083 1131 ⁷

246 1203 502 1252 moventur,
533 1199 728 1242 credunt
758 1213 806 1242 se
839 1200 945 1241 fieri
976 1201 1221 1253 virtuosos,
1251 1213 1352 1242 cum
1383 1200 1704 1253 preficiantur,
1736 1201 1938 1243 iudicant
1968 1213 2019 1242 se

247 1271 414 1324 effici'·)
456 1271 661 1313 famosos
701 1305 708 1313 .
745 1305 752 1312 .
790 1305 797 1313 .
849 1271 1104 1324 Propterea
1141 1272 1305 1313 horum
1342 1272 1554 1313 nonnulli
1596 1272 1641 1313 in
1677 1271 1936 1314 elacionem
1975 1275 2019 1313 et

245 1343 484 1384 vesaniam
508 1342 600 1384 dati
624 1342 946 1385 existimantes
971 1356 1020 1384 se
1044 1344 1150 1396 plus
1174 1355 1311 1395 quam
1335 1343 1547 1384 homines
1571 1355 1691 1395 esse,
1715 1343 2015 1397 despiciunt⁰)

247 1413 369 1455 viros
396 1412 685 1455 doctissimos
710 1416 755 1455 et
782 1414 1010 1455 litteratos
1037 1413 1341 1466 inquirentes,
1369 1413 1426 1455 ad
1451 1413 1578 1466 ipsos
1605 1413 1843 1456 dumtaxat
1869 1412 2020 1466 dispo-

245 1483 465 1525 sicionem
505 1485 644 1526 totius
685 1484 865 1525 concilii
907 1483 1160 1537 pertinere,
1202 1483 1328 1537 ipsos
1370 1485 1494 1526 solos
1535 1496 1694 1526 vocem
1735 1485 1782 1526 in
1823 1484 2018 1526 concilio

244 1555 434 1607 habere,
461 1555 694 1608 quoslibet
718 1555 834 1598 alios
860 1554 1020 1597 forsan
1047 1555 1384 1608 prudenciores
1411 1555 1727 1609 repellandos,
1754 1556 1881 1608 ipsos
1906 1567 2018 1597 vero

246 1626 301 1667 ad
329 1627 484 1668 omnia
512 1626 692 1679 agenda
721 1626 957 1668 dumtaxat
987 1626 1310 1669 admittendos.
1351 1627 1442 1669 Sed
1471 1627 1679 1679 obsecro,
1708 1639 1797 1679 que
1824 1639 1913 1668 vox
1941 1628 2018 1668 aut

245 1697 481 1739 sentencia
507 1697 640 1740 istius
664 1710 769 1740 esse
796 1698 980 1750 poterit,
1007 1697 1084 1750 qui
1111 1698 1167 1739 de
1184 1697 1287 1750 lege
1304 1697 1508 1750 loquitur
1525 1700 1568 1739 et
1584 1698 1735 1751 legem
1749 1709 1844 1739 non
1857 1697 2014 1739 novit?

247 1801 254 1808 .
291 1801 298 1808 .
335 1802 342 1809 .
368 1768 528 1809 Nonne
553 1768 635 1809 tibi
661 1768 844 1810 videtur
869 1768 1061 1810 insanus
1087 1767 1182 1821 ille,
1209 1769 1285 1821 qui
1312 1769 1463 1810 omnis
1485 1768 1802 1821 navigacionis
1829 1768 2018 1821 ignarus

248 1839 291 1879 in
332 1838 580 1880 discrimen
619 1840 909 1892 tempestatis
949 1842 1129 1881 ceteros
1167 1839 1477 1892 peritissimos
1516 1841 1681 1881 nautas
1720 1841 2017 1881 contemnere

245 1914 289 1952 et
326 1910 371 1950 in
409 1910 479 1952 sui
516 1914 561 1951 et
597 1909 783 1952 illorum
821 1910 1076 1963 perniciem
1113 1910 1373 1952 temeritate
1412 1922 1496 1952 sua
1531 1910 1666 1952 navis
1700 1910 2018 1963 magisterium

247 1993 475 2033 usurpare
498 1981 756 2034 presumit.
793 2014 800 2022 .
837 2014 844 2022 .

363 2052 460 2093 Non
503 2051 761 2094 monicione
804 2052 1087 2105 ewangelica
1128 2055 1198 2094 set
1238 2053 1398 2106 pocius
1441 2052 1659 2094 malivola
1701 2050 2018 2104 multipliciter

246 2120 632 2177 reprehenduntf)
661 2123 876 2176 curiales,
903 2124 1048 2165 eciam
1075 2124 1197 2165 omni
1225 2122 1540 2177 accepcioneg)
1570 2123 1785 2175 maiores,
1811 2121 2017 2164 dicentes

244 2193 467 2245 quosdam
493 2193 594 2235 fore
619 2193 768 2247 turpis
794 2194 909 2235 lucri
933 2197 1230 2247 mercatores,
1255 2195 1373 2236 alios
1397 2206 1508 2236 vero
1533 2194 1781 2246 dampnate
1807 2192 2014 2246 symonie

248 2265 348 2305 i'ore
390 2263 797 2319 perpetratores,¹¹)
841 2265 1064 2317 quosdam
1105 2268 1324 2307 stateram
1363 2264 1540 2307 iusticie
1579 2263 1801 2317 vendere,
1838 2266 2020 2306 ceteros

248 2347 358 2376 vero
400 2347 500 2376 cum
543 2348 702 2376 eorum
745 2336 1016 2388 patrociniis
1058 2339 1199 2378 totum
1242 2336 1417 2378 clerum
1458 2335 1700 2388 tribulare,
1740 2347 1834 2376 non
1875 2337 2020 2377 atten-
2048 2387 2054 2391 ¹
2087 2355 2092 2361 ·

247 2405 425 2457 dentes,
462 2406 583 2458 quod
621 2407 666 2447 in
703 2406 960 2459 ewangelio
995 2406 1215 2459 scriptum
1248 2410 1338 2448 est:
1389 2406 1544 2448 Primo
1578 2405 1758 2448 trabem
1794 2405 1852 2448 ab
1887 2405 2019 2448 oculo

246 2476 435 2529 proprio
465 2476 663 2519 emenda
694 2489 832 2529 quam
864 2478 920 2518 de
952 2479 1084 2519 oculo
1114 2478 1274 2519 fratris
1306 2478 1370 2519 tui
1403 2477 1628 2519 festucam
1662 2475 1823 2530 (Math.
1853 2475 1943 2518 VII
1973 2477 2018 2517 et

247 2547 367 2588 Luce
403 2548 488 2600 Vl)
525 2581 533 2588 .
570 2581 577 2589 .
614 2581 621 2589 .
671 2548 723 2589 Et
756 2560 912 2590 nonne
946 2549 1064 2590 tales
1099 2549 1267 2601 prelati
1303 2551 1409 2590 sunt
1443 2548 1659 2590 inmunes
1693 2559 1719 2589 a
1751 2547 2017 2600 symoniaca
2080 2559 2082 2561 ·

246 2618 486 2670 pravitate,
510 2618 587 2671 qui
613 2623 826 2661 emerunt
848 2617 1070 2661 ecclesias
1095 2622 1139 2660 et
1163 2615 1395 2660 beneficia
1419 2631 1520 2660 cum
1545 2630 1723 2661 summa
1746 2616 2017 2670 importuni-

244 2691 353 2740 tate;
391 2701 559 2742 nempe
598 2689 685 2742 ipsi
723 2689 769 2730 in
804 2688 1015 2741 partibus
1051 2688 1221 2731 nedum
1259 2689 1467 2732 vendunt
1502 2687 1735 2730 beneficia
1773 2691 1856 2741 set,
1892 2685 2014 2741 quod
2076 2692 2078 2694 ’

243 2760 568 2801 detestabilius
608 2763 692 2812 est,
731 2759 884 2812 gracie
927 2760 1188 2812 spiritualia
1230 2760 1363 2802 dona.
1421 2760 1471 2801 In
1510 2759 1651 2802 curiis
1690 2758 2013 2812 episcoporum

244 2830 319 2871 vix
352 2834 428 2872 aut
459 2842 695 2883 nunquam
727 2831 899 2872 habent
932 2831 1075 2871 finem
1109 2843 1261 2881 cause,
1292 2831 1381 2871 nisi
1415 2831 1590 2872 fuerint
1622 2830 1727 2872 data
1758 2842 1845 2883 pro
1875 2841 2015 2882 expe-

349 2989 378 3007 ει»
402 2981 448 3006 λ’ῐὶ
471 2981 600 3014 quibus.
697 2981 727 3007 l»
751 2981 799 3006 Ni>
825 2981 1096 3007 ‹rnnnmuuicnt111¹.
1190 2988 1217 3006 ci
1240 2982 1287 3007 Nic·
1310 2989 1392 3007 csse.
1484 2981 1516 3009 ‹1›
1539 2981 1586 3007 Nn
1613 2979 1680 3007 fieri
1703 2981 1734 3006 et
1759 2979 1854 3006 eflici-

243 3036 271 3052 ω
295 3028 345 3052 ,ΙΙῑῑ
370 3027 558 3060 dispo-iniit.
599 3028 622 3059 π’)
651 3029 700 3053 ,llit
723 3027 982 3061 :ilqn-clwiiilunt.
1034 3036 1066 3060 g)
1088 3029 1138 3054 ,llii
1160 3027 1400 3062 acceptatione.
1442 3028 1472 3055 11)
1494 3028 1579 3054 alios
1603 3048 1608 3053 .
1630 3048 1636 3053 .
1657 3047 1662 3052 .
1690 3028 1832 3061 per-petr.
1853 3025 1933 3060 fehlt
1956 3026 2009 3052 Μίὶ

243 3075 263 3100 i·
286 3075 442 3107 qui-‚silani
467 3096 471 3100 .
493 3095 497 3100 .
521 3095 525 3100 .
547 3075 786 3108 x·‹=1iil‹-1·cl't¹lilt
814 3075 874 3101 Jlii.

2086 2201 2102 2352 :A-mss.
2096 2157 2102 2190 ..-
2093 2039 2102 2148 -.Am
2098 1962 2102 2015 .--.-
2097 1940 2102 1949 a„
