2227 3434
561 184 599 219 B.
638 184 715 219 Der
738 183 838 218 liber
860 184 1053 227 gestorum
1078 182 1147 217 des
1171 180 1413 216 Cerretanus.
1788 180 1869 223 181

106 309 335 348 terrarum
361 302 593 356 quandam
618 302 888 355 precipuam
916 299 1266 343 similitudinem
1290 299 1431 340 habet
1456 298 1514 340 ad
1540 297 1624 339 Dei
1650 297 1872 350 regimen,

107 388 196 430 quo
226 375 375 417 celum
408 376 453 416 et
483 376 609 415 terra
641 385 690 414 ac
722 372 904 424 reliqua
935 373 1095 412 cuncta
1128 373 1282 412 creata
1313 369 1644 422 gubernantur.
1690 368 1758 410 Ex
1788 368 1873 410 hoc

107 447 245 489 etiam
283 444 521 499 apostolus
557 443 814 497 principem
853 442 962 483 dicit
998 454 1103 484 esse
1142 441 1227 482 Dei
1265 440 1525 482 ministrum
1561 442 1607 481 et
1642 451 1735 481 non
1772 437 1872 480 sine

107 528 246 559 causa
267 518 454 569 portare
477 513 696 567 gladium,
719 516 768 555 ut
790 525 966 564 eorum,
988 513 1065 565 qui
1090 511 1210 553 male
1235 513 1388 564 agunt,
1412 511 1469 552 sit
1492 509 1678 551 vindex.
1712 509 1874 560 Quam-

107 588 177 630 vis
203 589 355 630 autem
383 585 441 627 ad
466 584 617 638 ipsum
644 583 902 637 principem
930 595 1039 625 cura
1064 581 1301 635 generalis
1327 580 1572 634 pertineat,
1598 583 1647 622 ut
1674 580 1721 621 in
1748 579 1875 633 pacis

107 656 442 710 tranquillitate
467 656 624 697 vivant
648 654 861 696 nationes
888 665 1063 706 omnes,
1089 652 1315 705 singulari
1340 655 1494 693 tamen
1521 650 1712 693 solertia
1737 649 1876 692 debet

109 727 352 782 invigilare
380 726 439 769 ad
464 725 799 779 protegendam
827 725 885 767 ab
910 724 1120 766 hostibus
1148 726 1194 765 et
1221 721 1598 775 impugnantibus
1625 720 1874 763 christiane

108 797 277 853 quietis
309 798 562 839 Romanam
596 796 856 847 ecclesiam,
891 795 1034 846 cuius,
1068 797 1118 836 ut
1153 795 1199 835 in
1233 805 1409 835 canone
1446 792 1628 845 legitur,
1663 794 1734 834 est
1766 791 1876 844 legi-

107 870 245 912 timus
279 867 527 910 advocatus
561 870 605 909 et
640 866 877 909 defensor.
924 866 1017 907 Hec
1050 876 1219 918 nempe
1254 863 1506 905 christiana
1541 862 1673 916 quies
1707 865 1752 904 et
1784 874 1876 915 pax

109 943 179 983 est
212 939 292 982 illa
327 939 441 991 sola,
475 951 588 980 vera
622 941 668 980 et
702 940 827 979 certa
861 935 1113 988 hereditas,
1149 948 1286 988 quam
1323 934 1591 987 redemptor
1624 936 1783 976 noster
1819 931 1876 974 de

110 1010 280 1053 mundo
313 1010 371 1053 ad
403 1012 582 1063 patrem
616 1009 896 1051 transiturus
931 1007 1027 1049 suis
1062 1005 1284 1060 apostolis
1317 1008 1363 1047 et
1395 1017 1480 1059 per
1514 1017 1594 1047 eos
1628 1016 1709 1047 sue
1742 1003 1877 1045 unice

111 1093 279 1136 sponse
310 1081 508 1122 ecclesie
539 1079 795 1121 universali
828 1078 1018 1131 reliquit
1047 1078 1120 1120 his
1151 1077 1326 1118 verbis:
1361 1077 1526 1118 Pacem
1558 1075 1773 1128 relinquo
1804 1087 1879 1116 vo-

111 1152 196 1206 bis,
218 1164 380 1206 pacem
403 1163 554 1193 meam
579 1151 637 1192 do
661 1150 845 1203 vobis.ยน)
885 1149 957 1190 Ad
981 1148 1192 1190 eiusdem
1218 1148 1356 1189 etiam
1381 1146 1507 1200 pacis
1532 1146 1878 1188 firmamentum

111 1226 155 1266 et
176 1222 430 1266 custodiam
454 1222 594 1274 Deus,
616 1221 693 1275 qui
715 1224 784 1263 est
807 1223 973 1272 custos,
998 1219 1127 1271 duas,
1150 1222 1199 1260 ut
1221 1219 1266 1260 in
1291 1219 1435 1259 sacris
1459 1217 1715 1259 canonibus
1738 1215 1879 1269 scrip-

111 1297 204 1337 tum
225 1297 309 1347 est,
329 1293 525 1336 instituit
547 1292 808 1346 dignitates,
829 1303 918 1344 que
941 1294 1045 1333 sunt
1066 1289 1350 1343 pontificalis
1373 1289 1620 1331 auctoritas
1640 1289 1686 1330 et
1706 1286 1878 1340 regalis

112 1367 329 1419 potestaS,
363 1366 411 1406 ut
444 1376 530 1417 per
564 1363 758 1406 alteram
793 1362 967 1404 dociles
1002 1360 1290 1412 erudiantur,
1325 1372 1410 1413 per
1444 1359 1638 1401 alteram
1674 1357 1880 1399 rebelles

111 1438 461 1489 compescantur
492 1434 549 1477 ad
579 1446 740 1487 pacem
772 1436 909 1486 atque
941 1445 1026 1486 per
1058 1432 1253 1474 alteram
1285 1430 1622 1484 spiritualibus,
1653 1441 1738 1482 per
1769 1429 1880 1470 alte-

112 1518 209 1549 ram
237 1505 559 1559 corporalibus
589 1517 672 1547 seu
699 1503 1037 1556 temporalibus
1066 1501 1406 1555 provideretur.
1449 1499 1589 1542 Sicuti
1620 1511 1731 1542 vero
1760 1498 1880 1540 inter

113 1577 323 1631 spiritum
354 1576 554 1619 hominis
587 1588 669 1617 seu
700 1575 902 1617 animam
933 1577 978 1616 et
1009 1586 1176 1626 corpus
1206 1571 1474 1614 necessaria
1505 1569 1765 1612 coniunctio
1795 1571 1880 1620 est,

114 1648 175 1692 ita
195 1651 243 1691 ut
267 1660 322 1691 ea
347 1648 573 1690 dissoluta
599 1646 791 1688 interire
816 1645 1049 1687 hominem
1074 1656 1269 1686 necesse
1295 1644 1366 1694 sit,
1393 1643 1457 1685 sic
1482 1645 1527 1683 et
1552 1642 1672 1683 inter
1699 1639 1881 1693 spiritu-

114 1719 203 1762 alia
233 1722 278 1761 et
308 1718 570 1772 corporalia
601 1717 861 1760 coniunctio
892 1719 962 1757 est
992 1728 1084 1757 non
1117 1714 1280 1767 minor,
1312 1717 1360 1755 ut
1390 1715 1555 1755 neutra
1587 1711 1688 1753 sine
1720 1711 1881 1753 alteris

113 1790 291 1843 possint
325 1788 594 1831 consistere.
644 1788 778 1830 Unde
816 1788 954 1828 facile
993 1787 1139 1838 liquet
1174 1786 1338 1827 harum
1376 1784 1572 1826 duarum
1609 1782 1880 1836 dignitatum

115 1859 172 1903 ad
207 1860 415 1914 regimen
452 1859 579 1901 orbis
617 1859 932 1900 necessariam
970 1870 1074 1899 esse
1111 1855 1495 1898 coniunctionem.
1547 1855 1640 1895 Hec
1678 1852 1882 1895 animad-

115 1934 300 1974 vertens
324 1931 366 1972 d.
390 1934 550 1973 noster
571 1942 708 1983 papa,
733 1942 832 1970 cum
857 1929 997 1981 paulo
1021 1930 1157 1970 antea
1181 1929 1390 1968 vacasset
1415 1925 1675 1978 imperium,
1698 1935 1881 1966 omnem

115 2001 401 2056 diligentiam
433 2000 657 2053 adhibuit,
690 2003 736 2042 ut
767 2000 874 2042 talis
905 1999 1174 2052 eligeretur,
1206 1997 1283 2050 qui
1315 2000 1359 2039 et
1390 2009 1449 2038 ex
1481 1995 1634 2038 animo
1664 1994 1806 2036 vellet
1839 1996 1882 2035 et

116 2084 174 2114 ex
200 2072 376 2115 viribus
403 2075 562 2126 posset
587 2074 679 2113 tam
708 2071 860 2123 ample
889 2068 1129 2123 potestatis
1158 2067 1368 2111 officium
1398 2067 1594 2119 implere
1623 2063 1883 2107 recensitis-

117 2155 205 2196 que
231 2143 494 2186 christianis
521 2142 812 2196 principibus
840 2140 1047 2193 repperit
1076 2141 1121 2181 in
1147 2142 1190 2181 te
1218 2138 1467 2180 convenire
1494 2137 1662 2188 omnia,
1690 2148 1778 2189 que
1807 2135 1883 2177 de-

119 2212 381 2256 siderantur
406 2213 452 2255 in
478 2213 704 2267 principe,
730 2215 887 2265 utpote
915 2212 985 2253 cui
1013 2210 1279 2252 natalicium
1306 2208 1617 2261 imperialium
1646 2205 1883 2260 splendor,

119 2284 258 2327 animi
288 2284 570 2338 magnitudo,
603 2284 731 2337 regia
762 2285 981 2336 potestas,
1015 2293 1171 2322 rerum
1203 2283 1438 2334 gestarum
1469 2279 1617 2332 gloria
1650 2280 1695 2319 et
1727 2279 1883 2319 contra

119 2354 326 2407 perfidos
354 2354 468 2398 fidei
495 2355 653 2397 hostes
682 2354 884 2396 Teucros
912 2352 1087 2394 bellum
1117 2351 1382 2393 continuum
1414 2348 1779 2391 illustrissimum
1809 2347 1885 2389 de-

121 2424 286 2468 derunt
317 2425 645 2468 testimonium.
690 2424 866 2476 Quibus
899 2436 958 2465 ex
992 2423 1133 2465 rebus
1167 2421 1458 2475 perspiciens
1492 2419 1614 2461 idem
1650 2419 1691 2460 d.
1727 2420 1885 2460 noster

121 2507 240 2549 papa
265 2499 310 2538 te
336 2497 467 2538 illum
493 2496 677 2538 unicum
707 2507 812 2538 esse
840 2493 1114 2548 principem,
1141 2493 1211 2534 cui
1239 2492 1389 2546 prima
1416 2491 1501 2533 hec
1528 2489 1731 2533 omnium
1760 2500 1885 2531 secu-

124 2565 287 2609 larium
317 2566 573 2620 imperialis
604 2568 809 2620 potestas
840 2565 1106 2615 deberetur,
1138 2575 1316 2605 summo
1347 2561 1499 2605 studio
1530 2560 1718 2612 curavit,
1750 2562 1798 2601 ut
1829 2557 1885 2601 ad

124 2638 166 2678 te
190 2636 469 2690 deferretur,
494 2636 745 2679 arbitratus
769 2636 852 2678 hac
876 2648 968 2677 una
994 2635 1093 2677 sola
1117 2633 1384 2687 provisione
1409 2631 1586 2674 consuli
1613 2634 1656 2672 et
1681 2628 1885 2672 succurri

123 2717 260 2759 posse
283 2708 424 2750 rebus
448 2707 587 2749 fessis
613 2707 833 2760 pacisque
859 2704 1243 2758 tranquillitatem
1268 2704 1408 2745 tribui
1436 2703 1656 2744 universe
1681 2699 1886 2742 christia-

125 2788 286 2820 norum
325 2778 596 2831 reipublice,
637 2790 726 2830 que
769 2780 960 2830 propter
1000 2775 1153 2818 varias
1193 2777 1237 2816 et
1280 2775 1561 2816 inveteratas
1604 2771 1886 2813 afflictiones

126 2846 367 2891 videbatur
394 2848 440 2890 in
469 2847 790 2901 spiritualibus
818 2851 863 2889 et
889 2845 1226 2899 temporalibus
1254 2844 1466 2898 proxima
1496 2843 1643 2884 ruine.
1685 2840 1776 2883 Sed
1803 2852 1886 2881 nec

127 2916 275 2970 ipsum
304 2930 387 2961 sua
416 2918 589 2961 fefellit
618 2918 788 2972 opinio.
831 2917 899 2959 Tu
928 2917 1052 2959 enim
1082 2929 1203 2968 mox,
1232 2918 1281 2957 ut
1310 2913 1575 2968 percepisti,
1604 2915 1648 2954 te
1678 2923 1762 2965 per
1792 2923 1886 2960 eos,

129 2986 186 3029 ad
205 3000 319 3042 quos
339 2989 554 3043 pertinet,
574 2989 631 3031 ad
652 2989 768 3031 hanc
790 2988 1058 3041 dignitatem
1081 2987 1293 3037 electum,
1314 2983 1590 3027 contendisti
1611 2980 1886 3036 posthabitis

244 3081 276 3122 ฮน)
303 3081 360 3116 Jo.
389 3082 442 3123 14,
466 3082 521 3116 27.
