2227 3434
621 165 658 198 Β.
702 164 950 199 Avisamente
979 165 1047 199 der
1078 165 1394 200 Reformatorien.
1804 168 1890 210 615

123 284 181 323 et
212 286 656 335 congregatum
690 283 758 324 de
792 282 1151 325 huiusmodi
1184 283 1505 326 scismatis
1539 297 1725 327 causa
1756 297 1891 337 cog-

123 363 391 394 noscens
434 355 491 394 et
534 351 592 394 in
635 353 1084 395 contumaciam
1130 354 1477 396 electorum
1521 367 1627 396 seu
1670 366 1893 407 geren-

123 422 278 464 cium
339 435 401 464 se
462 435 570 476 pro
628 416 785 475 papa
846 424 997 477 velss)
1058 423 1551 478 cardinalium,'‘)
1613 426 1665 466 si
1724 425 1891 467 forte

124 493 345 535 venire
387 494 826 547 neglexerint,
860 493 1032 535 litem
1078 494 1334 537 dirimat
1376 507 1749 549 causamque
1794 495 1894 536 de-

125 563 317 606 finiat
365 567 423 606 et
469 563 834 616 culpabiles
879 554 942 605 in
992 565 1290 608 scismate
1338 566 1739 618 procurando
1787 578 1894 608 seu

124 633 468 677 nutriendo
502 635 599 676 vel
634 634 693 676 in
727 634 1238 678 administrando
1270 640 1372 678 aut
1406 636 1764 679 obediendo
1795 636 1893 678 vel

125 704 554 748 calumniosos
591 704 649 747 in
686 705 1028 758 allegando
1064 709 1285 755 inetum
1322 707 1515 748 eciam
1553 708 1721 750 ultra
1756 719 1896 760 pre-

127 774 330 818 dictas
366 787 586 828 penas,
623 776 1054 829 cuiuscunque
1093 777 1579 830 status‚gradus
1615 790 1721 819 seu
1757 790 1896 830 pre-

126 846 480 888 eminencie
559 846 842 888 existant
907 846 1359 889 ecclesiastice
1427 848 1525 889 vel
1592 848 1895 890 mundane

128 928 427 970 persone,
483 918 571 959 sic
624 918 870 970 puniat,
927 921 986 960 ut
1041 917 1322 959 vindicte
1380 919 1553 971 rigor
1606 921 1896 960 transeat

127 987 365 1031 ceteris
406 987 465 1030 in
506 989 868 1041 exemplum.

243 1057 315 1100 Ut
360 1062 560 1101 autem
606 1062 802 1101 metus
849 1071 956 1101 seu
1003 1059 1454 1112 impressionis
1500 1059 1795 1102 molestia
1838 1059 1898 1101 in

128 1129 457 1171 eleccione
515 1142 670 1183 pape
731 1142 799 1172 eo
857 1129 1349 1173 formidolosius
1419 1130 1725 1182 evitetur,
1785 1142 1899 1183 quo

127 1201 243 1242 toti
291 1200 768 1243 christianitati
817 1201 1306 1244 lamentabilius
1355 1213 1564 1242 eorum
1614 1200 1900 1243 incussio

128 1270 505 1313 seufraccio
531 1272 1169 1324 perpetratur,ultra
1197 1271 1488 1325 predicta
1518 1271 1901 1324 specialiter

131 1341 419 1385 duximus
498 1342 925 1395 statuendum,
993 1343 1151 1396 quod
1218 1343 1268 1384 si
1335 1343 1475 1395 quis
1541 1342 1899 1385 huiusmodi

130 1415 348 1455 metum
383 1414 481 1455 vel
520 1414 1007 1466 impressionem
1044 1417 1145 1456 aut
1179 1413 1561 1455 violenciam
1598 1413 1901 1455 electori-

129 1482 240 1525 bus
276 1484 438 1536 ipsis
473 1485 571 1525 vel
609 1483 802 1526 alicui
840 1496 1047 1525 eorum
1085 1484 1143 1525 in
1178 1485 1509 1525 eleccione
1544 1496 1701 1536 pape
1738 1483 1901 1525 intu-

132 1553 285 1596 lerit
319 1566 427 1596 seu
461 1554 696 1598 fecerit
730 1559 831 1597 aut
866 1555 1020 1596 fieri
1054 1554 1505 1607 procuraverit
1540 1556 1637 1596 vel
1672 1555 1902 1596 factum

130 1629 327 1668 ratum
361 1625 659 1668 habuerit
693 1630 792 1668 aut
827 1626 883 1667 in
917 1627 1024 1668 hoc
1059 1626 1436 1680 consiliunr‘)
1473 1625 1728 1668 dederit
1758 1623 1898 1678 vel¹¹)

131 1695 411 1738 favorem
472 1696 898 1738 facientemve
961 1697 1245 1738 scienter
1306 1697 1746 1749 receptaverit
1805 1696 1903 1737 vel

131 1766 579 1809 defensaverit
629 1771 729 1809 aut
778 1768 1117 1820 negligens
1169 1767 1226 1808 in
1277 1768 1664 1809 execucione
1716 1779 1903 1819 pena-

133 1849 257 1880 rum
314 1837 597 1881 inferius
656 1842 1130 1880 memoratarum
1189 1837 1514 1890 extiterit,
1571 1837 1905 1879 cuiuscun-

132 1921 245 1962 que
287 1912 517 1961 status‚
558 1909 815 1962 gradus,
856 1910 952 1951 vel
994 1908 1472 1961 preeminencie
1514 1908 1739 1961 fuerit,
1782 1908 1903 1949 eci-

133 1981 284 2022 amsi
321 1979 931 2033 imperiali,regali,
967 1980 1344 2032 pontificali
1383 1980 1479 2020 vel
1519 1979 1644 2021 alia
1683 1979 1904 2032 quavis

133 2050 587 2094 ecclesiastica
649 2054 750 2093 aut
810 2051 1092 2092 seculari
1155 2050 1526 2103 prefulgeat
1588 2050 1904 2102 dignitate

134 2120 287 2164 illas
334 2133 528 2174 penas
574 2121 711 2174 ipso
757 2122 926 2163 facto
972 2121 1284 2173 incurrat,
1332 2133 1444 2173 que
1492 2120 1550 2162 in
1597 2120 1906 2162 constitu-

133 2192 311 2235 cione
358 2192 581 2235 felicis
627 2191 1112 2235 recordacionis
1158 2191 1479 2233 Bonifacii
1525 2203 1681 2244 pape
1728 2190 1905 2242 VIII,

134 2275 248 2316 que
293 2263 548 2317 incipit,
595 2262 886 2315 ,Felicis‘
933 2262 1343 2304 continentur
1390 2262 1658 2314 illisque
1705 2261 1906 2303 effec-

135 2334 405 2376 tualiter
439 2335 754 2387 puniatur.
789 2333 1033 2376 Civitas
1068 2345 1239 2385 vero,
1274 2332 1516 2386 eciam‘')
1556 2330 1903 2386 sis),quod1=)

136 2404 329 2457 absit,
383 2404 531 2447 urbs
584 2404 848 2446 Romana
902 2404 1103 2446 fuerit
1158 2416 1263 2445 seu
1319 2403 1444 2445 alia
1499 2403 1721 2455 quevis
1773 2402 1906 2443 uni-

136 2475 442 2527 versitas,
492 2488 604 2528 que
655 2475 813 2518 talia
861 2474 1133 2516 facienti
1184 2474 1521 2515 consilium
1571 2474 1668 2515 vel
1733 2473 1906 2515 auxi-

138 2546 284 2588 lium
318 2546 570 2588 dederit
602 2549 703 2588 aut
735 2546 1014 2587 favorem
1047 2545 1144 2586 vel
1180 2545 1348 2586 infra
1383 2557 1650 2586 mensem
1683 2544 1905 2586 saltem

135 2615 362 2658 taliter
401 2616 906 2669 delinquentem,
947 2619 1131 2668 prout
1170 2615 1330 2657 tanti
1371 2614 1685 2657 facinoris
1727 2627 1906 2655 enor-

132 2730 395 2766 impressimus-m,
415 2733 588 2765 antequam
604 2731 709 2765 ipsum
726 2731 900 2758 eonsilium
923 2731 1137 2763 dissolvatur,
1159 2730 1289 2764 publice
1306 2734 1337 2756 ct
1354 2730 1510 2757 canonic«⁵
1526 2730 1674 2763 allegare
1690 2731 1721 2755 vt
1735 2729 1898 2755 deduceru-

136 2777 175 2805 Et
194 2778 221 2805 si
243 2779 349 2813 ipsum
372 2780 492 2805 metum
523 2787 579 2805 scu
615 2779 867 2812 impressionem
901 2779 932 2805 in
971 2778 1042 2813 ipso
1078 2777 1222 2805 concilio
1247 2777 1393 2807 anegare
1423 2785 1485 2804 non
1510 2777 1703 2804 curaverint
1723 2776 1829 2809 ipsum
1852 2782 1908 2801 seu

134 2824 238 2860 ipsam
260 2825 354 2853 finito
376 2826 524 2860 pre-lictu
548 2826 690 2853 concilio
725 2826 891 2860 allegandi
922 2825 967 2853 sit
993 2825 1168 2852 audiencia
1188 2824 1320 2859 penitus
1342 2824 1528 2851 interdictu.
1566 2823 1654 2850 'runc
1675 2826 1783 2850 aulem
1804 2823 1910 2849 invius

135 2879 192 2899 sen
215 2872 388 2907 impressio
410 2873 538 2899 notorie
559 2874 591 2899 vt
612 2873 783 2900 evidenter
805 2880 955 2900 cessasse
976 2872 1217 2906 intelligantur,
1245 2872 1375 2905 quando
1404 2871 1506 2905 ipsam
1530 2877 1680 2897 c‹·ssassc
1702 2877 1759 2903 per
1779 2876 1909 2896 sucrum

135 2919 311 2946 concilium
332 2920 433 2947 fus-rit
452 2919 631 2947 «inclamata.
670 2919 700 2947 Si
723 2927 800 2947 vcro
822 2921 929 2947 metus
950 2927 1008 2947 seu
1024 2920 1201 2954 impressio
1220 2918 1406 2946 huiusmodi
1425 2925 1486 2944 non
1503 2917 1717 2948 cessaverint,
1732 2917 1910 2942 teneantur

70 2997 77 3000 ‚
136 2965 240 3000 ipsam
265 2967 497 3001 protendenti-s
529 2966 587 2993 illa
614 2967 706 2993 linito
728 2967 871 2993 concilio
899 2966 1054 3001 prosequi
1085 2968 1118 2993 nt
1147 2965 1300 3000 superius
1328 2965 1525 2991 continctnr.
1551 2979 1574 2982 —
1608 2964 1641 2988 11·
1661 2963 1743 2995 f‘nlqt
1765 2962 1910 2988 daimonte

136 3013 401 3048 dut-chatriclm1;
432 3022 494 3040 nw-
514 3013 592 3046 fehlt
621 3014 764 3046 ansanus
792 3015 967 3040 tencantur
987 3034 993 3039 .
1014 3034 1018 3038 .
1040 3033 1047 3040 .
1067 3012 1272 3047 pretendere.
1349 3019 1379 3038 a»
1400 3013 1421 3036 Ν
1439 3014 1504 3037 ant.
1580 3010 1611 3041 b)
1632 3012 1653 3034 ,κ’
1672 3008 1900 3036 cardinalibus

137 3062 166 3092 e)
186 3060 208 3087 S
225 3060 411 3088 concilium.
467 3060 499 3089 ‹J›
522 3060 608 3087 Fchlt
628 3060 656 3087 S.
714 3066 742 3089 c)
770 3060 806 3086 W
823 3068 875 3085 mn
900 3061 1020 3087 [eunde.
1077 3059 1102 3086 s)
1123 3059 1144 3085 S
1161 3059 1259 3086 sicut.
1315 3064 1347 3092 g»
1372 3057 1455 3084 Fehlt
1475 3058 1502 3082 S.
