2227 3434
335 90 617 126 Undatierbare
647 91 725 126 und
754 90 957 125 unsichere
989 90 1225 125 Konstanzer
1254 90 1460 134 Predigten
1489 90 1566 124 und
1597 90 1738 125 Reden.
1836 90 1921 133 535

155 208 427 251 concordem
455 221 732 250 consensum
761 208 960 251 racionis
988 211 1032 250 et
1059 208 1211 250 carnis
1239 211 1284 250 et
1312 208 1369 249 ad
1397 210 1529 250 extra
1558 220 1659 249 cum
1686 209 1921 250 universis

155 279 414 332 elementis,
438 280 538 332 ipse
560 282 716 321 tamen
738 278 1103 332 benignissimus
1126 278 1314 322 humani
1338 278 1525 331 generis
1548 281 1728 320 creator
1751 281 1796 320 et
1819 291 1921 320 con-

155 349 274 392 ditor
306 376 362 381 —
397 349 500 402 quis
534 349 681 392 nescit
714 348 859 391 eciam
895 349 940 390 in
975 350 1044 391 ira
1079 350 1305 390 contineri
1341 348 1686 390 misericordias
1723 361 1830 391 suas
1865 375 1920 379 —

152 431 430 473 quamquam
461 420 578 462 hanc
609 419 878 461 felicitatem
911 419 968 461 ab
1001 419 1202 461 humano
1234 431 1407 472 genere
1441 419 1560 461 iuste
1594 419 1796 471 abstulit,
1827 431 1931 465 non¹

152 493 306 534 tamen
349 490 541 534 abstulit
583 491 754 533 amisse
797 490 998 532 felicitas
1041 489 1327 532 desiderium
1371 493 1417 532 et
1460 502 1590 543 spem
1633 489 1921 543 recuperaci-

151 560 267 614 onis‚
291 560 402 614 quin
425 573 577 614 ymmo
599 560 964 602 misericorditer
988 560 1194 612 indulsit,
1218 564 1267 602 ut
1289 573 1374 613 per
1399 561 1607 602 laborem
1630 561 1739 602 boni
1763 559 1920 613 operis

150 620 431 685 recuperare
466 635 627 686 posset
658 631 810 684 homo,
845 643 934 684 que
968 630 1254 684 perdiderat,
1291 634 1367 673 aut
1401 632 1566 673 saltem
1601 631 1776 673 maiora
1810 631 1919 678 illis,

150 701 367 745 videlicet
399 702 609 755 gloriam,
643 701 867 744 honorem
901 705 948 743 et
978 714 1139 755 pacem
1174 701 1370 744 civitatis
1406 714 1624 754 superne,
1659 714 1747 754 que
1783 702 1918 754 longe

149 773 484 815 transcendunt
507 772 716 826 gloriam,
739 773 964 814 honorem
991 775 1036 814 et
1061 785 1222 825 pacem
1249 775 1392 814 status
1419 773 1689 814 innocencie
1716 772 1762 813 in
1786 785 1919 826 para-

150 842 252 886 diso
271 843 486 886 terrestri
510 877 519 886 .
554 877 563 885 .

147 960 514 1014 AnonymuS.

267 1030 424 1064 Text:
468 1029 517 1065 Be
543 1029 611 1065 632
635 1029 661 1073 Τ.
690 1030 766 1065 104.
890 1055 896 1062 .

265 1087 605 1142 Gloriosa⁸)
643 1088 809 1131 dicta
844 1092 984 1130 sunt
1020 1088 1090 1130 de
1125 1092 1207 1142 te,
1241 1088 1473 1132 civitas
1508 1090 1615 1131 Dei
1642 1090 1737 1143 (Ps.
1759 1089 1829 1143 86,
1851 1089 1917 1142 3).

148 1159 249 1202 Duo
279 1162 398 1212 sunt,
429 1171 519 1213 que
549 1159 793 1202 notificant
822 1159 1139 1202 condicionem
1171 1163 1217 1202 et
1248 1163 1415 1203 statum
1447 1160 1579 1202 istius
1610 1160 1783 1203 nobilis
1814 1159 1918 1202 civi-

145 1230 252 1272 tatis
274 1264 283 1273 .
319 1263 328 1272 .
363 1267 370 1274 .
406 1229 496 1272 Ubi
516 1243 623 1284 pax,
644 1230 708 1272 ibi
731 1230 929 1273 sciencia
951 1234 996 1272 et
1017 1243 1152 1273 omne
1175 1231 1360 1273 bonum.
1394 1230 1612 1284 Legimus
1634 1230 1771 1283 enim,
1794 1230 1917 1284 quod

144 1312 258 1353 pace
293 1299 524 1343 existente
559 1301 606 1342 in
640 1301 831 1354 Egypto,
866 1301 930 1343 ibi
961 1302 1114 1354 primo
1148 1301 1350 1343 studium
1385 1301 1485 1354 fuit,
1521 1301 1690 1344 deinde
1724 1305 1917 1355 propter

145 1383 306 1425 pacem
351 1369 648 1426 Grecorumb)
694 1375 765 1414 est
806 1373 1083 1414 translatum
1127 1372 1173 1413 in
1218 1372 1445 1414 Greciam.
1502 1372 1681 1415 Deinde
1724 1375 1917 1425 propter

143 1454 305 1495 pacem
336 1441 649 1484 Romanorum
680 1443 957 1485 translatum
990 1446 1061 1486 est
1091 1443 1296 1495 Romam,
1331 1442 1500 1485 deinde
1532 1446 1725 1496 propter
1754 1455 1916 1496 pacem

145 1512 444 1567 Gallicorum,
465 1514 743 1557 translatum
764 1517 837 1557 est
856 1514 1066 1557 Parisius
1088 1517 1133 1556 et
1153 1514 1330 1557 tamdiu
1349 1514 1413 1556 ibi
1437 1513 1588 1567 stabit,
1611 1514 1832 1567 quamdiu
1853 1514 1916 1556 ibi

144 1595 237 1636 pax
262 1587 308 1627 et
333 1583 514 1627 iusticia
539 1584 753 1638 regnabit
779 1618 788 1627 .
823 1618 832 1627 .
868 1618 876 1627 .

143 1699 510 1755 Anonymus.
1378 1702 1429 1745 In
1463 1715 1577 1745 cena
1610 1701 1798 1745 domini.

261 1770 421 1806 Teaet:
461 1769 524 1806 Sle
547 1771 643 1815 231.
668 1772 748 1808 330.

261 1829 381 1873 Hoc
416 1835 514 1874 est
551 1842 779 1884 corpus
817 1842 1019 1873 meum.
1066 1831 1131 1874 Ita
1160 1831 1377 1873 scribitur
1405 1832 1463 1874 ad
1492 1832 1525 1874 Ι.
1556 1831 1658 1874 Cor.
1688 1831 1766 1874 XI.
1796 1834 1841 1874 et
1869 1832 1916 1873 in

143 1902 352 1954 presenti
383 1901 583 1954 epistol-a
616 1935 625 1944 .
660 1935 668 1944 .
704 1935 713 1944 .
755 1901 1020 1944 Reverendi
1052 1903 1142 1944 mei
1174 1905 1257 1944 etc.
1300 1902 1414 1954 Quia
1445 1903 1572 1945 iuxta
1603 1901 1915 1945 testimonium

143 1971 431 2016 venerabilis
456 1972 595 2015 Alani
622 1972 669 2015 in
695 1972 889 2026 prologo
917 1973 988 2015 sui
1014 1972 1360 2016 Anticlaudiani
1390 2008 1399 2016 .
1435 2007 1442 2015 .
1478 2008 1486 2016 .

144 2087 183 2130 A
198 2100 228 2131 n
243 2101 268 2131 o
284 2101 313 2131 n
328 2101 355 2143 y
371 2101 416 2131 m
430 2101 461 2131 u
475 2101 510 2133 3.
1393 2091 1444 2133 In
1469 2103 1584 2134 cena
1609 2090 1797 2133 domini.

265 2159 423 2194 Text:
464 2158 527 2194 See
551 2161 597 2196 33
621 2160 647 2203 t.
673 2160 752 2195 325.

261 2217 304 2259 Η
317 2230 381 2260 oc
414 2230 440 2260 e
456 2222 508 2261 st
541 2231 564 2260 c
577 2231 605 2260 o
619 2232 641 2260 r
656 2231 687 2272 p
701 2232 732 2261 u
747 2233 769 2263 s
801 2231 845 2261 m
861 2232 885 2261 e
900 2233 930 2262 u
946 2221 1047 2273 m1).
1086 2220 1153 2263 Ita
1176 2219 1392 2262 scribitur
1414 2219 1646 2273 primitive
1674 2220 1705 2262 I.
1729 2219 1787 2262 ad
1811 2219 1914 2262 Cor.

144 2287 222 2332 XI.
248 2301 347 2343 cap.
373 2292 419 2332 et
443 2289 490 2332 in
515 2289 677 2333 officio
700 2289 929 2333 hodierno
953 2290 1270 2344 epistolariter
1295 2294 1342 2334 et
1366 2291 1604 2333 recitative
1633 2324 1642 2333 .
1677 2324 1685 2332 .
1721 2324 1729 2332 .

142 2404 183 2448 A
201 2418 229 2448 n
247 2418 272 2449 ο
286 2418 317 2448 n
331 2418 358 2460 y
374 2417 419 2448 m
432 2419 463 2450 u
478 2418 513 2449 s.
1361 2408 1584 2452 Nativitas
1608 2408 1796 2451 domini.

265 2475 423 2511 Text:
460 2475 522 2511 Ste
542 2477 588 2513 33
609 2476 635 2521 r.
659 2477 735 2513 159.

281 2534 479 2577 Hodie
514 2538 696 2578 natus
733 2539 826 2578 est
860 2536 1042 2579 nobis
1078 2537 1364 2579 salvator
1403 2537 1530 2590 (Luc.
1560 2536 1734 2590 II,11).
1770 2537 1913 2578 Reve-

145 2604 279 2647 rendi
301 2607 462 2659 patres
487 2609 531 2648 et
557 2605 730 2648 domini
757 2641 766 2649 .
802 2640 810 2648 .
846 2640 855 2648 .
894 2607 989 2661 Ego
1014 2607 1335 2660 homunculus,
1363 2607 1440 2661 qui
1466 2620 1551 2661 pre
1577 2607 1720 2650 nimia
1746 2607 1913 2649 mentis

145 2675 461 2719 imbecillitate
491 2676 629 2719 homo
657 2689 751 2720 non
782 2677 1013 2720 immerito
1042 2690 1210 2721 vereor
1238 2679 1499 2732 nuncupari
1530 2716 1537 2722 .
1574 2711 1583 2720 .
1618 2712 1627 2720 .

251 2814 282 2846 a)
310 2814 369 2841 Am
391 2815 524 2841 Ranae:
556 2814 670 2842 Sermo
691 2815 779 2842 valet
800 2815 840 2842 ad
862 2816 1182 2843 commendacionem
1207 2816 1349 2844 alieuius
1371 2817 1527 2844 civitatis.
1602 2817 1633 2849 b)
1656 2817 1701 2844 Hs
1723 2816 1912 2847 Gregorum.

263 2875 294 2916 1)
337 2874 454 2909 Beide
491 2874 698 2917 Prediyten
738 2875 832 2910 ilber
869 2876 1003 2911 diesen
1054 2877 1260 2920 Vorspmch
1304 2877 1500 2911 enthalten
1540 2876 1654 2911 keine
1692 2875 1912 2918 Konzilsqe-

144 2930 309 2966 danken.
351 2931 392 2966 1η
423 2932 598 2967 letzterer
624 2933 749 2976 findet
777 2934 854 2968 sich
883 2934 947 2968 die
975 2933 1107 2977 Klaye.
1135 2936 1210 2979 das]
1240 2934 1399 2969 manche
1429 2934 1490 2969 bei
1517 2935 1587 2969 cler
1613 2935 1811 2969 Elevatz'on
1838 2943 1912 2968 non

145 2993 347 3034 assurgunt
376 3000 444 3024 nec
471 2990 600 3025 volunt
630 2991 667 3026 ei
694 2991 862 3026 debitam
892 2992 1152 3027 reverenciam
1181 2992 1376 3027 exhibere.
