2102 3444
291 147 375 188 726
729 141 793 175 ΙΙΙ.
826 139 1035 174 Abschnitt.
1078 138 1230 172 Reform
1263 138 1340 171 und
1373 137 1621 181 Verfassung.

291 274 489 311 causam,
520 259 761 301 concilium
793 258 932 299 debet
964 256 1130 298 melius
1163 255 1445 309 deliberare,
1478 268 1637 309 quero,
1669 256 1774 308 quis
1803 255 1945 299 habet
1973 257 2057 300 hoc
2098 278 2102 282 ·

295 333 512 382 iudicare,
556 334 706 372 utrum
750 329 807 370 sit
850 340 988 369 causa
1031 325 1328 368 racionabilis
1371 326 1445 367 vel
1487 339 1594 367 non.
1649 326 1777 378 Quod
1821 326 1859 369 si
1901 331 2057 371 sancta

291 402 482 443 sInodus
507 400 670 453 spiritu
696 402 852 440 sancto
877 398 1066 450 regitur,
1092 400 1140 439 ut
1165 397 1227 439 ibi
1252 396 1432 450 dicitur,
1454 409 1577 450 papa
1603 400 1756 439 autem
1780 397 2056 451 plerumque

291 485 379 513 non
406 472 525 513 bono
547 471 713 523 spiritu
735 468 924 521 regitur,
948 471 1122 509 certum
1146 470 1230 520 est,
1254 467 1376 520 quod
1399 471 1443 510 et
1464 467 1513 508 in
1536 467 1622 510 isto
1646 471 1692 510 et
1714 467 1759 509 in
1780 480 2056 522 quocunque

289 543 381 584 alio
409 554 530 592 casu,
558 540 634 581 ubi
665 543 790 582 esset
817 538 1064 581 diversitas
1094 538 1249 580 iudicii
1279 541 1324 580 et
1352 539 1639 580 voluntatum
1669 538 1790 580 inter
1817 550 1986 592 papam
2013 542 2058 582 et

290 611 516 663 sinodum,
540 609 752 652 standum
774 612 900 651 esset
921 609 1158 650 sentencie
1182 608 1345 653 sinodi.

406 682 494 722 Pro
529 680 849 722 declaracione
884 683 1046 732 quarte
1081 679 1361 721 assercion'is
1396 679 1640 721 adducitur
1672 679 1881 722 doctrina
1914 680 2058 722 sancti

289 753 475 804 Thome,
507 752 585 793 ubi
617 752 748 804 ponit
780 763 865 803 pro
897 750 1216 803 fundamento,
1249 750 1371 803 quod
1404 750 1553 792 edicio
1585 750 1768 792 simboli
1799 753 1846 793 et
1877 751 2059 804 questio

290 822 401 864 fidei
425 826 468 864 et
491 822 548 864 de
571 822 667 864 fide
690 822 894 875 exortass)
921 821 1018 863 sive
1043 819 1175 875 alia'’)
1202 833 1492 874 quecunque,
1516 834 1606 874 que
1630 821 1727 876 ad‘)
1752 824 1892 864 totam
1915 822 2058 864 eccle-

287 892 401 935 siam
439 892 687 945 pertinent,
724 893 781 934 ad
818 892 964 935 solam
1003 893 1321 934 auctoritatem
1359 892 1526 934 summi
1561 892 1799 945 pontificis
1836 895 2057 946 spectant.

288 964 419 1005 Circa
455 965 537 1005 hoc
572 963 926 1005 fundamentum
963 963 1212 1016 dubitatur,
1248 963 1357 1016 quia
1391 962 1589 1016 videtur,
1626 963 1762 1016 quod,
1798 962 1836 1006 si
1870 963 1956 1006 1100
1988 966 2058 1007 est

286 1047 461 1086 verum,
485 1046 607 1087 papa
630 1046 867 1087 nunquam
893 1037 1051 1086 posset
1077 1033 1284 1075 convinci
1310 1036 1356 1075 et
1380 1034 1524 1075 multo
1547 1034 1702 1076 minus
1726 1033 2058 1088 condempnari

287 1105 344 1146 de
380 1104 550 1157 heresi,
587 1104 682 1146 sive
720 1108 881 1158 agatur
918 1105 974 1146 de
1010 1104 1168 1147 heresi
1205 1105 1295 1147 13111
1332 1104 1596 1157 dampnata,
1634 1105 1732 1147 sive
1765 1105 1826 1147 *de
1862 1117 1932 1158 ea,
1966 1117 2056 1159 que

287 1175 487 1218 debebat
524 1175 580 1217 de
618 1188 737 1217 novo
776 1175 1019 1228 dampnari
1058 1175 1470 1228 presupponendo,
1508 1175 1631 1228 quod
1668 1178 1855 1218 sanctus
1893 1175 2057 1219 Petrus

284 1259 376 1288 non
403 1246 491 1289 fuit
516 1245 706 1289 maioris
733 1246 1032 1299 auctoritatis,
1059 1247 1167 1289 licet
1193 1246 1335 1288 fuerit
1362 1246 1552 1289 maioris
1576 1246 1746 1299 meriti,
1774 1259 1912 1300 quam
1938 1247 2057 1290 alius

284 1317 547 1370 quicunque
563 1316 663 1359 eius
680 1330 933 1359 successor.
957 1317 1085 1370 Nam,
1103 1317 1139 1359 si
1157 1320 1228 1359 est
1242 1317 1399 1370 aliqua
1414 1316 1597 1359 heresis
1613 1317 1877 1371 dampnata,
1891 1317 1975 1360 illa
1987 1321 2058 1361 est

286 1388 533 1441 dampnata
556 1388 825 1430 auctoritate
850 1388 1015 1431 summi
1037 1388 1274 1441 pontificis
1294 1388 1552 1430 >secundum
1575 1388 1660 1431 hoc
1682 1388 2053 1442 fundamentum

285 1461 353 1501 set
368 1459 527 1502 nullus
540 1471 748 1501 summus
761 1458 976 1511 pontifex
990 1461 1144 1511 potest
1155 1471 1217 1501 ex
1233 1459 1518 1512 auctoritate,
1535 1471 1672 1511 quiam
1687 1458 2057 1513 habet,0bliga1·e
2075 1476 2078 1477 ⁷

283 1542 601 1572 successorem
623 1530 681 1572 ad
701 1530 764 1572 sic
786 1530 1072 1572 credendum
1093 1531 1167 1572 vel
1182 1543 1276 1572 non
1292 1530 1578 1572 credendum
1593 1531 1668 1572 vel
1684 1530 1743 1573 ad
1756 1530 1936 1584 aliquid
1949 1530 2057 1574 faci-

286 1601 471 1654 endum,
493 1602 603 1654 quia
623 1614 715 1643 non
738 1604 808 1644 est
828 1601 1018 1644 maioris
1039 1601 1337 1654 auctoritatis,
1360 1602 1489 1644 iuxta
1507 1601 1902 1655 presuppositum.
1938 1602 2057 1656 Ergo
2098 1623 2102 1627 -

286 1684 538 1725 successor,
569 1673 606 1714 si
634 1685 728 1714 non
758 1673 868 1726 vult,
897 1685 991 1715 non
1021 1675 1206 1714 tenetur
1232 1675 1359 1715 stare
1390 1673 1457 1714 illi
1489 1673 1918 1727 condempnacioni,
1947 1672 2056 1727 quin

284 1756 437 1795 ymmo
470 1744 641 1796 poterit
675 1743 960 1786 auctorizare
995 1747 1041 1786 et
1075 1744 1351 1786 canonizare
1387 1744 1514 1786 illam
1549 1744 1770 1798 heresim,
1803 1757 1894 1798 que
1926 1743 2056 1798 ¹prius

286 1817 385 1856 erat
415 1813 677 1867 dampnata,
708 1817 754 1857 et
783 1815 993 1868 obligare
1026 1814 1235 1858 subditos
1266 1815 1324 1857 ad
1354 1815 1608 1857 tenendum
1640 1828 1757 1868 eam,
1789 1828 1848 1857 ex
1879 1828 1970 1869 quo
1999 1813 2056 1857 ad

285 1885 430 1926 solam
472 1898 601 1927 suam
638 1885 958 1929 auctoritatem
997 1886 1083 1928 hoc
1123 1889 1315 1939 spectan
1358 1889 1403 1928 et
1442 1886 1586 1928 multo
1623 1886 1770 1940 magis
1807 1889 1935 1929 esset
1970 1885 2054 1929 hoc

285 1955 529 1997 dicendum
561 1956 617 1997 de
646 1956 818 2009 heresi,
847 1969 936 2009 que
964 1969 1135 1998 novum
1164 1957 1361 1999 haberet
1390 1959 1553 1999 ortum.

402 2027 624 2069 Preterea
647 2027 834 2070 additur
852 2028 912 2069 de
934 2028 1147 2070 edicione
1171 2028 1356 2070 simboli
1379 2031 1425 2070 et
1447 2028 1504 2070 de
1527 2028 1714 2070 decreto
1734 2028 1886 2082 prime
1907 2027 2055 2082 Ephe-

285 2098 386 2138 sine
420 2097 584 2152 sinodi,
617 2110 707 2150 que
737 2099 946 2151 perlecto
976 2098 1176 2141 simbolo
1204 2099 1359 2141 sinodi
1391 2100 1562 2141 Nicene
1597 2099 1802 2142 decrevit
1833 2099 1919 2143 sub
1950 2109 2055 2141 ana-

284 2168 498 2210 thematis
523 2181 644 2221 pena
670 2169 807 2211 aliam
831 2169 978 2211 fidem
1002 2170 1121 2211 nulli
1148 2170 1290 2212 licere
1316 2170 1533 2223 proferre
1559 2171 1634 2212 vel
1659 2170 1955 2212 conscribere
1980 2169 2052 2211 vel

284 2251 562 2291 componere
595 2243 754 2292 preter
789 2240 1042 2283 diffinitam
1072 2254 1101 2283 ‘a
1136 2242 1321 2294 sanctis,
1356 2241 1433 2294 qui
1466 2241 1638 2283 Nicene
1667 2245 1778 2285 sunt
1812 2241 1859 2283 in
1891 2239 2053 2294 spiritu

285 2312 454 2351 sancto.
495 2310 624 2363 Ecce,
653 2311 776 2363 quod
803 2324 895 2353 non
923 2311 1214 2354 interdicitur
1242 2311 1536 2354 con-scribere
1564 2312 1639 2353 vel
1667 2311 1884 2365 proferre
1913 2311 2052 2354 ali-um

285 2380 530 2422 simbolum
569 2384 637 2423 set
674 2382 813 2423 aliam
850 2382 1008 2424 fidem.
1058 2383 1210 2434 Quero
1245 2383 1398 2436 igitur,
1434 2382 1661 2436 numquid
1696 2383 1782 2425 hoc
1818 2382 2051 2425 decretum

284 2450 458 2504 obIIgat
487 2463 657 2503 papam
689 2452 762 2493 vel
794 2453 918 2494 non‘?
964 2453 1010 2495 Si
1043 2454 1121 2506 sic,
1153 2457 1260 2496 tunc
1293 2454 1431 2507 igitur
1463 2453 1616 2496 omnia
1649 2453 1843 2496 concilia
1875 2452 2052 2496 fiebant

284 2521 536 2574 antiquitus
581 2523 850 2566 auctoritate
894 2536 1017 2577 pape
1063 2529 1108 2567 et
1151 2537 1236 2578 per
1282 2537 1575 2577 consequens
1618 2537 1741 2578 papa
1783 2522 2050 2567 auctoritate

284 2592 449 2634 summi
472 2593 771 2646 pontificatus
794 2598 946 2647 potest
970 2595 1178 2648 obligare
1204 2608 1522 2637 successorem
1545 2599 1589 2638 et
1614 2596 1678 2638 sic
1701 2608 1794 2638 non
1818 2595 1906 2638 erit
1928 2595 2049 2638 tante

284 2664 525 2715 potestatis
547 2676 787 2706 successor
809 2669 979 2718 quante
1002 2666 1324 2718 predecessor.
1360 2667 1428 2708 Ex
1451 2679 1542 2719 quo
1564 2670 1635 2710 est
1655 2666 1885 2720 obligatus
1907 2665 2049 2708 eciam

284 2737 441 2776 contra
478 2747 607 2776 suam
645 2735 928 2777 voluntatem
964 2740 1010 2778 et
1044 2750 1103 2778 ex
1140 2738 1376 2780 voluntate
1412 2737 1764 2790 predecessoris
1800 2736 1861 2780 ad
1896 2735 1956 2790 id,
1991 2726 2048 2778 ad

283 2804 404 2856 quod
430 2805 737 2857 predecessor
762 2819 855 2848 non
881 2810 982 2849 erat
1006 2807 1250 2861 obligatus.
1289 2807 1334 2850 Si
1362 2820 1474 2850 vero
1498 2820 1591 2850 non
1617 2808 1803 2861 obligat,
1829 2807 2047 2860 sequitur,
2079 2829 2091 2835 -

283 2875 405 2927 quod
429 2879 578 2928 potest
602 2877 896 2919 conscribere
921 2882 967 2921 et
989 2878 1205 2930 proferre
1231 2883 1275 2922 et
1298 2878 1543 2932 predicare
1567 2878 1704 2921 aliam
1730 2878 1875 2921 fidem
1899 2880 1943 2920 et
1963 2887 2048 2930 per

282 2957 572 2998 consequens
605 2959 697 2989 non
731 2948 901 3000 poterit
934 2949 1142 2991 convinci
1175 2950 1248 2991 vel
1281 2949 1616 3003 condempnari
1650 2949 1707 2991 de
1739 2948 1911 3002 heresi,
1942 2945 2046 3000 quia

388 3049 417 3077 a)
443 3049 488 3075 Hs
511 3030 650 3077 extorta.
725 3050 756 3083 b)
780 3051 825 3077 Hs
846 3050 968 3084 aliqua.
1044 3054 1072 3085 c)
1094 3052 1141 3078 Hs
1161 3058 1234 3078 non.
