2102 3444
330 217 413 259 (372
771 213 836 247 III.
865 210 1075 246 Abschnilt.
1116 208 1267 244 Reform
1297 210 1373 243 und
1405 207 1652 253 Verfassung.

334 334 471 376 XLII.
512 333 634 384 Quod
662 330 869 384 prelatus
892 333 1049 371 contra
1073 327 1301 381 prelatum
1328 340 1417 370 non
1442 328 1588 379 possit
1611 328 1802 380 propria
1824 329 2097 372 anctoritate

977 399 1184 441 indicere
1213 397 1444 451 bellum.¹)

456 487 561 527 lton]
590 496 749 525 omncs
775 485 1091 523 convenerunt
1117 515 1125 523 .
1161 514 1169 522 .
1206 514 1214 522 .
1240 480 1508 534 vi›deatur.³)

965 565 986 587 *
1435 564 1457 587 *

1199 610 1220 633 ss

390 696 552 738 XLIII.
608 695 673 736 De
714 693 968 735 indebitam
1006 696 1050 734 et
1089 692 1353 734 inordinata
1391 691 1628 734 eleccione
1666 690 1951 744 prelatorum
1990 692 2036 734 in

736 763 980 805 Aleniania
1003 766 1046 805 et
1071 764 1130 806 «le
1153 763 1448 815 precavenda
1470 762 1681 816 iuturaf)

852 835 1201 876 Avisamentum
1238 846 1327 886 per
1368 833 1424 874 M.
1465 833 1566 875 Job.

444 907 557 958 Quia
586 907 725 958 procli
752 906 885 947 dolor
912 905 1084 946 nimius
1110 904 1283 945 abusus
1311 938 1319 945 .
1355 937 1363 945 .
1399 937 1408 945 .
1436 903 1711 956 publicetur.

962 987 984 1010 *
1432 986 1454 1010 >le

1198 1033 1219 1056 >k

327 1116 483 1158 XLIV.
529 1115 704 1158 Cednla
736 1118 922 1167 recepta
953 1125 1037 1166 per
1067 1113 1345 1156 iamiliarem
1378 1114 1644 1167 patriarche
1675 1114 1988 1157 Anthiocheni
2019 1114 2096 1157 (lie

386 1187 510 1228 x'lll.
548 1186 794 1228 Februarii
831 1198 952 1228 anno
989 1184 1135 1227 XVII.
1173 1185 1231 1227 (le
1268 1185 1601 1227 reformatione
1638 1185 1802 1237 capitis
1837 1184 2038 1228 ecclesie

1038 1254 1376 1309 universalis.³)

442 1339 594 1380 Primo
625 1339 747 1391 quod
779 1338 989 1379 officium
1018 1350 1141 1390 pape
1175 1341 1390 1380 versetur
1421 1337 1745 1391 principaliter
1777 1338 1836 1380 ad
1867 1337 2094 1380 orandum

324 1422 409 1462 pro
437 1410 584 1450 salute
614 1409 872 1451 animarum
903 1412 948 1450 et
973 1421 1088 1462 pace
1116 1408 1468 1451 christianitatis
1497 1408 1927 1462 predicandumque
1956 1411 2001 1451 et
2030 1409 2096 1450 in-

325 1480 605 1522 stituendum
627 1481 673 1521 in
696 1480 793 1522 fide
815 1483 860 1521 et
882 1480 1089 1522 moribus
1109 1480 1334 1532 populum
1353 1479 1657 1522 christianum
1681 1484 1727 1523 et
1745 1479 1805 1522 ad
1825 1478 2094 1533 ponendum

323 1563 480 1602 pacem
509 1550 628 1592 inter
654 1563 789 1603 reges
814 1553 861 1592 et
886 1550 1123 1602 principes
1147 1549 1499 1592 christianitatis
1524 1550 1899 1603 exhortandique
1924 1562 2008 1592 eos
2035 1549 2093 1592 ad

323 1622 586 1673 passagium
615 1633 701 1673 pro
730 1621 1092 1673 recuperacione
1123 1621 1267 1663 Terre
1299 1624 1456 1663 sancte
1487 1620 1643 1663 dando
1668 1620 1753 1674 eis,
1783 1623 2005 1674 quantum
2035 1620 2093 1663 ad

323 1704 427 1732 eum
450 1692 664 1744 pertinet,
689 1691 876 1734 favores
897 1691 1144 1745 speciales.

443 1763 553 1804 Item
584 1762 706 1814 quod
735 1775 827 1804 non
859 1763 916 1805 sit
946 1762 1200 1805 bellicosus
1228 1774 1315 1804 nec
1344 1765 1502 1806 teneat
1529 1775 1615 1804 seu
1644 1761 1896 1816 stipendiet
1924 1761 2092 1816 capita-

321 1845 434 1875 neos
460 1833 664 1886 gentium
693 1846 926 1874 armorum
951 1833 1011 1874 -ad
1039 1833 1384 1875 effundendum
1408 1833 1685 1886 sanguinem
1712 1833 1980 1886 humanum,
2009 1832 2092 1875 sed

321 1904 506 1955 quando
535 1904 759 1957 indigebit
787 1904 962 1946 auxilio
990 1904 1185 1957 iusticie,
1213 1907 1368 1947 utatur
1394 1904 1550 1957 gladio
1577 1903 1808 1957 spirituali
1837 1903 2091 1946 secundum

322 1974 443 2026 quod
476 1975 619 2016 sancti
654 1977 811 2027 patres
844 1974 1069 2017 hactenus
1100 1975 1223 2016 soliti
1258 1978 1365 2017 sunt
1396 1974 1569 2028 facere,
1601 1977 1648 2017 et
1679 1975 1869 2028 quando
1898 1974 1968 2016 illi
1997 1986 2091 2016 non

321 2044 577 2097 obedietur,
603 2045 786 2087 invocet
815 2045 1054 2087 brachium
1081 2046 1297 2088 seculare
1326 2046 1674 2099 imperatorum,
1702 2058 1864 2099 regum
1893 2050 1940 2090 et
1966 2045 2092 2099 prin-

321 2115 471 2167 cipum
498 2115 861 2168 christianitatis,
890 2116 1004 2159 sicut
1032 2116 1176 2158 sancti
1200 2119 1364 2169 patres
1390 2116 1643 2169 antiquitus
1671 2116 1919 2158 faciebant.

441 2185 552 2226 Item
585 2198 678 2227 non
712 2186 882 2228 indicat
914 2190 992 2228 aut
1024 2187 1164 2228 indici
1197 2186 1338 2229 faciat
1370 2190 1447 2229 aut
1480 2200 1565 2230 suo
1595 2186 1783 2229 nomine
1816 2186 1956 2229 indici
1986 2199 2091 2240 per-

324 2256 468 2298 mittat
510 2256 696 2309 taillias,
739 2257 949 2309 gabellas
994 2270 1077 2300 seu
1116 2258 1238 2300 »alias
1283 2258 1551 2300 exactiones
1594 2258 1771 2311 populo
1823 2257 2090 2311 patrimonii

322 2326 516 2367 ecclesie
554 2327 773 2380 Romane,
810 2327 893 2370 sed
931 2328 1037 2370 illos
1072 2331 1229 2371 teneat
1264 2328 1312 2370 in
1346 2328 1433 2371 illa
1467 2328 1698 2382 libertate,
1735 2328 1783 2370 in
1817 2322 2089 2382 qua'sancti

320 2401 491 2449 patres,
518 2397 618 2439 eius
643 2397 1019 2451 predecessores,
1046 2399 1152 2441 illos
1176 2402 1340 2441 tenere
1365 2401 1723 2442 consueverunt.

441 2467 553 2508 Item
582 2468 626 2508 in
653 2468 912 2510 civitatibus
939 2472 984 2511 et
1008 2469 1112 2512 aliis
1139 2470 1252 2512 locis
1277 2469 1634 2522 temporalitatis
1660 2469 1866 2512 Romane
1891 2469 2089 2511 ecclesie

322 2550 411 2577 non
438 2537 629 2590 recipiat
653 2538 913 2579 mercedem
940 2539 997 2581 ab
1022 2540 1265 2593 usurariis,
1288 2543 1338 2582 ut
1357 2540 1407 2581 in
1431 2540 1527 2583 illis
1552 2540 1761 2582 fenerari
1785 2539 1980 2595 possint,
2006 2539 2090 2582 sed

324 2608 426 2648 illos
456 2608 654 2660 repellat
683 2608 740 2650 de
769 2609 900 2651 dictis
930 2610 1041 2652 locis
1069 2614 1115 2652 et
1141 2611 1265 2663 quod
1293 2623 1318 2653 a
1346 2611 1517 2653 talibus
1546 2610 1787 2664 desistant,
1812 2613 2088 2664 compescat.

442 2678 552 2719 Item
580 2679 623 2719 in
649 2679 786 2720 terris
811 2683 855 2721 et
882 2680 993 2722 locis
1019 2680 1136 2723 dicte
1162 2681 1518 2734 temporalitatis
1540 2682 1740 2723 ecclesie
1765 2681 1970 2723 Romane
1995 2692 2088 2722 non

322 2748 511 2800 recipiat
536 2749 796 2791 mercedem
820 2751 1066 2803 prostibuli
1090 2764 1175 2794 nec
1195 2752 1256 2793 -de
1279 2751 1537 2805 trec-horiis,
1561 2751 1645 2794 sed
1667 2751 1774 2794 illas
1795 2751 2088 2804 exterminet,

322 2818 436 2859 sicut
461 2820 703 2871 requirunt
728 2820 913 2863 decreta
935 2825 1201 2864 sanctorum
1224 2825 1423 2875 patrum.

425 2932 454 2964 a)
475 2935 495 2956 N
513 2933 595 2966 fola!
619 2934 679 2960 etc.

436 2994 466 3034 ¹)
493 2994 580 3027 sod.
604 2993 648 3033 l),
672 2994 712 3035 S‚·
736 2994 855 3028 Harcll
878 2994 907 3036 Ι,
930 2996 1008 3030 643.

436 3052 467 3091 2)
492 3052 579 3085 (ὀιΙ.
605 3052 655 3093 Ι),·
678 3052 797 3086 Hurdt
821 3054 849 3094 1,
873 3054 950 3087 657.

435 3111 465 3150 ὅ)
494 3110 582 3143 Cod.
610 3108 727 3152 Paris,
754 3111 848 3145 Bibl.
874 3111 955 3145 Nat.
984 3112 1074 3146 1485
1097 3112 1122 3155 Ῐ.
1146 3113 1227 3146 398.
