2227 3434
529 170 567 203 Β.
606 170 683 204 Der
706 170 805 204 liber
826 173 1019 214 gestorum
1045 172 1113 205 des
1137 169 1379 206 Cerretanus.
1753 172 1836 214 207

72 300 172 329 rum
201 288 363 330 venire
391 287 577 340 Niciam,
606 287 854 329 dummodo
883 301 966 330 rex
996 288 1306 330 Romanorum
1336 291 1381 330 et
1405 288 1741 331 contendentes
1769 302 1838 330 se-

71 370 172 400 cum
201 358 259 400 de
287 361 459 411 papatu
484 370 589 400 cum
617 359 812 411 prelatis
839 371 1002 400 eorum
1031 358 1304 401 obediencie
1334 359 1508 400 ibidem
1538 359 1838 401 convenirent

71 432 116 471 et
143 429 279 482 quod,
306 430 344 471 si
372 429 436 471 sic
462 428 616 481 fieret,
641 428 819 471 faceret
845 441 943 470 rem
971 429 1068 470 Deo
1094 433 1272 482 gratam
1298 429 1562 482 mundoque
1591 433 1835 482 acceptam.

189 500 274 541 Die
299 499 527 541 dominica
551 500 695 541 tercia
727 499 994 554 [decima]³)
1024 513 1080 541 m.
1107 500 1319 542 Januarii
1346 503 1556 542 oratores
1580 500 1702 553 regis
1728 501 1840 542 Ara-

69 582 238 624 gonum
263 571 310 612 in
334 570 598 624 supradicto
623 571 721 612 loco
745 583 873 613 suam
900 570 1184 623 legacionem
1207 570 1392 624 prefato
1415 571 1456 612 d.
1483 571 1579 624 regi
1604 583 1840 623 exponen-

67 644 138 684 tes
157 642 308 694 primo
328 654 377 684 se
398 644 682 683 excusarunt
702 645 748 683 ut
769 654 923 694 supra.
959 641 1139 682 Deinde
1162 654 1246 694 pro
1265 645 1398 694 parte
1418 642 1564 694 ipsius
1585 641 1708 695 regis
1730 642 1841 683 Ara-

70 724 239 765 gonum
265 715 597 765 exposuerunt,
623 712 822 764 qualiter
850 713 949 765 ipse
973 712 1079 754 totis
1105 712 1176 754 sui
1202 712 1353 754 cordis
1379 712 1628 755 affectibus
1653 725 1840 765 semper

71 782 424 825 desideraverat
451 786 496 825 et
523 782 822 825 desiderabat
851 783 1055 835 aliquem
1083 795 1241 836 regem
1271 783 1316 824 in
1343 783 1678 825 christianitate
1708 795 1840 836 repe-

72 853 181 906 rire,
209 854 286 906 qui
315 853 373 896 ad
397 853 617 895 unionem
645 853 841 895 ecclesie
871 844 956 894 Dei
983 853 1236 906 dispositus
1264 856 1402 906 esset,
1430 857 1475 895 et
1502 854 1638 907 quod,
1664 866 1724 895 ex
1751 866 1840 906 quo

71 926 246 966 tantum
269 923 543 977 principem,
566 924 783 966 videlicet
804 924 955 977 ipsum
978 937 1135 977 regem
1159 924 1470 966 Romanorum
1494 925 1551 966 ad
1576 924 1621 966 id
1645 925 1841 977 disposi-

70 998 164 1036 tum
193 998 450 1048 repererat,
474 995 656 1048 gracias
683 995 781 1037 Deo
808 995 987 1048 agebat,
1015 999 1061 1037 et
1087 995 1210 1048 quod
1238 995 1295 1037 ad
1322 995 1460 1038 huius
1488 995 1555 1037 rei
1583 996 1841 1048 prosecuci-

71 1077 207 1107 onem
231 1078 280 1108 se
302 1069 348 1108 et
368 1078 563 1119 regnum
584 1079 720 1108 suum
743 1079 794 1108 ac
818 1078 901 1107 sua
923 1079 1008 1118 pro
1030 1066 1208 1107 viribus
1233 1065 1480 1107 offerebat.
1515 1066 1690 1118 Quibus
1715 1066 1838 1107 Petri

71 1136 127 1179 de
152 1136 283 1179 Luna
307 1140 352 1179 et
376 1137 500 1190 regis
524 1137 790 1190 Aragonum
816 1136 1078 1179 oratoribus
1104 1137 1144 1178 d.
1171 1149 1255 1177 rex
1280 1136 1590 1178 Romanorum
1616 1136 1841 1178 inducens

71 1207 332 1260 adpositum
354 1207 703 1261 ewangelium¹)
727 1207 784 1249 de
806 1207 1010 1260 quinque
1031 1207 1290 1260 virginibus
1313 1207 1623 1260 prudentibus
1645 1211 1689 1249 et
1711 1208 1841 1260 quin-

71 1289 160 1330 que
187 1277 329 1320 fatuis
355 1278 693 1320 commendavit
720 1278 761 1320 d.
786 1281 996 1320 nostrum
1023 1290 1190 1331 papam
1217 1278 1478 1320 Johannem
1506 1278 1692 1330 XXIII,
1719 1278 1840 1331 quod

72 1349 130 1390 ad
167 1348 411 1391 concilium
447 1352 640 1390 venerat
675 1352 885 1402 tempore
923 1348 1180 1390 constituto.
1230 1349 1283 1390 Et
1321 1349 1561 1402 respondit
1598 1349 1680 1401 eis,
1718 1348 1841 1402 quod

71 1431 213 1472 super
239 1419 492 1473 propositis
518 1432 604 1473 per
630 1432 710 1462 eos
738 1419 1025 1461 deliberaret
1051 1423 1096 1461 et
1123 1432 1223 1461 cum
1251 1420 1319 1461 eis
1348 1419 1464 1462 alias
1491 1422 1628 1462 esset.

190 1490 363 1532 Eadem
385 1490 459 1532 die
481 1490 866 1532 convenientibus
888 1490 934 1531 in
954 1491 1060 1532 aula
1078 1490 1246 1543 palacii
1270 1490 1511 1543 apostolici
1532 1502 1710 1533 summo
1731 1502 1842 1543 pon-

73 1560 198 1603 tifice
225 1573 347 1614 papa
374 1561 588 1603 Johanne
615 1561 788 1602 XXIII.
817 1564 861 1603 et
889 1560 993 1603 aliis
1021 1560 1179 1602 revmis
1205 1560 1252 1602 in
1280 1561 1386 1603 Chr.
1414 1573 1456 1614 p.
1486 1574 1521 1603 s.
1550 1561 1599 1603 R.
1629 1573 1668 1603 e.
1695 1560 1841 1603 cardi-

73 1632 273 1685 nalibus,
312 1631 507 1685 prelatis
544 1635 591 1673 et
627 1632 827 1674 dominis
867 1633 913 1672 in
953 1644 1084 1674 sacro
1123 1631 1475 1674 Constanciensi
1515 1632 1710 1674 concilio
1747 1631 1842 1673 exi-

73 1701 315 1756 stentibus,
344 1702 510 1744 eodem
541 1715 672 1744 sacro
702 1703 897 1744 concilio
928 1702 1233 1755 approbante,
1264 1702 1574 1744 deliberatum
1604 1705 1688 1754 est,
1719 1702 1841 1755 quod

73 1773 276 1816 secunda
300 1774 463 1826 sessio,
487 1785 576 1826 que
601 1774 675 1815 die
702 1774 811 1814 lune
835 1773 989 1815 XIIII.
1014 1773 1151 1816 huius
1175 1773 1349 1815 mensis
1373 1773 1602 1815 celebrari
1627 1773 1841 1824 debebat,

73 1844 131 1886 ad
153 1844 275 1886 diem
299 1844 414 1886 iovis
436 1844 634 1886 XXIIII.
659 1844 869 1886 eiusdem
894 1844 1067 1887 mensis
1091 1845 1149 1886 ad
1172 1844 1444 1886 instanciam
1468 1844 1509 1886 d.
1533 1845 1658 1897 regis
1682 1844 1842 1885 Roma-

73 1927 251 1968 norum,
288 1916 366 1968 qui
401 1916 485 1957 hoc
519 1916 749 1969 petiverat
785 1919 831 1957 et
864 1919 1056 1968 propter
1091 1915 1358 1957 absenciam
1393 1915 1596 1957 nationis
1634 1915 1842 1966 Francie,

74 1985 255 2040 Anglie,
295 1986 487 2028 Polonie
528 1990 573 2028 et
612 1986 831 2028 Bohemie
871 1986 1124 2038 nationum,
1164 1998 1254 2039 que
1296 1986 1352 2027 de
1393 1986 1606 2039 proximo
1646 1989 1840 2027 venture

74 2059 220 2111 erant,
241 2056 484 2110 prorogari
506 2056 711 2101 deberet.
748 2057 803 2099 Et
822 2057 1016 2110 insuper
1037 2057 1285 2099 remissum
1305 2060 1376 2098 est
1397 2057 1439 2099 d.
1461 2057 1574 2110 regi,
1594 2056 1719 2110 quod
1740 2057 1839 2110 ipse

74 2125 340 2169 deliberare
366 2127 574 2180 deberet,
600 2128 802 2180 qualiter
827 2127 974 2169 frater
999 2127 1239 2170 Johannes
1266 2127 1492 2169 Dominici
1519 2139 1620 2169 cum
1646 2140 1729 2169 suo
1754 2127 1841 2169 col-

75 2197 177 2251 lega
208 2197 532 2241 Constanciam
562 2197 743 2251 ingredi
775 2198 1003 2240 deberent
1031 2201 1077 2239 et
1109 2211 1167 2240 an
1198 2198 1348 2239 audiri
1379 2198 1620 2251 deberent,
1651 2201 1842 2251 propter

73 2268 196 2321 quod
221 2268 262 2310 d.
288 2281 373 2311 rex
397 2269 558 2310 habuit
583 2269 753 2321 dicere,
780 2269 903 2322 quod
926 2268 1047 2311 forte
1074 2281 1271 2310 unacum
1298 2268 1531 2322 aliquibus
1557 2269 1757 2310 dominis
1781 2269 1840 2310 de

23 2328 30 2333 ‘¹
75 2350 205 2381 sacro
230 2339 425 2381 concilio
451 2339 509 2381 ad
534 2338 833 2392 Oberlinghe,
860 2339 939 2381 ubi
964 2339 1112 2381 frater
1138 2339 1377 2382 Johannes
1406 2339 1630 2381 Dominici
1659 2342 1704 2381 et
1731 2351 1841 2381 suus

74 2409 250 2463 collega
279 2409 564 2462 residebant,
594 2422 643 2452 se
672 2410 953 2451 transferret
980 2409 1263 2462 eosdemque
1294 2409 1465 2451 ibidem
1495 2409 1677 2452 audiret
1705 2412 1752 2451 et
1780 2410 1841 2450 vi-

76 2479 220 2533 deret,
245 2492 304 2523 an
329 2479 507 2533 aliquid
530 2480 773 2532 haberent,
798 2480 922 2532 quod
946 2480 1004 2522 ad
1030 2481 1249 2522 unionem
1273 2481 1471 2522 ecclesie
1496 2480 1691 2532 faceret3
1719 2480 1841 2533 quod

77 2549 114 2591 si
150 2550 391 2603 haberent,
429 2550 764 2593 intromittendi
800 2553 845 2592 et
881 2550 1102 2593 audiendi
1141 2551 1187 2592 in
1225 2550 1418 2592 concilio
1456 2553 1532 2593 aut
1571 2552 1616 2592 in
1654 2563 1842 2603 congre-

74 2620 278 2674 gacione,
306 2624 442 2674 prout
467 2620 536 2663 eis
564 2621 710 2674 magis
736 2621 965 2674 placebat,
993 2621 1285 2663 videbantur.

194 2691 279 2734 Die
301 2692 417 2734 iovis
439 2691 586 2733 XVII.
609 2692 784 2734 mensis
807 2691 1018 2733 Januarii
1039 2691 1082 2733 d.
1105 2690 1380 2745 Ludovicus,
1403 2691 1495 2733 dux
1518 2691 1727 2743 Bavarie,
1752 2703 1841 2732 me-

79 2759 180 2804 dius
205 2762 325 2804 inter
349 2762 391 2803 d.
417 2774 574 2814 regem
599 2761 912 2804 Romanorum
934 2765 979 2803 et
1003 2761 1214 2804 comitem
1241 2761 1372 2814 Cilie,
1398 2762 1474 2815 qui
1499 2762 1585 2803 sibi
1610 2774 1710 2803 cum
1737 2762 1840 2803 aliis

78 2829 284 2885 ducibus,
307 2832 564 2885 comitibus,
588 2832 858 2885 baronibus,
883 2832 1107 2874 militibus
1131 2835 1175 2874 et
1200 2832 1472 2885 proceribus
1500 2833 1544 2873 in
1571 2844 1701 2874 sacro
1726 2832 1840 2873 Con-

79 2902 327 2944 stanciensi
363 2902 557 2945 concilio
591 2902 902 2944 existentibus
937 2905 1071 2945 extra
1106 2902 1337 2944 civitatem
1376 2902 1649 2945 Constancie
1687 2902 1841 2943 obvia-

181 3018 210 3050 a)
232 3016 359 3044 decima
379 3017 458 3050 fehlt
483 3019 508 3043 15
530 3026 556 3043 ιι.
582 3021 603 3041 1¹

194 3065 223 3106 ι)
253 3065 316 3099 Mt.
340 3066 396 3105 25,
423 3067 440 3100 1
455 3064 498 3109 rr.
