2227 3434
574 192 613 226 B.
653 192 731 227 Der
755 192 854 227 liber
879 195 1073 237 gestorum
1100 194 1169 228 des
1196 191 1437 228 Cerretanus.
1804 196 1888 238 253

242 309 294 351 In
319 309 403 351 Dei
428 310 615 351 nomine
643 310 754 353 1415
779 311 974 355 XXIIII.
1002 311 1114 354 Julii
1139 311 1414 354 ConstancIe
1439 313 1675 365 provincie
1706 313 1889 366 Magun-

121 380 318 423 tinensis
354 393 508 423 coram
544 381 738 423 concilio
771 382 983 434 generali
1017 395 1103 436 per
1140 395 1211 424 me
1249 383 1545 425 Franciscum
1581 384 1888 426 miseracione

122 450 280 494 divina
322 454 583 494 sanctorum
626 451 791 494 Cosme
834 456 878 494 et
922 453 1133 495 Damiani
1175 453 1419 496 diaconum
1461 454 1745 496 cardinalem
1790 455 1889 495 Flo-

121 521 368 565 rentinum.

237 593 310 635 Ad
333 593 553 635 unionem
578 597 623 636 et
648 593 1036 636 reformacionem
1063 595 1285 637 catholice
1312 599 1357 638 et
1382 596 1665 638 universalis
1691 597 1887 638 ecclesie

123 664 167 704 in
193 663 277 706 hac
300 664 512 718 generali
537 665 714 717 synodo
739 678 916 707 summa
942 666 984 706 vi
1011 666 1331 709 laborantibus
1355 667 1503 720 nobis,
1530 670 1686 720 patres
1712 668 1887 720 optimI,

121 735 272 787 prima
305 738 350 778 et
380 735 604 789 precipua
636 748 746 778 cura
779 736 996 779 habenda
1029 740 1112 790 est,
1147 740 1194 779 ut
1227 737 1557 791 intelligamus,
1591 741 1812 791 quantum
1846 741 1889 779 et

120 806 257 858 quale
279 806 336 849 sit
356 819 486 860 opus,
507 806 632 860 quod
649 807 950 859 intendimus;
974 820 1074 849 cum
1096 809 1219 850 enim
1242 809 1432 862 agencia
1452 812 1612 851 cuncta
1633 809 1779 850 finem
1801 809 1887 851 sibi

120 875 323 929 aliquem
347 877 640 931 prestituant,
666 878 836 931 evenit,
864 882 911 920 ut
937 891 993 920 eo
1020 879 1215 932 cognito,
1243 879 1359 921 fiant
1387 883 1637 933 operantes
1664 893 1719 922 eo
1746 880 1889 921 soler-

119 946 282 1000 ciores,
313 960 403 1001 quo
432 948 721 1002 perspiciunt
751 953 943 1003 operata
972 949 1131 992 futura
1160 951 1368 992 meliora.
1412 950 1537 1003 Opus
1569 954 1735 1003 autem,
1766 951 1888 1004 quod

119 1018 217 1061 Deo
246 1018 433 1061 favente
464 1019 674 1073 cupimus
705 1020 906 1074 assequi,
937 1021 1028 1062 tale
1059 1024 1330 1074 tantumque
1360 1025 1444 1074 est,
1474 1025 1522 1063 ut
1551 1025 1655 1074 post
1684 1021 1886 1063 divinam

120 1089 372 1133 bonitatem
411 1091 553 1133 nichil
596 1092 642 1132 in
683 1104 839 1133 rerum
879 1092 1181 1134 universitate
1223 1092 1403 1145 melius,
1444 1094 1585 1134 nichil
1627 1093 1774 1135 maius
1814 1096 1890 1134 aut

120 1161 430 1213 prestancius;
476 1162 562 1204 hoc
603 1175 804 1216 namque
848 1163 1019 1204 bonum
1063 1166 1133 1205 est
1176 1163 1353 1205 ordinis
1397 1163 1617 1216 universi,
1662 1163 1797 1217 quod,
1840 1167 1889 1205 ut

118 1232 262 1275 sacris
291 1233 646 1286 preceptoribus
676 1233 872 1286 videtur,
903 1234 1125 1286 optimum
1155 1237 1226 1276 est
1257 1235 1465 1276 existens
1496 1235 1541 1275 in
1574 1235 1726 1278 rebus.
1771 1234 1886 1286 Quid

119 1315 231 1346 vero
255 1303 381 1346 aliud
406 1304 637 1358 assignari
660 1306 844 1357 poterit,
870 1305 928 1346 ad
952 1305 1075 1358 quod
1098 1309 1224 1347 tanta
1248 1318 1356 1347 cura
1381 1306 1650 1358 postpositis
1674 1305 1888 1347 omnibus

120 1373 225 1417 aliis
266 1374 626 1428 cogitacionibus
669 1375 853 1418 insistat
893 1376 978 1417 hec
1019 1379 1082 1418 tot
1123 1376 1510 1418 electissimorum
1551 1376 1788 1418 hominum
1829 1389 1887 1417 ex

119 1445 334 1488 omnibus
368 1447 482 1489 locis
513 1446 723 1489 universi
756 1446 882 1489 orbis
915 1449 1041 1489 tanta
1074 1447 1313 1489 collectio?
1360 1448 1431 1488 Nil
1465 1450 1589 1489 certe
1623 1447 1751 1489 aliud
1783 1447 1888 1499 nisi,

120 1519 169 1558 ut
193 1515 376 1559 sublato
399 1517 586 1570 penitus
614 1517 826 1560 scismate
852 1517 1080 1571 pestifero
1106 1521 1151 1559 et
1176 1519 1277 1571 ipsa
1304 1518 1393 1560 iam
1420 1521 1647 1560 vetustate
1675 1518 1890 1560 indurato

116 1598 207 1640 res,
239 1599 329 1641 que
361 1599 447 1641 per
478 1588 697 1631 distortos
728 1588 937 1631 tramites
971 1589 1056 1631 sub
1089 1589 1288 1631 diversis
1318 1601 1470 1642 ymmo
1503 1590 1641 1631 etiam
1675 1588 1885 1631 adversis

115 1658 507 1711 gubernatoribus
532 1659 580 1702 in
600 1671 803 1713 preceps
828 1660 1041 1712 ruebant,
1068 1660 1153 1702 sub
1181 1661 1366 1701 unicum
1393 1660 1668 1702 directorem
1695 1660 1886 1702 collecte

117 1728 425 1783 disponantur
456 1730 503 1771 in
534 1743 668 1773 suum
700 1730 926 1772 ordinem.
971 1731 1065 1772 Hoc
1096 1731 1255 1784 sepius
1287 1731 1665 1773 animadvertens
1697 1733 1886 1772 senatus

116 1804 298 1854 patrum
335 1801 455 1844 sacri
487 1801 673 1856 collegii
707 1801 1012 1844 cardinalium
1048 1805 1093 1844 et
1128 1802 1327 1854 intuens,
1361 1802 1486 1855 quod
1521 1805 1625 1855 post
1659 1814 1885 1844 summum

116 1871 387 1924 pontificem
417 1872 464 1914 in
493 1872 806 1915 ecclesiastica
833 1873 1003 1926 policia
1032 1872 1170 1915 totius
1199 1873 1396 1915 ecclesie
1426 1885 1656 1915 consensu
1686 1873 1885 1926 primum

117 1942 266 1985 locum
293 1944 506 1997 retineat,
532 1946 804 1997 preceptum
833 1944 1078 1987 salvatoris
1105 1945 1228 1997 cupit
1256 1944 1532 1997 adimplere:
1575 1943 1886 1997 „Quicunque,

118 2012 278 2067 inquit,
312 2014 514 2057 voluerit
548 2015 669 2056 inter
703 2028 785 2057 vos
820 2015 966 2057 maior
1000 2014 1123 2068 fieri,
1159 2015 1216 2056 sit
1251 2015 1463 2057 minister
1498 2014 1736 2068 vester“.¹)

236 2084 348 2126 Eam
374 2085 512 2138 igitur
539 2086 597 2128 ob
624 2098 737 2138 rem,
764 2089 812 2127 ut
840 2086 927 2139 ipsi
956 2086 1221 2128 cardinales
1248 2098 1401 2128 coram
1428 2086 1513 2128 hac
1541 2098 1672 2128 sacra
1699 2097 1886 2138 congre-

116 2156 307 2208 gacione
334 2168 384 2198 se
412 2155 616 2200 minores
643 2159 688 2199 et
713 2156 950 2199 ministros
976 2160 1156 2199 vestros
1182 2156 1532 2209 profiterentur,
1560 2157 1886 2210 expetiverunt

116 2226 354 2269 vobiScum
386 2227 683 2270 familiariter
715 2231 760 2269 et
791 2227 1000 2269 fraterne
1033 2228 1296 2269 convenire.
1340 2227 1469 2279 Quod
1503 2228 1653 2281 Ipsum
1686 2227 1775 2269 iam
1809 2227 1887 2268 du-

119 2296 227 2340 dum
262 2297 597 2352 implevissent,
633 2299 724 2341 nisi
760 2299 869 2351 quia
903 2298 1178 2352 gravissima
1213 2298 1412 2352 quedam
1448 2311 1529 2340 vos
1564 2311 1725 2340 omnes
1761 2310 1887 2340 occu—

115 2368 303 2422 pabant,
336 2381 425 2422 que
459 2369 557 2412 Deo
589 2369 797 2422 propicio
828 2372 934 2411 sunt
966 2369 1167 2411 feliciter
1198 2372 1527 2411 consummata.
1572 2370 1699 2410 Nunc
1733 2370 1885 2421 itaque

118 2441 298 2492 captata
330 2440 641 2493 oportunitate
676 2444 995 2482 convenerunt
1028 2440 1260 2493 michique
1295 2440 1612 2493 iniunxerunt,
1646 2442 1693 2481 ut
1726 2452 1885 2481 eorum

119 2512 312 2563 mentes,
349 2510 562 2563 affectus,
599 2510 848 2564 desideria,
884 2510 1191 2564 cogitaciones
1227 2511 1474 2564 aperirem,
1510 2514 1557 2553 ut
1594 2511 1787 2564 insuper
1822 2511 1886 2551 in-

119 2579 322 2622 dicarem
351 2593 400 2624 se
430 2581 557 2623 nolle
586 2581 706 2624 inter
735 2594 815 2624 vos
846 2582 1050 2634 superbe
1079 2581 1347 2635 principari,
1378 2581 1461 2624 sed
1489 2581 1726 2623 humiliter
1756 2581 1886 2622 mini-

120 2653 268 2693 strare
295 2663 480 2705 unoque
510 2651 663 2695 animo
691 2652 927 2695 vobiscum
955 2664 1232 2694 concurrere
1262 2653 1308 2694 in
1335 2653 1420 2694 hoc
1449 2652 1742 2694 salutiferum
1770 2664 1886 2704 opus

119 2722 306 2765 unionis
337 2726 383 2765 et
416 2722 769 2766 reformacionis
802 2723 1013 2765 ecclesie.
1059 2722 1174 2774 Quia
1205 2735 1331 2776 vero,
1364 2726 1411 2765 ut
1443 2722 1680 2775 apostolus
1714 2722 1772 2764 ad
1804 2721 1886 2764 Co-

120 2791 356 2847 rinthios2)
392 2793 563 2846 scribit,
596 2793 889 2837 sufficiencia
920 2797 1078 2836 nostra
1110 2806 1168 2835 ex
1204 2793 1300 2836 Deo
1333 2796 1416 2845 est,
1449 2793 1553 2835 ideo
1586 2805 1667 2835 sue
1702 2792 1884 2833 infinite

121 2862 372 2906 clemencie
407 2865 538 2918 prius
572 2877 659 2918 ope
695 2864 968 2918 suppliciter
1003 2865 1233 2917 postulata
1268 2876 1434 2905 munus
1470 2875 1678 2915 exequor
1713 2862 1886 2904 Iniunc-

121 2936 229 2977 tum.
264 2934 372 2977 Tria
394 2935 533 2988 igitur
557 2935 773 2977 videntur
797 2935 1092 2988 explicanda:
1132 2934 1350 2986 Primum,
1374 2937 1420 2975 ut
1444 2934 1666 2975 hactenus
1688 2936 1817 2986 gesta
1840 2932 1884 2973 in

120 3003 205 3046 hac
230 3005 408 3057 synodo
432 3018 779 3058 recenseamus;
807 3006 1019 3057 alterum,
1046 3009 1094 3046 ut
1119 3018 1308 3058 agamus
1335 3005 1391 3046 de
1418 3003 1770 3055 reformacione,
1796 3015 1885 3055 que

240 3098 272 3139 ¹)
302 3097 432 3132 Matth.
460 3098 515 3139 23,
545 3099 596 3132 11.
743 3098 775 3141 2)
805 3097 887 3133 Cor.
913 3099 945 3139 3,
974 3100 1004 3133 5.
