2102 3444
247 130 330 172 722
684 124 748 158 ΙΙΙ.
781 121 990 156 Abschnitt.
1032 119 1185 153 Reform
1218 118 1295 152 und
1328 116 1576 162 Verfassung.

248 247 391 288 ‚ihesu
417 244 598 286 Christo
620 241 855 283 obediunt.
892 239 947 282 Et
970 238 1006 280 si
1031 237 1294 290 opponitur,
1318 236 1427 289 quia
1448 236 1644 278 Actuum
1666 235 1804 290 XV.¹)
1832 233 2014 288 legitur,

248 316 367 368 quod
397 317 437 356 in
463 313 652 355 concilio
675 311 882 365 generali
911 309 1225 362 apostolorum
1250 311 1294 349 et
1319 306 1554 349 seniorum
1580 305 1873 348 Jerosolimis
1897 305 2014 347 cele-

250 388 378 428 brato
415 389 603 437 propter
638 380 1016 424 observacionem
1054 379 1273 431 legalium
1310 378 1510 419 Jacobus
1547 376 1804 433 iudicavit2)
1841 379 1889 419 et
1921 388 2014 418 non

253 458 411 498 l'ctrus
436 459 479 497 ct
503 454 623 507 quod
646 453 843 505 epistola
869 451 1041 492 decreti
1067 453 1110 491 et
1134 449 1326 490 diffiniti
1354 447 1527 489 ibidem
1552 448 1693 490 missa
1717 447 1804 490 fuit
1827 446 2014 489 nomine

247 527 559 579 apostolorum
593 528 637 566 et
672 523 908 564 seniorum
942 524 987 562 et
1019 532 1111 562 non
1146 519 1294 572 ipsius
1328 519 1467 572 Petri,
1502 518 1828 572 respondetur,
1863 517 2014 572 quoad

249 598 459 650 primum,
504 595 625 648 quod
671 593 887 635 iudicium
931 591 1091 634 Jacobi
1134 603 1226 632 non
1271 590 1359 632 suit
1404 589 1624 631 iudicium
1669 589 1900 632 sententie
1945 592 2015 632 set

247 666 614 720 approbacionis,
651 664 868 717 quoniam
907 661 1195 715 approbavit,
1233 661 1356 713 quod
1394 660 1559 703 Petrus
1595 663 1829 713 tamquam
1865 659 2015 713 capud

248 739 375 791 prius
401 737 581 778 dixerat
606 739 650 777 et
676 735 826 788 primo
853 734 1063 786 loquens,
1093 736 1137 775 ut
1161 733 1286 773 clare
1311 731 1498 784 ponitur
1525 732 1571 772 in
1596 731 1752 784 glossa
1776 729 2015 773 ordinaria

246 821 388 861 super
412 808 574 849 eodem
600 819 754 859 passu.
796 805 863 846 Ibi
888 805 1012 845 enim
1038 815 1180 856 super
1203 802 1349 844 verbo
1374 802 1456 844 illo
1480 814 1678 854 surgens
1703 801 1884 854 Petrus,
1909 800 2015 844 dicit

244 880 415 932 glossa:
461 878 613 918 Primo
644 888 840 929 surgens
871 873 1145 928 principalis
1174 885 1279 915 esse
1312 873 1444 925 solet,
1475 873 1680 914 surrexit
1710 872 1876 914 Petrus
1905 875 2016 914 tam-

247 962 382 1002 quam
421 948 652 1001 princeps.
704 948 756 989 Et
795 958 937 998 super
974 945 1118 986 verbo
1156 943 1334 986 Jacobi:
1387 944 1482 996 Ego
1520 943 1686 996 iudico,
1726 942 1833 986 dicit
1869 943 2015 985 eciam

245 1021 413 1072 glossa,
437 1020 520 1060 hoc
547 1018 654 1060 dicit
679 1016 975 1059 conform-ans
1001 1016 1152 1057 Petro.
1189 1015 1261 1056 Ad
1287 1014 1541 1056 secundum
1568 1014 1624 1055 de
1646 1013 1848 1067 epistola
1873 1014 2015 1056 missa

245 1103 329 1142 pro
358 1092 489 1142 parte
521 1088 701 1130 concilii
732 1091 778 1130 et
806 1100 898 1129 non
931 1086 1055 1128 Petri
1088 1085 1301 1128 similiter
1329 1085 1512 1138 dicitur,
1544 1084 1668 1138 quod
1698 1084 1815 1126 illud
1844 1084 2014 1126 factum

248 1165 328 1213 cst,
367 1173 424 1201 ne
465 1160 677 1201 ordinata
716 1158 887 1200 ibidem
928 1157 1200 1199 viderentur
1239 1156 1427 1198 attribui
1465 1155 1639 1198 homini
1680 1156 1789 1210 seta)
1833 1154 2014 1209 spiritui

246 1235 415 1283 sancto,
445 1244 470 1272 a
499 1243 588 1282 quo
618 1233 662 1271 et
691 1229 737 1270 in
767 1242 857 1282 quo
886 1228 1150 1281 congregati
1182 1227 1385 1269 fuerunt.
1427 1227 1539 1268 Nam
1567 1226 1741 1267 ibidem
1769 1226 1938 1269 dicitur
1968 1226 2015 1267 in

247 1301 475 1354 principio
509 1301 723 1354 epistole:
775 1299 936 1341 Visum
973 1302 1044 1341 est
1081 1298 1265 1351 spiritu-i
1303 1301 1461 1340 sancto
1497 1300 1543 1339 et
1578 1297 1713 1340 nob-is
1749 1299 1831 1341 etc.
1881 1296 2014 1339 Unde

247 1372 498 1424 antiquitus
528 1372 682 1413 omnia
709 1371 903 1412 concilia
931 1369 1111 1411 fiebant
1136 1368 1410 1411 auctoritate
1438 1380 1561 1422 pape
1589 1369 1706 1410 sicut
1734 1371 1780 1411 et
1805 1380 1927 1410 nunc
1956 1366 2015 1409 di.

249 1443 314 1483 12.
345 1455 430 1495 per
459 1445 615 1484 totum.
659 1442 713 1483 Et
742 1445 897 1483 tamen
928 1440 1254 1482 ordinaciones
1285 1439 1585 1481 conciliorum
1616 1450 1709 1480 non
1738 1451 1800 1480 ex
1829 1437 2016 1480 nomine

247 1513 389 1555 solius
418 1525 538 1566 pape
567 1511 880 1553 recitabantur
907 1523 993 1552 nec
1021 1510 1347 1552 scribebantur
1377 1513 1445 1553 set
1473 1509 1660 1552 nomine
1690 1509 1910 1563 omnium,
1939 1507 2016 1562 qui

248 1583 293 1624 in
318 1584 510 1625 concilio
535 1582 862 1635 interfuerunt,
887 1583 1010 1636 quia,
1032 1586 1081 1625 ut
1105 1582 1275 1623 dictum
1298 1584 1382 1634 est,
1407 1581 1525 1622 illud
1543 1580 1862 1622 <attribuebant
1884 1578 2017 1633 spiri-

249 1654 311 1695 tui
338 1657 507 1706 sancto,
531 1666 623 1695 non
648 1653 838 1706 homini,
863 1652 992 1695 iuxta
1017 1652 1151 1694 illud:
1179 1652 1258 1694 ubi
1285 1655 1391 1694 sunt
1417 1651 1509 1694 duo
1531 1652 1607 1693 vel
1631 1654 1728 1693 tres
1751 1649 2017 1704 congreg-ati

248 1726 292 1765 in
312 1724 496 1766 nomine
518 1736 633 1776 meo,
662 1723 747 1777 [ibi
764 1737 869 1766 sum
890 1724 937 1765 in
958 1722 1130 1777 medio]
1151 1735 1329 1765 eorum.
1355 1722 1445 1764 Mat
1458 1722 1632 1764 XVIII.
1649 1722 1804 1776 ca=p.³).
1838 1721 1893 1764 Et
1906 1720 2015 1763 inde

247 1799 328 1848 cst,
355 1795 476 1847 quod
500 1796 546 1836 in
571 1795 682 1837 actis
706 1794 1005 1836 conciliorum
1031 1795 1149 1836 solet
1173 1794 1278 1836 dici:
1319 1794 1496 1835 Placuit
1520 1792 1735 1835 omnibus
1759 1793 1835 1834 vel
1859 1791 2016 1834 statuit

247 1870 402 1908 sancta
434 1865 624 1908 sinodus
655 1867 729 1907 vel
761 1865 938 1918 aliquid
968 1865 1235 1907 huiusmodi
1266 1868 1311 1906 et
1342 1864 1404 1907 sic
1435 1864 1481 1905 in
1515 1864 1597 1906 illo
1626 1863 1779 1917 primo
1806 1862 2015 1915 concilio,

247 1937 369 1988 quod
394 1936 661 1979 auctoritate
686 1936 811 1978 Petri
835 1936 922 1979 fuit
945 1938 1287 1989 congregatum,
1314 1935 1480 1978 Petrus
1504 1947 1597 1976 non
1623 1934 1712 1977 sibi
1736 1937 1807 1977 set
1832 1932 2015 1987 spiritui

248 2010 403 2048 sancto
429 2010 473 2048 et
498 2007 849 2060 congregacioni
872 2007 969 2059 toti,
996 2006 1125 2048 cuius
1151 2007 1318 2048 merito
1344 2006 1474 2059 illu-d,
1501 2005 1624 2059 quod
1651 2004 1907 2047 diffinitum
1930 2007 2015 2057 est,

248 2078 503 2119 revelatum
544 2078 644 2130 fuit,
687 2078 1022 2131 attribuebat.⁴)
1077 2077 1212 2120 Unde
1253 2080 1449 2130 apparet
1490 2076 1662 2119 veritas
1705 2076 1824 2119 dicte
1867 2087 2015 2118 asser-

247 2148 392 2190 cionis
416 2161 465 2190 ac
490 2148 692 2190 omnium
718 2148 928 2192 aliarum.

363 2219 430 2260 Ex
455 2219 585 2262 dictis
607 2232 692 2272 pro
715 2219 1036 2262 declaracione
1062 2219 1277 2272 ampliori
1294 2218 1423 2272 iuris,
1438 2219 1478 2260 si
1494 2221 1620 2260 recte
1635 2218 1800 2270 sentio,
1815 2228 2015 2271 sequun-

248 2291 318 2329 tur
349 2292 543 2341 quatuor
574 2290 840 2332 correlaria.
884 2290 1090 2332 Primum
1121 2293 1208 2332 est:
1253 2290 1348 2332 Hec
1378 2289 1720 2342 consequencia
1749 2301 1843 2330 non
1871 2287 2012 2330 valet:

246 2359 445 2401 Jacobus
473 2362 708 2412 apostolus
737 2360 952 2403 iudicavit
979 2361 1025 2402 in
1054 2361 1248 2403 concilio
1278 2361 1608 2413 apostolorum,
1636 2372 1747 2413 ergo
1775 2359 1823 2401 in
1848 2357 2014 2401 eodem

248 2430 411 2472 l'etrus
446 2443 536 2472 non
572 2431 788 2474 iudicavit
822 2435 899 2474 aut
933 2431 1171 2474 diffinivit.
1218 2431 1309 2473 Nec
1343 2432 1501 2473 valent
1535 2431 1621 2473 iste
1655 2428 2011 2483 consequencie:

246 2500 345 2541 Viri
383 2501 580 2544 Ninivite
619 2506 808 2555 surgent
846 2503 891 2544 in
930 2503 1099 2544 iudicio
1134 2506 1180 2544 et
1215 2501 1623 2555 condempnabunt
1658 2499 2014 2554 generacionem

248 2571 272 2611 J
279 2571 500 2612 udeorum
520 2572 617 2625 (Mt.
634 2572 745 2626 XII)
765 2585 877 2626 ergo
897 2586 990 2615 non
1008 2573 1237 2625 Christus3
1260 2572 1494 2615 similiter:
1520 2572 1731 2625 Apostoli
1748 2571 1801 2613 *in
1823 2581 2014 2624 regene-

248 2641 431 2682 ror-ione
461 2642 690 2685 sedebunt
718 2643 974 2686 iudicantes
1003 2643 1245 2685 duodecim
1273 2643 1421 2686 tribus
1454 2643 1600 2685 Israel
1632 2642 1718 2696 (Mt
1743 2641 1872 2696 XIX)
1903 2651 2014 2693 ergo

247 2723 335 2751 non
372 2712 598 2763 (‘'liristus;
632 2713 847 2765 quoniam
881 2715 960 2755 ille
993 2715 1220 2756 terminus
1252 2713 1516 2767 „iudicare“
1547 2713 1771 2766 equivoce
1805 2711 2013 2755 sumitur.

248 2781 358 2822 Nam
398 2783 547 2834 primo
586 2796 669 2835 pro
710 2784 877 2826 iudicio
917 2785 1289 2838 approbacionis‚
1331 2784 1534 2827 secundo
1573 2796 1687 2825 vero
1724 2795 1810 2836 pro
1845 2780 2013 2824 iudicio

249 2852 482 2894 sentencie
510 2853 605 2894 sive
634 2855 941 2898 execucionis.

354 2975 383 2992 ιιι
409 2968 450 2993 113
472 2969 503 2993 vt
526 2976 597 2999 non,

369 3015 399 3056 ¹)
425 3016 504 3050 Act.
532 3018 584 3058 15,
609 3018 661 3051 13.
710 3038 751 3041 -
801 3018 833 3060 2)
860 3018 939 3054 Act.
967 3020 1020 3059 15,
1046 3019 1098 3052 19.
1149 3039 1190 3042 -
1241 3018 1272 3061 3)
1300 3017 1416 3052 Mctth.
1443 3018 1497 3059 18,
1521 3017 1576 3052 20.
1626 3037 1668 3043 -
1716 3016 1749 3060 4)
1774 3015 1855 3050 Act.
1881 3015 1935 3057 15,
1957 3012 2013 3048 28.
