2102 3444
235 183 320 226 756
671 177 738 212 III.
770 175 980 211 Abschnitt.
1024 172 1177 209 Reform
1210 174 1286 207 und
1320 172 1569 217 Verfassung.

233 297 576 352 presidencium
637 298 851 348 quattuor
910 292 1155 335 nacionum
1216 291 1367 334 tradat

234 382 336 412 eam
365 369 579 411 manibus
607 366 811 420 propriis
840 363 1164 406 bullatoribus.

327 440 437 481 Item
479 437 615 491 quod,
654 439 897 489 postquam
937 434 1025 475 erit
1065 433 1242 475 bullata
1282 445 1367 485 per

235 511 504 561 bullatores,
531 507 740 550 tradatur
766 505 1054 559 registratori
1081 507 1127 546 et
1152 503 1369 557 registre-

235 585 308 623 tur
337 582 382 622 in
411 579 608 632 registro
634 589 816 620 camere
845 575 1096 629 apostolice
1123 587 1209 628 per
1237 574 1367 615 illum

237 664 319 694 seu
355 651 475 702 illos,
514 649 590 702 qui
628 648 780 690 solent
817 647 1065 700 registrum
1103 644 1368 687 huiusmodi

236 721 466 763 custodire
487 723 534 762 et
556 719 763 772 signetur
783 723 1017 770 tamquam
1040 716 1300 770 regi-strata,
1321 718 1370 757 ut

237 793 282 834 in
309 791 540 833 similibus
568 789 709 832 moris
734 801 839 831 esse
867 789 998 830 solet.

328 862 439 903 Item
480 860 616 914 quod,
659 860 697 902 si
737 863 929 912 propter
968 870 1124 900 casum
1166 857 1369 910 aliquem

237 932 436 975 subitum
466 935 510 974 et
538 930 850 984 repentinum,
879 929 956 982 qui
985 929 1250 981 requireret
1279 940 1370 969 ma-

236 1003 380 1045 iorem
411 1001 711 1054 celeritatem,
743 1001 860 1042 sicut
892 999 1027 1042 aliter
1059 999 1280 1052 contingit
1312 998 1369 1040 de

236 1073 401 1116 litteris
431 1072 615 1125 clausis,
642 1072 864 1114 naciones
895 1070 1159 1112 deliberent
1187 1070 1369 1111 comuni

235 1144 443 1186 condicto
472 1156 557 1196 per
586 1142 968 1195 compromissum
999 1142 1073 1182 vel
1103 1139 1369 1182 huiusmodi

236 1214 461 1267 expedire
513 1213 691 1255 litteras
743 1212 993 1254 bullandas
1045 1211 1180 1253 aliter
1231 1223 1369 1264 quam

237 1297 377 1338 supra
407 1285 463 1327 sit
494 1284 792 1337 descriptum,
823 1282 946 1336 quod
971 1282 1032 1324 de
1062 1282 1147 1324 hoc
1175 1281 1369 1335 speciali

235 1368 466 1398 consensu
508 1358 551 1396 et
592 1354 800 1398 condicto
841 1356 1018 1396 constet
1058 1365 1245 1406 semper
1282 1365 1371 1406 per

236 1426 523 1479 prothocolla
561 1428 605 1467 et
644 1424 842 1478 registra
881 1437 965 1467 seu
1004 1423 1241 1466 manualia
1279 1435 1371 1465 om-

236 1497 363 1538 nium
398 1496 685 1538 notariorum
722 1495 1011 1548 singularum
1046 1494 1290 1537 nacionum
1327 1496 1372 1535 et

237 1567 359 1619 quod
383 1566 712 1609 nichilominus
737 1578 899 1619 grossa
926 1578 1009 1608 seu
1035 1565 1189 1607 littera
1214 1565 1372 1607 huius-

237 1637 358 1678 modi
387 1636 611 1679 bullanda
641 1649 828 1689 sempe-r
857 1636 1065 1689 signetur
1091 1636 1259 1678 saltem
1286 1647 1372 1688 per

239 1707 382 1750 dictos
405 1707 469 1749 40¹·
492 1708 700 1750 notarios
726 1708 801 1749 vel
826 1706 890 1748 4ΟΓ
914 1706 1226 1760 presidentes,
1253 1709 1372 1748 ante-

238 1790 373 1830 quam
403 1778 612 1820 tradatur
641 1777 700 1820 ad
726 1778 918 1820 bullam.

330 1848 442 1892 Item
472 1848 596 1901 quod
625 1849 672 1890 in
702 1848 821 1890 dicto
850 1848 1048 1902 registro
1077 1860 1260 1890 camere
1290 1847 1374 1889 fiat

239 1920 418 1961 mencio
449 1919 505 1961 de
537 1920 672 1962 dictis
701 1919 953 1972 signaturis
980 1922 1028 1962 et
1057 1919 1200 1961 bulla.

329 1990 456 2043 Item,
511 1988 726 2044 [quod]b)
775 1990 907 2032 bulla
958 1989 1098 2032 ¹aliter
1154 1988 1374 2042 expedita

238 2072 332 2102 non
383 2063 624 2113 reputetur
676 2060 806 2103 bulla
858 2060 1039 2102 concilii
1090 2072 1177 2102 nec
1229 2059 1374 2101 fidem

240 2130 379 2172 faciat
420 2135 654 2184 tamquam
696 2130 831 2173 falsa.

329 2201 407 2243 De
460 2214 654 2254 parvo
697 2201 934 2255 sigillo.

332 2271 459 2325 Item,
496 2272 619 2324 quod
655 2285 850 2325 parvum
884 2273 1108 2325 sigillum,
1146 2271 1269 2325 quod
1304 2273 1376 2313 est

240 2342 497 2384 confectum
528 2343 613 2384 sub
642 2342 829 2385 nomine
858 2346 904 2385 et
932 2343 1073 2385 armis
1101 2342 1300 2384 ecclesie
1331 2345 1375 2384 et

240 2412 363 2465 quod
383 2415 508 2455 caret
528 2416 652 2456 certo
672 2416 717 2456 ert
736 2413 945 2467 legitimo
965 2417 1166 2467 auctore,
1188 2412 1375 2455 omnino

239 2486 461 2537 cassetur,
488 2484 564 2536 ita,
590 2484 714 2536 quod
732 2484 794 2526 ·de
819 2488 975 2527 cetero
997 2485 1141 2526 nichil
1167 2484 1375 2537 signetur
1449 2517 1457 2525 .
1493 2517 1502 2525 .

242 2565 325 2595 seu
362 2553 592 2607 sigilletur
628 2554 713 2596 sub
752 2555 846 2597 illo.

330 2624 459 2677 Item,
500 2624 623 2677 quod
664 2637 952 2678 quecumque
993 2625 1233 2678 hucusque
1274 2637 1374 2666 cum

240 2693 321 2736 illo
344 2706 488 2747 parvo
514 2694 666 2748 sigillo
691 2695 891 2749 sigillata
914 2699 1020 2738 sunt
1042 2696 1230 2738 nomine
1255 2696 1374 2738 sacri

240 2764 434 2817 concilii,
466 2764 513 2806 in
544 2768 765 2818 quantum
797 2766 919 2819 quod
952 2766 1141 2819 aIIquod
1170 2765 1376 2819 preiudi-

241 2835 360 2876 cium
399 2839 684 2887 paraverunt
722 2838 795 2878 vel
834 2849 1005 2890 parare
1044 2840 1241 2890 possunt
1277 2837 1376 2878 uni-

241 2906 413 2947 versali
452 2907 527 2947 vel
566 2907 883 2959 singularibus
922 2908 1119 2950 ecclesie
1158 2910 1235 2949 aut
1272 2920 1375 2960 per-

242 2975 383 3028 sonis,
412 2975 723 3019 decernantur
749 2989 881 3020 cassa
911 2981 955 3020 et
983 2978 1114 3020 irrita
1141 2982 1375 3031 tamquam

348 3083 378 3112 a)
400 3079 470 3106 Das
490 3079 601 3113 ilbi-ifle
621 3079 711 3112 fehlt.
786 3080 818 3113 1))
840 3080 925 3107 Fehlt
946 3081 1000 3107 Hs.
1075 3086 1103 3115 c)
1127 3080 1159 3107 in
1181 3083 1339 3115 quantum
1360 3100 1366 3107 .

1437 291 1590 334 tradet
1621 325 1630 334 .
1665 325 1674 333 .
1709 326 1718 334 .

1439 362 1764 404 bullatoribus.

1502 433 1614 476 Item
1647 466 1655 475 .
1691 467 1700 475 .
1735 466 1744 475 .

1440 574 1483 615 in
1514 574 1713 627 registro
1736 574 1975 629 comuni.²²)

1644 1281 1809 1335 (fehlt)

1507 1848 1622 1890 Item
1658 1849 1782 1902 quod
1816 1849 1864 1891 in
1897 1848 2014 1903 regi-

1447 1922 1542 1961 stro
1571 1919 1656 1962 fiat
1685 1953 1694 1962 .
1729 1953 1739 1962 .
1773 1954 1783 1962 .
1812 1920 1955 1962 bulla.

1510 1990 1623 2032 Item
1655 2023 1664 2032 .
1700 2023 1709 2032 .
1744 2024 1753 2033 .

1447 2130 1582 2174 falsa.

1507 2272 1623 2314 Item
1671 2306 1680 2315 .
1715 2306 1724 2315 .
1759 2307 1769 2316 .
1817 2274 1903 2316 sub
1936 2285 2014 2316 no-

1447 2342 1570 2385 mine
1600 2343 1781 2386 concilii
1808 2347 1855 2387 et
1883 2344 2014 2397 signo

1448 2414 1645 2456 clavium
1670 2418 1716 2457 et
1741 2414 1865 2468 quod
1890 2416 2014 2457 caret

1448 2554 1534 2596 sub
1568 2554 1663 2597 illo.

1509 2625 1623 2667 Item
1654 2625 1777 2678 quod
1806 2660 1816 2669 .
1850 2659 1860 2668 .
1894 2659 1904 2668 .

1446 2766 1683 2821 concilii,‘³)
1761 2766 2014 2808 decernen-

1447 2839 1520 2877 tur
1551 2870 1560 2878 .
1595 2870 1604 2878 .
1639 2870 1648 2879 .

1386 3100 1392 3107 .
1412 3102 1420 3110 .
1441 3080 1592 3114 personis
1612 3080 1693 3114 fehlt
1717 3082 1753 3107 B.
