2227 3434
554 176 597 211 A.
638 175 835 210 Fillastres
864 175 979 210 Gesta
1006 173 1154 208 concilii
1184 160 1496 208 Constantiensis.
1853 173 1908 214 55

146 309 315 350 gonum
343 299 389 338 et
416 295 558 337 ceteri
588 295 645 336 de
678 295 758 336 illa
788 297 919 346 parte
952 293 1164 334 fecerunt
1194 292 1380 332 Petrum
1413 291 1468 332 de
1502 291 1629 332 Luna
1662 290 1835 343 requiri
1867 293 1909 331 et

147 367 367 409 summari
401 379 487 420 per
520 365 878 419 primogenitum
915 364 1021 405 dicti
1057 363 1181 416 regis
1216 366 1260 404 et
1296 362 1426 413 alios,
1463 361 1584 414 quod
1620 374 1703 413 pro
1739 361 1910 402 unione

147 437 342 480 ecclesie
378 437 565 479 cederet
600 436 804 489 papatui,
841 438 886 476 ut
923 435 1169 476 tenebatur
1206 434 1304 474 iure
1343 433 1498 474 divino
1534 436 1578 473 et
1612 432 1827 482 humano,
1864 435 1910 472 ut

147 507 303 551 verbis
325 498 486 549 e'orum
510 510 706 549 utamur.

262 579 360 631 Qua
385 578 505 620 facta
531 576 841 630 requisicione
870 576 991 617 idem
1020 576 1185 616 Petrus
1211 575 1331 616 circa
1357 574 1528 616 festum
1555 573 1758 615 omnium
1786 585 1911 615 sanc-

145 654 294 692 torum
323 649 433 691 fecit
462 648 786 690 consistorium
818 647 1068 700 publicum.
1112 645 1367 687 Transtulit
1396 648 1441 686 et
1472 644 1700 697 promovit
1731 644 1912 695 aliquos

145 721 351 774 prelatos
376 724 421 762 et
446 720 621 762 curiam
648 731 777 762 suam
803 718 1038 760 transtulit
1064 717 1121 759 ad
1149 717 1438 758 Paniscolam
1467 718 1666 757 castrum
1696 726 1835 755 unum
1866 715 1911 754 in

146 791 279 834 litore
306 790 447 833 maris
474 791 596 833 ultra
623 789 906 832 Valenciam.
947 789 1001 830 Et
1029 787 1193 830 eodem
1221 787 1295 828 die
1324 787 1517 828 recessit
1545 786 1600 827 de
1631 785 1912 838 Perpiniano

145 875 246 905 cum
270 862 460 905 armatis
484 864 530 903 et
554 860 832 903 solennitate
857 860 1015 913 papali
1041 859 1098 901 ad
1123 859 1282 911 galeas
1308 870 1415 900 suas
1441 857 1498 899 ad
1524 856 1910 898 Cocumliberum.

266 933 316 975 In
347 932 598 975 crastinum
631 945 714 973 rex
745 932 1011 984 Aragonum
1044 933 1089 972 et
1120 930 1199 971 alii
1233 929 1290 970 de
1323 929 1402 970 illa
1434 931 1564 981 parte
1598 928 1823 969 miserunt
1855 925 1912 968 ad

144 1017 250 1047 eum
273 1007 319 1047 et
342 1004 511 1046 iterum
534 1003 756 1054 secundo;
782 1002 995 1044 fecerunt
1018 1013 1124 1042 eum
1149 1000 1325 1053 requiri
1351 1000 1407 1040 de
1433 999 1659 1050 cessione,
1683 1001 1731 1039 ut
1756 1010 1911 1050 supra.

145 1077 223 1129 qui
249 1074 504 1129 respondit,
530 1074 652 1128 quod
678 1074 723 1115 in
751 1073 994 1115 Paniscola
1020 1071 1341 1124 responderet.
1379 1070 1478 1113 Hiis
1505 1069 1615 1112 actis
1642 1082 1726 1111 rex
1751 1068 1913 1110 Roma-

143 1159 308 1189 norum
341 1145 508 1188 videns
542 1158 591 1188 se
625 1144 898 1186 frustratum
932 1142 1169 1185 desiderio
1203 1145 1396 1194 repente
1434 1141 1625 1182 recessit
1661 1140 1718 1181 de
1755 1139 1912 1191 Perpi-

143 1218 283 1260 niano
326 1217 575 1259 insalutato
619 1228 729 1269 rege
774 1216 1038 1268 Aragonum
1083 1217 1128 1255 et
1170 1214 1296 1254 venit
1340 1213 1397 1254 ad
1442 1212 1668 1253 Seranum
1713 1213 1911 1251 castrum

144 1289 340 1332 ecclesie
379 1288 696 1330 Narbonensis
734 1287 780 1328 in
819 1286 972 1328 media
1009 1286 1083 1327 via
1122 1285 1179 1327 ad
1219 1284 1494 1325 Narbonam.
1547 1283 1600 1324 Et
1639 1281 1789 1324 statim
1830 1294 1912 1322 rex

144 1361 409 1414 Aragonum
434 1360 556 1402 misit
579 1362 682 1412 post
705 1371 810 1400 eum
836 1357 1146 1399 ambaxiatam
1163 1356 1404 1397 solennem
1422 1366 1604 1407 rogans,
1621 1352 1743 1406 quod
1760 1364 1914 1393 rever-

146 1434 321 1474 teretur
355 1430 688 1484 Perpinianum
721 1432 766 1470 et
800 1428 939 1470 fieret
971 1431 1162 1478 tantum,
1197 1426 1318 1479 quod
1353 1429 1478 1467 esset
1513 1427 1767 1466 contentus.
1815 1423 1913 1463 Rex

144 1502 293 1546 noluit
323 1505 392 1545 set
423 1502 550 1543 venit
580 1501 842 1543 Narbonam
877 1499 1049 1551 dicens,
1082 1498 1218 1551 quod,
1252 1498 1287 1540 si
1323 1509 1406 1538 rex
1438 1497 1703 1548 Aragonum
1737 1493 1912 1546 aliquid

146 1574 258 1616 utile
284 1573 445 1616 unioni
471 1573 614 1614 vellet
638 1572 811 1623 facere,
839 1571 1041 1612 mitteret
1067 1569 1329 1611 Narbonam
1357 1571 1403 1609 et
1430 1580 1513 1608 rex
1541 1568 1810 1619 expectaret
1837 1564 1913 1605 ibi.

145 1645 275 1697 Quod
304 1644 415 1687 fecit
445 1657 530 1685 rex
559 1644 826 1696 Aragonum
858 1645 903 1684 et
934 1641 1055 1683 misit
1086 1640 1348 1682 Narbonam
1380 1650 1542 1680 omnes
1573 1636 1915 1679 ambaxiatores

146 1715 380 1770 predictos
400 1715 526 1757 illius
548 1715 695 1768 partis
716 1727 818 1756 cum
841 1714 950 1756 suis.
988 1712 1154 1754 Comes
1177 1714 1330 1753 autem
1354 1709 1617 1751 Armeniaci
1643 1707 1835 1749 recessit
1857 1706 1913 1748 ad

147 1787 349 1829 eundum
378 1786 600 1838 Parisius,
630 1785 737 1838 quia
766 1784 915 1827 factus
943 1783 1030 1825 fuit
1058 1781 1493 1824 connestabularius
1525 1779 1731 1821 Francie.

269 1858 457 1900 Interim
482 1860 635 1899 autem
662 1869 744 1898 rex
770 1856 1035 1908 Aragonum
1061 1853 1184 1895 misit
1209 1852 1498 1895 Paniscolam
1524 1850 1581 1892 ad
1607 1850 1773 1891 iterum
1801 1861 1915 1891 som-

148 1929 366 1972 mandum
413 1928 601 1970 Petrum
648 1927 705 1969 de
754 1926 883 1968 Luna
929 1929 975 1967 et
1020 1923 1286 1966 habendum
1334 1934 1611 1976 responsum
1660 1925 1728 1963 set
1775 1919 1912 1960 nichil

146 2000 335 2054 profuit.

266 2072 319 2114 In
341 2071 557 2113 Narbona
579 2073 732 2112 autem
756 2070 876 2110 inter
898 2081 1055 2121 regem
1079 2067 1391 2108 Romanorum
1412 2068 1457 2106 et
1480 2064 1789 2106 ambaxiatam
1813 2074 1914 2103 con-

148 2143 239 2185 cilii
269 2146 406 2195 atque
434 2142 558 2195 regis
587 2141 883 2192 Francorum,
912 2139 989 2192 qui
1018 2138 1161 2180 eciam
1191 2138 1248 2179 ad
1278 2136 1609 2189 Perpinianum
1639 2137 1830 2176 venerat
1858 2145 1915 2174 ex

150 2226 240 2256 una
274 2216 406 2267 parte
442 2215 487 2254 et
521 2211 829 2255 ambaxiatam
866 2223 1025 2263 regum
1063 2209 1280 2260 Castelle,
1318 2208 1582 2260 Aragonum
1619 2208 1663 2247 et
1698 2205 1916 2248 Navarre,

149 2284 325 2326 comitis
356 2283 471 2325 Fuxi
501 2287 546 2325 et
576 2282 772 2324 civitatis
804 2280 1094 2322 Barchinone
1125 2280 1316 2320 fuerunt
1346 2280 1537 2320 tractata
1568 2279 1611 2318 et
1642 2274 1915 2317 concordata

149 2367 233 2408 pro
264 2355 438 2397 unione
473 2354 669 2397 ecclesie
705 2353 906 2394 feliciter
941 2352 1155 2404 capitula,
1191 2363 1280 2403 que
1317 2352 1542 2401 sequntur
1579 2347 1791 2396 inferius,
1827 2357 1915 2397 que

149 2426 293 2469 eciam
330 2429 492 2479 postea
528 2425 719 2466 fuerunt
754 2436 839 2477 per
876 2435 1032 2476 regem
1071 2423 1336 2474 Aragonum
1375 2419 1631 2473 approbata
1668 2421 1711 2458 et
1750 2417 1914 2458 iuvata.

151 2496 263 2540 Cum
290 2497 458 2550 quibus
484 2496 699 2549 capitulis
725 2495 876 2548 primo
902 2506 987 2547 per
1015 2505 1171 2546 regem
1201 2493 1465 2544 Aragonum
1493 2489 1762 2543 approbatis
1788 2491 1832 2528 et
1861 2486 1916 2528 si-

149 2567 260 2622 gillo
292 2581 375 2611 suo
407 2566 621 2621 sigillatis
651 2570 696 2608 et
727 2578 865 2608 manu
898 2564 1193 2618 primogeniti
1228 2563 1297 2605 sui
1331 2561 1606 2613 subscriptis
1640 2572 1720 2601 rex
1758 2559 1915 2599 Roma-

151 2651 314 2682 norum
356 2642 402 2681 et
443 2638 787 2680 ambaxiatores
831 2636 1007 2677 reversi
1051 2638 1156 2677 sunt
1199 2646 1300 2675 cum
1344 2632 1494 2674 leticia
1538 2635 1582 2672 et
1624 2629 1915 2672 exultacione

151 2710 324 2765 quasi⁸)
357 2709 515 2751 divino
544 2721 686 2762 opere
718 2712 763 2749 et
794 2710 953 2760 preter
984 2718 1114 2759 spem
1144 2705 1407 2746 humanam.

267 2779 481 2834 Sequiter
513 2783 647 2822 tenor
681 2779 1001 2831 capitulorum.

268 2850 481 2905 Capitulo
508 2850 798 2903 sequencia¹)
830 2883 838 2890 .
875 2882 882 2889 .
919 2883 926 2890 .
970 2848 1081 2889 Item
1108 2860 1193 2900 pro
1220 2845 1473 2888 maioribus
1500 2848 1544 2885 et
1573 2877 1580 2884 .
1617 2877 1624 2883 .
1661 2876 1668 2883 .

269 2922 364 2976 Ego
388 2921 590 2964 Didacus
615 2921 672 2963 de
698 2920 913 2962 Vadiello
940 2953 948 2960 .
984 2953 992 2960 .
1029 2953 1036 2960 .
1063 2918 1433 2960 instrumentum.

233 2995 237 2996 ⁷
263 3015 294 3042 a)
315 2995 351 3041 -Cz
373 3017 421 3047 et;
442 3014 472 3041 D
495 3013 591 3047 quod.

275 3062 307 3105 ²)
335 3062 456 3098 Hardt
485 3061 524 3096 ΙΙ
552 3062 638 3104 544;
670 3061 794 3095 Mansa*
822 3059 981 3102 XXVII,
1009 3060 1086 3095 612.
