2227 3434
197 319 270 388 E.
335 317 580 389 Briefe
632 338 726 388 zu
779 317 1105 493 Regorm-
1157 319 1311 389 und
1348 317 1880 405 Verfassungs-

931 442 1186 510 ragen.

159 591 197 632 1.
248 590 582 643 Unqenanmer
621 603 679 632 an
715 589 864 642 Kaniq
904 590 1188 642 Siffl'smund:
1241 590 1671 643 Reformwiinsche;
1711 591 1925 634 unkirclz-

160 661 304 703 liches
345 661 502 703 Leben
545 662 591 703 in
632 661 721 703 den
763 661 959 703 meisten
999 660 1219 702 Klostern
1260 662 1340 705 mit
1379 662 1647 703 Ausuahme
1689 663 1773 704 der
1812 662 1925 704 Kar-

273 731 481 783 thc'Iuser3
512 730 875 783 Unsittlz'chlceit,
907 730 1124 773 Simonie.
1166 730 1413 784 Konstanz,
1445 732 1557 774 1415
1586 731 1810 775 Februar.

279 822 368 858 Cod.
392 823 561 858 Petet-sb.
586 822 612 867 Ῐ.
639 824 691 859 76.

278 894 484 947 Epistola
519 894 727 936 exhibita
763 895 860 947 regi
898 894 1209 936 Romanorum
1246 895 1292 936 in
1330 896 1525 937 concilio
1561 895 1927 938 Constanciensi.

159 963 469 1007 Serenissime
496 964 728 1018 princeps.
769 964 896 1007 Scire
927 968 972 1007 et
1000 977 1166 1018 sapere
1198 968 1243 1007 et
1271 965 1534 1018 intelligere
1565 966 1780 1019 dignetur
1808 978 1928 1018 mag-

159 1034 407 1078 nificencia
430 1039 598 1087 vestra,
623 1035 730 1088 quia
754 1036 881 1078 Deus
905 1036 1076 1089 incepit
1098 1035 1345 1089 flagellare
1370 1037 1616 1078 ecclesiam
1640 1049 1770 1078 suam
1792 1049 1929 1090 spon-

161 1118 258 1147 sam
284 1105 454 1148 Christi
478 1106 524 1147 in
547 1109 735 1159 papatu,
760 1107 805 1147 in
830 1106 1041 1159 imperio,
1067 1107 1113 1147 in
1136 1106 1441 1160 principibus,
1466 1107 1638 1160 regnis,
1662 1106 1928 1160 provinciis,

159 1176 422 1219 civitatibus
449 1179 494 1218 et
523 1177 710 1230 populis
739 1176 839 1219 eius
866 1177 1036 1229 gladio,
1065 1176 1188 1219 fame
1217 1180 1263 1220 et
1290 1177 1516 1230 pestibus,
1542 1177 1708 1230 preliis
1739 1182 1783 1220 et
1811 1177 1930 1219 sedi-

161 1247 386 1300 cionibus,
429 1247 544 1290 sicut
584 1247 887 1290 comminatus
926 1251 1000 1290 est
1041 1248 1199 1290 dicens
1238 1260 1325 1300 per
1364 1248 1702 1301 prophetam¹):
1748 1247 1929 1301 Gladio,

161 1317 285 1359 fame
307 1321 355 1360 et
378 1322 510 1371 peste
535 1318 797 1370 percuciam
823 1331 918 1371 vos,
944 1322 993 1360 ut
1018 1318 1187 1371 sciatis,
1212 1318 1320 1371 quia
1341 1331 1431 1372 ego
1452 1318 1683 1361 dominus.
1722 1318 1817 1372 Eta)
1845 1318 1931 1360 hoc

161 1391 352 1442 propter
378 1392 565 1442 peccata
593 1401 785 1441 summa,
814 1387 1056 1443 maxime¹¹)
1086 1389 1188 1431 tria.

278 1459 434 1502 Primo
466 1472 552 1513 pro
582 1472 653 1512 eo,
687 1459 810 1512 quod
843 1472 1004 1502 omnes
1037 1459 1228 1502 ordines
1259 1463 1305 1502 et
1338 1460 1559 1514 religiosi,
1592 1460 1670 1513 qui
1704 1459 1932 1501 deberent

159 1541 266 1573 esse
285 1529 482 1584 perfecti
502 1529 756 1583 christiani,
778 1531 999 1572 mundum
1020 1533 1065 1571 et
1086 1530 1253 1584 omnia,
1276 1543 1364 1584 que
1385 1529 1486 1572 eius
1507 1533 1626 1583 sunt,
1646 1529 1932 1583 relinquere,

163 1601 250 1644 soli
273 1601 372 1644 Deo
391 1601 595 1655 religari,
617 1602 811 1654 servire,
833 1601 923 1643 iam
946 1601 1313 1654 declinaverunt,
1335 1604 1634 1644 recesserunt
1652 1614 1680 1643 *a
1701 1601 1932 1644 mandatis

164 1672 248 1714 Dei
270 1675 319 1714 et
340 1672 584 1715 ordinibus
608 1676 744 1725 atque
769 1672 886 1715 votis
909 1676 954 1714 et
977 1672 1385 1726 substanciabusf)
1413 1672 1582 1725 quibus
1606 1671 1787 1714 fundati
1813 1674 1931 1723 sunt,

162 1746 205 1785 et
231 1747 385 1786 tamen
411 1743 596 1785 cottidie
621 1743 914 1786 celebrantes
941 1743 1248 1785 ministerium
1277 1743 1360 1784 Dei
1387 1742 1620 1785 Christum
1647 1743 1762 1785 sicut
1787 1742 1932 1784 Judas

163 1816 208 1855 et
234 1813 371 1856 Judei
397 1813 636 1856 tradentes
662 1813 850 1867 indigne
878 1814 1117 1866 sumendo,
1142 1826 1235 1856 non
1261 1813 1472 1855 monachi
1498 1813 1589 1854 nisi
1614 1826 1700 1866 per
1725 1812 1932 1854 habitum

163 1887 208 1926 et
233 1887 471 1927 ton—suram
499 1884 596 1926 Deo
622 1884 807 1926 mentiri
834 1887 1101 1937 noscuntur,
1129 1887 1325 1937 excepto
1351 1883 1672 1926 Carthusiensi
1699 1883 1863 1925 ordine
1890 1885 1934 1925 et

163 1955 457 2008 paucissimis
483 1955 778 1998 monasteriis
803 1958 939 2008 atque
968 1955 1205 1997 monachis
1231 1954 1447 1997 mandata
1476 1954 1559 1996 Dei
1587 1957 1632 1996 et
1657 1955 1728 1996 sui
1755 1953 1933 1996 ordinis

165 2026 459 2068 servantibus
485 2030 568 2069 etc.

282 2096 496 2139 Secundo
517 2100 708 2150 propter
732 2096 963 2139 luxuriam
985 2096 1111 2138 cleri.
1147 2096 1422 2138 Sacerdotes
1444 2096 1569 2137 enim
1592 2095 1638 2137 in
1662 2094 1808 2137 veteri
1831 2095 1934 2147 lege

165 2168 252 2221 ut⁴')
292 2167 478 2220 munde,
515 2170 638 2210 caste
675 2170 720 2209 et
757 2167 894 2220 digne
931 2170 1121 2209 orarent
1157 2179 1243 2220 pro
1279 2167 1453 2220 populo
1488 2169 1534 2208 et
1569 2166 1799 2208 offerrent
1838 2165 1935 2206 Deo

165 2251 277 2281 oves
305 2241 352 2280 et
381 2238 524 2281 boves
555 2241 601 2280 et
631 2240 784 2280 cetera
816 2238 1036 2280 animalia
1068 2238 1217 2290 bruta,
1247 2250 1420 2279 uxores
1453 2237 1689 2278 duxerunt
1718 2235 1934 2289 ligitimas

165 2309 372 2362 virgines
400 2308 692 2362 incorruptas
720 2308 976 2351 secundum
1006 2309 1156 2361 legem
1188 2308 1288 2361 Dei,
1318 2307 1447 2350 sicu-d
1478 2307 1697 2360 scriptum
1727 2309 1814 2348 est:
1858 2306 1935 2348 Sa-

167 2379 378 2422 cerdotes
407 2379 555 2421 sancti
591 2383 728 2422 erunt
762 2379 859 2422 Deo
894 2392 976 2422 suo
1009 2382 1053 2421 et
1087 2391 1179 2421 non
1212 2378 1426 2432 polluent
1458 2391 1627 2420 nomen
1661 2378 1778 2429 eius,
1812 2388 1935 2418 scur-

166 2448 302 2505 tum‘¹)
341 2453 386 2492 et
421 2450 515 2492 vile
549 2450 860 2503 prostibulum
897 2463 989 2491 non
1025 2450 1195 2493 ducent
1230 2462 1424 2491 uxorem
1461 2461 1545 2490 nec
1582 2447 1872 2501 repudiatam
1910 2459 1935 2488 a

167 2520 334 2563 marito
358 2533 459 2573 suo,
490 2521 599 2573 quia
629 2520 884 2562 consecrati
900 2524 1007 2562 sunt
1025 2520 1122 2561 Deo
1138 2521 1281 2573 suo²):
1316 2520 1370 2561 Et
1383 2519 1491 2571 quia
1507 2518 1775 2560 sacerdotes
1790 2517 1934 2559 nostri

168 2603 260 2632 non
289 2591 437 2633 solum
461 2591 606 2633 boves
629 2595 676 2633 et
699 2603 812 2634 oves
837 2596 881 2634 et
907 2591 1126 2633 animalia
1153 2591 1287 2632 bruta
1313 2590 1536 2641 offerunt,
1563 2592 1631 2631 set
1659 2588 1741 2629 Dei
1770 2587 1934 2638 filium,

168 2673 351 2714 panem,
383 2661 461 2714 qui
495 2661 552 2703 de
587 2662 687 2704 celo
720 2661 973 2713 descendit,
1008 2661 1201 2714 virginis
1233 2661 1435 2714 gloriose
1471 2663 1642 2711 natum,
1677 2661 1935 2700 statuerunt

170 2733 313 2774 sancti
350 2735 508 2785 patres
544 2733 688 2774 nostri
726 2732 772 2774 in
808 2732 1077 2784 canonibus,
1114 2735 1175 2784 ut,
1213 2732 1320 2784 quia
1358 2733 1532 2773 tantum
1569 2729 1757 2771 excellit
1793 2728 1935 2770 offer-

275 2887 304 2910 a!
329 2882 372 2908 118
395 2889 444 2908 cx.
518 2881 551 2909 b)
574 2882 619 2909 113
639 2881 789 2908 maxima.
865 2886 893 2911 c)
915 2882 960 2908 Ils
982 2888 1049 2907 nec.
1088 2880 1118 2911 d)
1143 2881 1186 2907 Hs
1205 2887 1249 2907 ευ.

293 2943 324 2984 ¹)
349 2942 448 2976 Nacle
474 2941 664 2976 Jeremias
690 2942 743 2982 14,
769 2942 820 2976 12.

292 3001 324 3042 ²)
352 3000 438 3034 Lev.
463 3000 519 3040 21,
546 3000 576 3034 7.
