<?xml version="1.0" encoding="UTF-8"?>
<!DOCTYPE html PUBLIC "-//W3C//DTD XHTML 1.0 Transitional//EN"
    "http://www.w3.org/TR/xhtml1/DTD/xhtml1-transitional.dtd">
<html xmlns="http://www.w3.org/1999/xhtml" xml:lang="en" lang="en">
 <head>
  <title>
</title>
<meta http-equiv="Content-Type" content="text/html;charset=utf-8" />
  <meta name='ocr-system' content='tesseract 3.04.00' />
  <meta name='ocr-capabilities' content='ocr_page ocr_carea ocr_par ocr_line ocrx_word'/>
</head>
<body>
  <div class='ocr_page' id='page_1' title='image "./actaconciliicons02counuoft_0699.png"; bbox 0 0 2227 3434; ppageno 0'>
   <div class='ocr_carea' id='block_1_1' title="bbox 596 205 1334 242">
    <p class='ocr_par' dir='ltr' id='par_1_1' title="bbox 596 205 1334 242">
     <span class='ocr_line' id='line_1_1' title="bbox 596 205 1334 242; baseline -0.001 -1"><span class='ocrx_word' id='word_1_1' title='bbox 596 207 636 242; x_wconf 93' lang='lat' dir='ltr'>B.</span> <span class='ocrx_word' id='word_1_2' title='bbox 658 205 906 241; x_wconf 82' lang='lat' dir='ltr'>Avisamente</span> <span class='ocrx_word' id='word_1_3' title='bbox 927 207 997 241; x_wconf 87' lang='lat' dir='ltr'>der</span> <span class='ocrx_word' id='word_1_4' title='bbox 1016 206 1334 241; x_wconf 85' lang='lat' dir='ltr'>Reformatorien.</span> 
     </span>
    </p>
   </div>
   <div class='ocr_carea' id='block_1_2' title="bbox 0 295 951 520">
    <p class='ocr_par' dir='ltr' id='par_1_2' title="bbox 0 295 951 520">
     <span class='ocr_line' id='line_1_2' title="bbox 0 295 926 378; baseline -0.001 -11"><span class='ocrx_word' id='word_1_5' title='bbox 0 318 4 341; x_wconf 74' lang='lat'><em>²</em></span> <span class='ocrx_word' id='word_1_6' title='bbox 78 325 335 368; x_wconf 86' lang='lat' dir='ltr'>universali</span> <span class='ocrx_word' id='word_1_7' title='bbox 358 324 571 378; x_wconf 80' lang='lat' dir='ltr'>ecclesia,</span> <span class='ocrx_word' id='word_1_8' title='bbox 594 324 640 366; x_wconf 90' lang='lat' dir='ltr'>id</span> <span class='ocrx_word' id='word_1_9' title='bbox 663 295 814 367; x_wconf 68' lang='lat' dir='ltr'>estde</span> <span class='ocrx_word' id='word_1_10' title='bbox 837 323 926 366; x_wconf 91' lang='lat' dir='ltr'>fide</span> 
     </span>
     <span class='ocr_line' id='line_1_3' title="bbox 0 395 927 449; baseline 0.001 -14"><span class='ocrx_word' id='word_1_11' title='bbox 0 431 3 434; x_wconf 77' lang='grc'>,</span> <span class='ocrx_word' id='word_1_12' title='bbox 78 396 274 438; x_wconf 83' lang='lat' dir='ltr'>ecclesie</span> <span class='ocrx_word' id='word_1_13' title='bbox 299 395 546 449; x_wconf 86' lang='lat' dir='ltr'>katholice‚</span> <span class='ocrx_word' id='word_1_14' title='bbox 572 395 695 449; x_wconf 91' lang='lat' dir='ltr'>quod</span> <span class='ocrx_word' id='word_1_15' title='bbox 718 398 844 449; x_wconf 91' lang='lat' dir='ltr'>patet</span> <span class='ocrx_word' id='word_1_16' title='bbox 869 408 927 437; x_wconf 82' lang='lat' dir='ltr'>ex</span> 
     </span>
     <span class='ocr_line' id='line_1_4' title="bbox 76 465 951 520; baseline -0.001 -12"><span class='ocrx_word' id='word_1_17' title='bbox 76 466 235 510; x_wconf 89' lang='lat' dir='ltr'>verbis</span> <span class='ocrx_word' id='word_1_18' title='bbox 270 466 588 520; x_wconf 89' lang='lat' dir='ltr'>sequentibus.</span> <span class='ocrx_word' id='word_1_19' title='bbox 635 465 772 508; x_wconf 88' lang='lat' dir='ltr'>Unde</span> <span class='ocrx_word' id='word_1_20' title='bbox 806 466 951 516; x_wconf 67' lang='lat' dir='ltr'>male,</span> 
     </span>
    </p>
   </div>
   <div class='ocr_carea' id='block_1_3' title="bbox 76 537 927 732">
    <p class='ocr_par' dir='ltr' id='par_1_3' title="bbox 76 537 927 732">
     <span class='ocr_line' id='line_1_5' title="bbox 77 537 926 591; baseline -0.002 -11"><span class='ocrx_word' id='word_1_21' title='bbox 77 540 289 591; x_wconf 84' lang='lat' dir='ltr'>arguunt,</span> <span class='ocrx_word' id='word_1_22' title='bbox 321 537 399 590; x_wconf 90' lang='lat' dir='ltr'>qui</span> <span class='ocrx_word' id='word_1_23' title='bbox 428 549 489 579; x_wconf 84' lang='lat' dir='ltr'>ex</span> <span class='ocrx_word' id='word_1_24' title='bbox 517 537 603 579; x_wconf 93' lang='lat' dir='ltr'>hoc</span> <span class='ocrx_word' id='word_1_25' title='bbox 634 537 791 580; x_wconf 91' lang='lat' dir='ltr'>dicunt</span> <span class='ocrx_word' id='word_1_26' title='bbox 819 549 926 578; x_wconf 89' lang='lat' dir='ltr'>esse</span> 
     </span>
     <span class='ocr_line' id='line_1_6' title="bbox 77 608 927 662; baseline -0.002 -11"><span class='ocrx_word' id='word_1_27' title='bbox 77 611 399 662; x_wconf 70' lang='lat' dir='ltr'>argumentum</span> <span class='ocrx_word' id='word_1_28' title='bbox 421 608 622 650; x_wconf 87' lang='lat' dir='ltr'>maxime</span> <span class='ocrx_word' id='word_1_29' title='bbox 644 620 730 661; x_wconf 90' lang='lat' dir='ltr'>pro</span> <span class='ocrx_word' id='word_1_30' title='bbox 753 608 927 650; x_wconf 90' lang='lat' dir='ltr'>stabili-</span> 
     </span>
     <span class='ocr_line' id='line_1_7' title="bbox 76 678 927 732; baseline -0.002 -11"><span class='ocrx_word' id='word_1_31' title='bbox 76 681 168 722; x_wconf 83' lang='lat' dir='ltr'>tate</span> <span class='ocrx_word' id='word_1_32' title='bbox 190 691 313 732; x_wconf 78' lang='lat' dir='ltr'>pape</span> <span class='ocrx_word' id='word_1_33' title='bbox 333 678 566 721; x_wconf 88' lang='lat' dir='ltr'>servanda</span> <span class='ocrx_word' id='word_1_34' title='bbox 587 679 635 720; x_wconf 90' lang='lat' dir='ltr'>in</span> <span class='ocrx_word' id='word_1_35' title='bbox 655 678 797 732; x_wconf 87' lang='lat' dir='ltr'>Urbe,</span> <span class='ocrx_word' id='word_1_36' title='bbox 821 679 927 719; x_wconf 89' lang='lat' dir='ltr'>licet</span> 
     </span>
    </p>
   </div>
   <div class='ocr_carea' id='block_1_4' title="bbox 77 749 927 802">
    <p class='ocr_par' dir='ltr' id='par_1_4' title="bbox 0 744 927 802">
     <span class='ocr_line' id='line_1_8' title="bbox 77 749 927 802; baseline -0.001 -11.083"><span class='ocrx_word' id='word_1_37' title='bbox 77 749 159 792; x_wconf 88' lang='lat' dir='ltr'>illa</span> <span class='ocrx_word' id='word_1_38' title='bbox 180 749 443 792; x_wconf 85' lang='lat' dir='ltr'>residencia</span> <span class='ocrx_word' id='word_1_39' title='bbox 463 749 630 791; x_wconf 87' lang='lat' dir='ltr'>ceteris</span> <span class='ocrx_word' id='word_1_40' title='bbox 651 749 846 802; x_wconf 89' lang='lat' dir='ltr'>paribus</span> <span class='ocrx_word' id='word_1_41' title='bbox 870 749 927 791; x_wconf 94' lang='lat' dir='ltr'>sit</span> 
     </span>
    </p>
   </div>
   <div class='ocr_carea' id='block_1_5' title="bbox 76 819 927 873">
    <p class='ocr_par' dir='ltr' id='par_1_5' title="bbox 76 819 927 873">
     <span class='ocr_line' id='line_1_9' title="bbox 76 819 927 873; baseline -0.001 -11"><span class='ocrx_word' id='word_1_42' title='bbox 76 819 433 862; x_wconf 89' lang='lat' dir='ltr'>conveniencior</span> <span class='ocrx_word' id='word_1_43' title='bbox 471 823 667 873; x_wconf 84' lang='lat' dir='ltr'>propter</span> <span class='ocrx_word' id='word_1_44' title='bbox 708 832 927 862; x_wconf 90' lang='lat' dir='ltr'>reveren-</span> 
     </span>
    </p>
   </div>
   <div class='ocr_carea' id='block_1_6' title="bbox 0 884 924 944">
    <p class='ocr_par' dir='ltr' id='par_1_6' title="bbox 0 884 924 944">
     <span class='ocr_line' id='line_1_10' title="bbox 0 884 924 944; baseline -0.001 -11"><span class='ocrx_word' id='word_1_45' title='bbox 0 884 3 885; x_wconf 40' lang='lat'><em>⁷</em></span> <span class='ocrx_word' id='word_1_46' title='bbox 79 891 195 934; x_wconf 88' lang='lat' dir='ltr'>ciam</span> <span class='ocrx_word' id='word_1_47' title='bbox 234 891 555 944; x_wconf 86' lang='lat' dir='ltr'>apostolorum</span> <span class='ocrx_word' id='word_1_48' title='bbox 599 894 644 933; x_wconf 96' lang='lat' dir='ltr'>et</span> <span class='ocrx_word' id='word_1_49' title='bbox 688 892 924 944; x_wconf 87' lang='lat' dir='ltr'>antiquam</span> 
     </span>
    </p>
   </div>
   <div class='ocr_carea' id='block_1_7' title="bbox 76 961 692 1004">
    <p class='ocr_par' dir='ltr' id='par_1_7' title="bbox 76 961 692 1004">
     <span class='ocr_line' id='line_1_11' title="bbox 76 961 692 1004; baseline -0.002 0"><span class='ocrx_word' id='word_1_50' title='bbox 76 961 458 1004; x_wconf 73' lang='lat' dir='ltr'>consuetudinem</span> <span class='ocrx_word' id='word_1_51' title='bbox 480 962 692 1004; x_wconf 86' lang='lat' dir='ltr'>ecclesie.</span> 
     </span>
    </p>
   </div>
   <div class='ocr_carea' id='block_1_8' title="bbox 71 1550 926 2379">
    <p class='ocr_par' dir='ltr' id='par_1_8' title="bbox 74 1550 926 1948">
     <span class='ocr_line' id='line_1_12' title="bbox 162 1550 926 1594; baseline 0.004 -3"><span class='ocrx_word' id='word_1_52' title='bbox 162 1550 277 1592; x_wconf 92' lang='lat' dir='ltr'>Nec</span> <span class='ocrx_word' id='word_1_53' title='bbox 339 1550 660 1594; x_wconf 76' lang='lat' dir='ltr'>abdicabo.</span> <span class='ocrx_word' id='word_1_54' title='bbox 723 1551 793 1594; x_wconf 86' lang='lat' dir='ltr'>Ex</span> <span class='ocrx_word' id='word_1_55' title='bbox 840 1552 926 1594; x_wconf 92' lang='lat' dir='ltr'>hoc</span> 
     </span>
     <span class='ocr_line' id='line_1_13' title="bbox 75 1620 926 1677; baseline 0.004 -15"><span class='ocrx_word' id='word_1_56' title='bbox 75 1620 263 1673; x_wconf 89' lang='lat' dir='ltr'>quidam</span> <span class='ocrx_word' id='word_1_57' title='bbox 288 1625 488 1675; x_wconf 87' lang='lat' dir='ltr'>arguunt</span> <span class='ocrx_word' id='word_1_58' title='bbox 511 1622 618 1665; x_wconf 89' lang='lat' dir='ltr'>licet</span> <span class='ocrx_word' id='word_1_59' title='bbox 640 1623 777 1676; x_wconf 89' lang='lat' dir='ltr'>male,</span> <span class='ocrx_word' id='word_1_60' title='bbox 801 1623 926 1677; x_wconf 84' lang='lat' dir='ltr'>quod</span> 
     </span>
     <span class='ocr_line' id='line_1_14' title="bbox 74 1693 925 1746; baseline 0.004 -13"><span class='ocrx_word' id='word_1_61' title='bbox 74 1703 196 1745; x_wconf 88' lang='lat' dir='ltr'>papa</span> <span class='ocrx_word' id='word_1_62' title='bbox 225 1704 318 1734; x_wconf 91' lang='lat' dir='ltr'>non</span> <span class='ocrx_word' id='word_1_63' title='bbox 347 1695 500 1746; x_wconf 90' lang='lat' dir='ltr'>potest</span> <span class='ocrx_word' id='word_1_64' title='bbox 529 1693 698 1735; x_wconf 88' lang='lat' dir='ltr'>cedere</span> <span class='ocrx_word' id='word_1_65' title='bbox 727 1695 925 1736; x_wconf 86' lang='lat' dir='ltr'>ecclesie</span> 
     </span>
     <span class='ocr_line' id='line_1_15' title="bbox 74 1761 926 1818; baseline 0.006 -16"><span class='ocrx_word' id='word_1_66' title='bbox 74 1761 295 1816; x_wconf 90' lang='lat' dir='ltr'>Romane,</span> <span class='ocrx_word' id='word_1_67' title='bbox 323 1766 394 1806; x_wconf 90' lang='lat' dir='ltr'>set</span> <span class='ocrx_word' id='word_1_68' title='bbox 418 1775 480 1805; x_wconf 88' lang='lat' dir='ltr'>ex</span> <span class='ocrx_word' id='word_1_69' title='bbox 506 1764 666 1807; x_wconf 89' lang='lat' dir='ltr'>verbis</span> <span class='ocrx_word' id='word_1_70' title='bbox 694 1764 926 1818; x_wconf 88' lang='lat' dir='ltr'>sequenti-</span> 
     </span>
     <span class='ocr_line' id='line_1_16' title="bbox 74 1832 926 1888; baseline 0.005 -14"><span class='ocrx_word' id='word_1_71' title='bbox 74 1832 162 1875; x_wconf 87' lang='lat' dir='ltr'>bus</span> <span class='ocrx_word' id='word_1_72' title='bbox 193 1835 333 1887; x_wconf 90' lang='lat' dir='ltr'>patet,</span> <span class='ocrx_word' id='word_1_73' title='bbox 367 1834 491 1887; x_wconf 93' lang='lat' dir='ltr'>quod</span> <span class='ocrx_word' id='word_1_74' title='bbox 522 1834 726 1888; x_wconf 80' lang='lat' dir='ltr'>loquitur</span> <span class='ocrx_word' id='word_1_75' title='bbox 759 1835 816 1878; x_wconf 91' lang='lat' dir='ltr'>de</span> <span class='ocrx_word' id='word_1_76' title='bbox 850 1836 926 1878; x_wconf 90' lang='lat' dir='ltr'>ab·</span> 
     </span>
     <span class='ocr_line' id='line_1_17' title="bbox 74 1902 475 1948; baseline 0.007 -4"><span class='ocrx_word' id='word_1_77' title='bbox 74 1902 311 1946; x_wconf 86' lang='lat' dir='ltr'>dicacione</span> <span class='ocrx_word' id='word_1_78' title='bbox 344 1903 475 1948; x_wconf 88' lang='lat' dir='ltr'>fidei.</span> 
     </span>
    </p>

    <p class='ocr_par' dir='ltr' id='par_1_9' title="bbox 71 1973 925 2379">
     <span class='ocr_line' id='line_1_18' title="bbox 165 1973 923 2028; baseline 0.005 -12"><span class='ocrx_word' id='word_1_79' title='bbox 165 1973 370 2028; x_wconf 87' lang='lat' dir='ltr'>Usque</span> <span class='ocrx_word' id='word_1_80' title='bbox 427 1975 497 2017; x_wconf 92' lang='lat' dir='ltr'>ad</span> <span class='ocrx_word' id='word_1_81' title='bbox 552 1976 811 2019; x_wconf 90' lang='lat' dir='ltr'>animam</span> <span class='ocrx_word' id='word_1_82' title='bbox 867 1981 923 2020; x_wconf 90' lang='lat' dir='ltr'>et</span> 
     </span>
     <span class='ocr_line' id='line_1_19' title="bbox 74 2045 925 2101; baseline 0.005 -15"><span class='ocrx_word' id='word_1_83' title='bbox 74 2056 95 2086; x_wconf 91' lang='lat' dir='ltr'>s</span> <span class='ocrx_word' id='word_1_84' title='bbox 110 2056 136 2086; x_wconf 90' lang='lat' dir='ltr'>a</span> <span class='ocrx_word' id='word_1_85' title='bbox 150 2056 181 2086; x_wconf 91' lang='lat' dir='ltr'>n</span> <span class='ocrx_word' id='word_1_86' title='bbox 195 2057 223 2098; x_wconf 87' lang='lat' dir='ltr'>g</span> <span class='ocrx_word' id='word_1_87' title='bbox 235 2045 341 2087; x_wconf 90' lang='lat' dir='ltr'>uin</span> <span class='ocrx_word' id='word_1_88' title='bbox 354 2058 382 2088; x_wconf 89' lang='lat' dir='ltr'>e</span> <span class='ocrx_word' id='word_1_89' title='bbox 394 2058 455 2090; x_wconf 85' lang='lat' dir='ltr'>m.</span> <span class='ocrx_word' id='word_1_90' title='bbox 529 2046 614 2090; x_wconf 90' lang='lat' dir='ltr'>Hic</span> <span class='ocrx_word' id='word_1_91' title='bbox 672 2048 925 2101; x_wconf 50' lang='lat' dir='ltr'>*profitetur</span> 
     </span>
     <span class='ocr_line' id='line_1_20' title="bbox 72 2114 924 2171; baseline 0.006 -15"><span class='ocrx_word' id='word_1_92' title='bbox 72 2114 307 2158; x_wconf 86' lang='lat' dir='ltr'>Romanus</span> <span class='ocrx_word' id='word_1_93' title='bbox 328 2116 543 2170; x_wconf 78' lang='lat' dir='ltr'>pontifex</span> <span class='ocrx_word' id='word_1_94' title='bbox 562 2131 652 2171; x_wconf 88' lang='lat' dir='ltr'>pro</span> <span class='ocrx_word' id='word_1_95' title='bbox 672 2118 771 2161; x_wconf 87' lang='lat' dir='ltr'>fide</span> <span class='ocrx_word' id='word_1_96' title='bbox 795 2119 924 2162; x_wconf 92' lang='lat' dir='ltr'>Chri-</span> 
     </span>
     <span class='ocr_line' id='line_1_21' title="bbox 73 2186 924 2240; baseline 0.007 -13"><span class='ocrx_word' id='word_1_97' title='bbox 73 2186 130 2227; x_wconf 86' lang='lat' dir='ltr'>sti</span> <span class='ocrx_word' id='word_1_98' title='bbox 155 2198 248 2228; x_wconf 92' lang='lat' dir='ltr'>non</span> <span class='ocrx_word' id='word_1_99' title='bbox 273 2186 438 2240; x_wconf 83' lang='lat' dir='ltr'>fugere</span> <span class='ocrx_word' id='word_1_100' title='bbox 463 2191 534 2231; x_wconf 89' lang='lat' dir='ltr'>set</span> <span class='ocrx_word' id='word_1_101' title='bbox 557 2189 780 2232; x_wconf 88' lang='lat' dir='ltr'>tollerare</span> <span class='ocrx_word' id='word_1_102' title='bbox 806 2203 924 2233; x_wconf 91' lang='lat' dir='ltr'>mar-</span> 
     </span>
     <span class='ocr_line' id='line_1_22' title="bbox 72 2255 923 2314; baseline 0.007 -17"><span class='ocrx_word' id='word_1_103' title='bbox 72 2255 228 2298; x_wconf 83' lang='lat' dir='ltr'>tirium</span> <span class='ocrx_word' id='word_1_104' title='bbox 264 2261 312 2300; x_wconf 88' lang='lat' dir='ltr'>et</span> <span class='ocrx_word' id='word_1_105' title='bbox 346 2270 453 2300; x_wconf 86' lang='lat' dir='ltr'>eam</span> <span class='ocrx_word' id='word_1_106' title='bbox 491 2259 738 2314; x_wconf 87' lang='lat' dir='ltr'>custodire,</span> <span class='ocrx_word' id='word_1_107' title='bbox 777 2261 923 2303; x_wconf 89' lang='lat' dir='ltr'>eciam</span> 
     </span>
     <span class='ocr_line' id='line_1_23' title="bbox 71 2326 922 2379; baseline 0.007 -12"><span class='ocrx_word' id='word_1_108' title='bbox 71 2326 226 2379; x_wconf 88' lang='lat' dir='ltr'>palam</span> <span class='ocrx_word' id='word_1_109' title='bbox 271 2327 552 2372; x_wconf 88' lang='lat' dir='ltr'>confitendo.</span> <span class='ocrx_word' id='word_1_110' title='bbox 621 2330 752 2374; x_wconf 90' lang='lat' dir='ltr'>Alias</span> <span class='ocrx_word' id='word_1_111' title='bbox 796 2333 922 2373; x_wconf 90' lang='lat' dir='ltr'>enim</span> 
     </span>
    </p>
   </div>
   <div class='ocr_carea' id='block_1_9' title="bbox 13 2400 921 2445">
    <p class='ocr_par' dir='ltr' id='par_1_10' title="bbox 13 2400 921 2445">
     <span class='ocr_line' id='line_1_24' title="bbox 13 2400 921 2445; baseline 0.009 -8"><span class='ocrx_word' id='word_1_112' title='bbox 13 2402 18 2406; x_wconf 82' lang='grc'><strong><em>·</em></strong></span> <span class='ocrx_word' id='word_1_113' title='bbox 74 2408 167 2438; x_wconf 91' lang='lat' dir='ltr'>non</span> <span class='ocrx_word' id='word_1_114' title='bbox 182 2401 308 2440; x_wconf 83' lang='lat' dir='ltr'>esset</span> <span class='ocrx_word' id='word_1_115' title='bbox 322 2411 462 2442; x_wconf 89' lang='lat' dir='ltr'>verus</span> <span class='ocrx_word' id='word_1_116' title='bbox 476 2400 720 2444; x_wconf 86' lang='lat' dir='ltr'>confessor</span> <span class='ocrx_word' id='word_1_117' title='bbox 736 2401 921 2445; x_wconf 86' lang='lat' dir='ltr'>Christi.</span> 
     </span>
    </p>
   </div>
   <div class='ocr_carea' id='block_1_10' title="bbox 1763 209 1849 252">
    <p class='ocr_par' dir='ltr' id='par_1_11' title="bbox 1763 209 1849 252">
     <span class='ocr_line' id='line_1_25' title="bbox 1763 209 1849 252; baseline 0 0"><span class='ocrx_word' id='word_1_118' title='bbox 1763 209 1849 252; x_wconf 82' lang='lat'>685</span> 
     </span>
    </p>
   </div>
   <div class='ocr_carea' id='block_1_11' title="bbox 997 324 1852 1517">
    <p class='ocr_par' dir='ltr' id='par_1_12' title="bbox 997 324 1852 1517">
     <span class='ocr_line' id='line_1_26' title="bbox 1000 324 1850 379; baseline 0.002 -13"><span class='ocrx_word' id='word_1_119' title='bbox 1000 324 1250 378; x_wconf 82' lang='lat' dir='ltr'>profitetur</span> <span class='ocrx_word' id='word_1_120' title='bbox 1278 326 1531 369; x_wconf 88' lang='lat' dir='ltr'>monachus</span> <span class='ocrx_word' id='word_1_121' title='bbox 1559 326 1606 367; x_wconf 91' lang='lat' dir='ltr'>in</span> <span class='ocrx_word' id='word_1_122' title='bbox 1635 326 1850 379; x_wconf 90' lang='lat' dir='ltr'>claustro,</span> 
     </span>
     <span class='ocr_line' id='line_1_27' title="bbox 1000 396 1850 451; baseline 0.004 -14"><span class='ocrx_word' id='word_1_123' title='bbox 1000 409 1153 449; x_wconf 78' lang='lat' dir='ltr'>ymmo</span> <span class='ocrx_word' id='word_1_124' title='bbox 1183 396 1388 449; x_wconf 77' lang='lat' dir='ltr'>episcopi</span> <span class='ocrx_word' id='word_1_125' title='bbox 1420 396 1466 438; x_wconf 89' lang='lat' dir='ltr'>in</span> <span class='ocrx_word' id='word_1_126' title='bbox 1498 396 1594 439; x_wconf 91' lang='lat' dir='ltr'>suis</span> <span class='ocrx_word' id='word_1_127' title='bbox 1625 398 1850 451; x_wconf 87' lang='lat' dir='ltr'>ecclesiis,</span> 
     </span>
     <span class='ocr_line' id='line_1_28' title="bbox 1000 467 1850 521; baseline 0.002 -13"><span class='ocrx_word' id='word_1_128' title='bbox 1000 479 1203 510; x_wconf 88' lang='lat' dir='ltr'>canones</span> <span class='ocrx_word' id='word_1_129' title='bbox 1238 467 1520 521; x_wconf 87' lang='lat' dir='ltr'>profitendo,</span> <span class='ocrx_word' id='word_1_130' title='bbox 1557 472 1605 510; x_wconf 84' lang='lat' dir='ltr'>ut</span> <span class='ocrx_word' id='word_1_131' title='bbox 1641 472 1767 521; x_wconf 89' lang='lat' dir='ltr'>patet</span> <span class='ocrx_word' id='word_1_132' title='bbox 1804 469 1850 510; x_wconf 85' lang='lat' dir='ltr'>in</span> 
     </span>
     <span class='ocr_line' id='line_1_29' title="bbox 999 538 1852 593; baseline 0.004 -14"><span class='ocrx_word' id='word_1_133' title='bbox 999 538 1265 580; x_wconf 86' lang='lat' dir='ltr'>Sardicensi</span> <span class='ocrx_word' id='word_1_134' title='bbox 1294 539 1492 581; x_wconf 88' lang='lat' dir='ltr'>concilio</span> <span class='ocrx_word' id='word_1_135' title='bbox 1520 551 1543 581; x_wconf 91' lang='lat' dir='ltr'>c</span> <span class='ocrx_word' id='word_1_136' title='bbox 1575 539 1632 593; x_wconf 88' lang='lat' dir='ltr'>II,</span> <span class='ocrx_word' id='word_1_137' title='bbox 1661 539 1778 582; x_wconf 92' lang='lat' dir='ltr'>VIII</span> <span class='ocrx_word' id='word_1_138' title='bbox 1805 541 1852 582; x_wconf 92' lang='lat' dir='ltr'>et</span> 
     </span>
     <span class='ocr_line' id='line_1_30' title="bbox 1000 608 1850 652; baseline 0.004 -3"><span class='ocrx_word' id='word_1_139' title='bbox 1000 608 1154 651; x_wconf 90' lang='lat' dir='ltr'>XIIII.</span> <span class='ocrx_word' id='word_1_140' title='bbox 1226 610 1281 652; x_wconf 92' lang='lat' dir='ltr'>Et</span> <span class='ocrx_word' id='word_1_141' title='bbox 1326 609 1539 652; x_wconf 83' lang='lat' dir='ltr'>convenit</span> <span class='ocrx_word' id='word_1_142' title='bbox 1583 610 1850 652; x_wconf 82' lang='lat' dir='ltr'>Jeronimus</span> 
     </span>
     <span class='ocr_line' id='line_1_31' title="bbox 999 679 1851 735; baseline 0.004 -14"><span class='ocrx_word' id='word_1_143' title='bbox 999 679 1193 722; x_wconf 93' lang='lat' dir='ltr'>XXXVI</span> <span class='ocrx_word' id='word_1_144' title='bbox 1222 680 1267 721; x_wconf 90' lang='lat' dir='ltr'>di</span> <span class='ocrx_word' id='word_1_145' title='bbox 1295 681 1347 732; x_wconf 83' lang='lat' dir='ltr'>,si</span> <span class='ocrx_word' id='word_1_146' title='bbox 1378 681 1535 735; x_wconf 86' lang='lat' dir='ltr'>quis‘¹)</span> <span class='ocrx_word' id='word_1_147' title='bbox 1568 715 1576 724; x_wconf 94' lang='lat'><strong>.</strong></span> <span class='ocrx_word' id='word_1_148' title='bbox 1612 715 1621 723; x_wconf 94' lang='lat'><strong>.</strong></span> <span class='ocrx_word' id='word_1_149' title='bbox 1656 715 1665 723; x_wconf 95' lang='lat'><strong>.</strong></span> <span class='ocrx_word' id='word_1_150' title='bbox 1707 682 1762 723; x_wconf 91' lang='lat' dir='ltr'>Et</span> <span class='ocrx_word' id='word_1_151' title='bbox 1787 681 1851 724; x_wconf 87' lang='lat' dir='ltr'>ita</span> 
     </span>
     <span class='ocr_line' id='line_1_32' title="bbox 998 751 1851 806; baseline 0.002 -14"><span class='ocrx_word' id='word_1_152' title='bbox 998 751 1249 803; x_wconf 83' lang='lat' dir='ltr'>profitetur</span> <span class='ocrx_word' id='word_1_153' title='bbox 1307 751 1541 794; x_wconf 89' lang='lat' dir='ltr'>Romanus</span> <span class='ocrx_word' id='word_1_154' title='bbox 1603 753 1851 806; x_wconf 90' lang='lat' dir='ltr'>episcopus</span> 
     </span>
     <span class='ocr_line' id='line_1_33' title="bbox 999 821 1851 876; baseline 0.004 -14"><span class='ocrx_word' id='word_1_155' title='bbox 999 833 1085 874; x_wconf 93' lang='lat' dir='ltr'>pro</span> <span class='ocrx_word' id='word_1_156' title='bbox 1118 821 1214 863; x_wconf 85' lang='lat' dir='ltr'>fide</span> <span class='ocrx_word' id='word_1_157' title='bbox 1251 821 1424 864; x_wconf 89' lang='lat' dir='ltr'>Christi</span> <span class='ocrx_word' id='word_1_158' title='bbox 1456 835 1549 864; x_wconf 93' lang='lat' dir='ltr'>non</span> <span class='ocrx_word' id='word_1_159' title='bbox 1582 823 1746 876; x_wconf 85' lang='lat' dir='ltr'>fugere</span> <span class='ocrx_word' id='word_1_160' title='bbox 1781 827 1851 866; x_wconf 87' lang='lat' dir='ltr'>set</span> 
     </span>
     <span class='ocr_line' id='line_1_34' title="bbox 998 893 1851 936; baseline 0.004 -3"><span class='ocrx_word' id='word_1_161' title='bbox 998 893 1220 935; x_wconf 84' lang='lat' dir='ltr'>tollerare</span> <span class='ocrx_word' id='word_1_162' title='bbox 1259 894 1532 936; x_wconf 87' lang='lat' dir='ltr'>martirium.</span> <span class='ocrx_word' id='word_1_163' title='bbox 1581 894 1636 936; x_wconf 85' lang='lat' dir='ltr'>Et</span> <span class='ocrx_word' id='word_1_164' title='bbox 1672 894 1730 936; x_wconf 87' lang='lat' dir='ltr'>ad</span> <span class='ocrx_word' id='word_1_165' title='bbox 1765 894 1851 936; x_wconf 89' lang='lat' dir='ltr'>hoc</span> 
     </span>
     <span class='ocr_line' id='line_1_35' title="bbox 1000 962 1850 1017; baseline 0.004 -13"><span class='ocrx_word' id='word_1_166' title='bbox 1000 962 1123 1004; x_wconf 92' lang='lat' dir='ltr'>idem</span> <span class='ocrx_word' id='word_1_167' title='bbox 1170 962 1297 1006; x_wconf 87' lang='lat' dir='ltr'>iuxta</span> <span class='ocrx_word' id='word_1_168' title='bbox 1344 964 1653 1017; x_wconf 81' lang='lat' dir='ltr'>Augustinum</span> <span class='ocrx_word' id='word_1_169' title='bbox 1699 965 1850 1007; x_wconf 89' lang='lat' dir='ltr'>cathe-</span> 
     </span>
     <span class='ocr_line' id='line_1_36' title="bbox 999 1034 1846 1091; baseline 0.005 -16"><span class='ocrx_word' id='word_1_170' title='bbox 999 1035 1210 1078; x_wconf 86' lang='lat' dir='ltr'>cuminus</span> <span class='ocrx_word' id='word_1_171' title='bbox 1237 1034 1469 1088; x_wconf 84' lang='lat' dir='ltr'>obligatur</span> <span class='ocrx_word' id='word_1_172' title='bbox 1495 1035 1552 1077; x_wconf 91' lang='lat' dir='ltr'>de</span> <span class='ocrx_word' id='word_1_173' title='bbox 1579 1049 1732 1079; x_wconf 90' lang='lat' dir='ltr'>conse.</span> <span class='ocrx_word' id='word_1_174' title='bbox 1759 1036 1846 1091; x_wconf 75' lang='lat' dir='ltr'>di2)</span> 
     </span>
     <span class='ocr_line' id='line_1_37' title="bbox 1003 1105 1851 1159; baseline 0.004 -13"><span class='ocrx_word' id='word_1_175' title='bbox 1003 1105 1095 1147; x_wconf 92' lang='lat' dir='ltr'>IIII</span> <span class='ocrx_word' id='word_1_176' title='bbox 1122 1105 1519 1158; x_wconf 87' lang='lat' dir='ltr'>,cathecuminum‘</span> <span class='ocrx_word' id='word_1_177' title='bbox 1546 1107 1778 1159; x_wconf 87' lang='lat' dir='ltr'>custodire</span> <span class='ocrx_word' id='word_1_178' title='bbox 1805 1111 1851 1150; x_wconf 91' lang='lat' dir='ltr'>et</span> 
     </span>
     <span class='ocr_line' id='line_1_38' title="bbox 998 1176 1849 1229; baseline 0.004 -12"><span class='ocrx_word' id='word_1_179' title='bbox 998 1176 1152 1229; x_wconf 90' lang='lat' dir='ltr'>palam</span> <span class='ocrx_word' id='word_1_180' title='bbox 1180 1176 1408 1219; x_wconf 79' lang='lat' dir='ltr'>confiteri.</span> <span class='ocrx_word' id='word_1_181' title='bbox 1448 1177 1580 1220; x_wconf 84' lang='lat' dir='ltr'>Alias</span> <span class='ocrx_word' id='word_1_182' title='bbox 1605 1178 1730 1220; x_wconf 89' lang='lat' dir='ltr'>enim</span> <span class='ocrx_word' id='word_1_183' title='bbox 1756 1191 1849 1220; x_wconf 92' lang='lat' dir='ltr'>non</span> 
     </span>
     <span class='ocr_line' id='line_1_39' title="bbox 997 1248 1850 1291; baseline 0.004 -3"><span class='ocrx_word' id='word_1_184' title='bbox 997 1250 1123 1289; x_wconf 88' lang='lat' dir='ltr'>esset</span> <span class='ocrx_word' id='word_1_185' title='bbox 1184 1260 1324 1290; x_wconf 84' lang='lat' dir='ltr'>verus</span> <span class='ocrx_word' id='word_1_186' title='bbox 1386 1248 1629 1291; x_wconf 86' lang='lat' dir='ltr'>confessor</span> <span class='ocrx_word' id='word_1_187' title='bbox 1691 1249 1850 1291; x_wconf 89' lang='lat' dir='ltr'>Yhesu</span> 
     </span>
     <span class='ocr_line' id='line_1_40' title="bbox 999 1317 1850 1372; baseline 0.004 -13"><span class='ocrx_word' id='word_1_188' title='bbox 999 1317 1185 1360; x_wconf 83' lang='lat' dir='ltr'>Christi.</span> <span class='ocrx_word' id='word_1_189' title='bbox 1228 1318 1295 1360; x_wconf 93' lang='lat' dir='ltr'>De</span> <span class='ocrx_word' id='word_1_190' title='bbox 1324 1319 1415 1361; x_wconf 88' lang='lat' dir='ltr'>hiis</span> <span class='ocrx_word' id='word_1_191' title='bbox 1444 1332 1645 1372; x_wconf 91' lang='lat' dir='ltr'>namque</span> <span class='ocrx_word' id='word_1_192' title='bbox 1673 1320 1850 1362; x_wconf 88' lang='lat' dir='ltr'>notabi-</span> 
     </span>
     <span class='ocr_line' id='line_1_41' title="bbox 998 1388 1850 1445; baseline 0.005 -16"><span class='ocrx_word' id='word_1_193' title='bbox 998 1388 1106 1430; x_wconf 88' lang='lat' dir='ltr'>liter</span> <span class='ocrx_word' id='word_1_194' title='bbox 1138 1389 1385 1432; x_wconf 83' lang='lat' dir='ltr'>disseritur</span> <span class='ocrx_word' id='word_1_195' title='bbox 1417 1403 1503 1443; x_wconf 88' lang='lat' dir='ltr'>per</span> <span class='ocrx_word' id='word_1_196' title='bbox 1535 1390 1739 1433; x_wconf 91' lang='lat' dir='ltr'>Leonem</span> <span class='ocrx_word' id='word_1_197' title='bbox 1771 1404 1850 1445; x_wconf 91' lang='lat' dir='ltr'>pa-</span> 
     </span>
     <span class='ocr_line' id='line_1_42' title="bbox 998 1460 1846 1517; baseline 0.006 -17"><span class='ocrx_word' id='word_1_198' title='bbox 998 1472 1105 1512; x_wconf 87' lang='lat' dir='ltr'>pam</span> <span class='ocrx_word' id='word_1_199' title='bbox 1131 1460 1179 1501; x_wconf 91' lang='lat' dir='ltr'>in</span> <span class='ocrx_word' id='word_1_200' title='bbox 1206 1460 1405 1513; x_wconf 83' lang='lat' dir='ltr'>epistola</span> <span class='ocrx_word' id='word_1_201' title='bbox 1432 1461 1490 1503; x_wconf 88' lang='lat' dir='ltr'>ad</span> <span class='ocrx_word' id='word_1_202' title='bbox 1518 1461 1846 1517; x_wconf 79' lang='lat' dir='ltr'>Flavianum.¹)</span> 
     </span>
    </p>
   </div>
   <div class='ocr_carea' id='block_1_12' title="bbox 994 2511 1846 2778">
    <p class='ocr_par' dir='ltr' id='par_1_13' title="bbox 994 2511 1846 2778">
     <span class='ocr_line' id='line_1_43' title="bbox 1083 2511 1846 2554; baseline 0.001 -1"><span class='ocrx_word' id='word_1_203' title='bbox 1083 2511 1410 2554; x_wconf 88' lang='lat' dir='ltr'>Conciliis.</span> <span class='ocrx_word' id='word_1_204' title='bbox 1485 2512 1715 2554; x_wconf 90' lang='lat' dir='ltr'>Videlicet</span> <span class='ocrx_word' id='word_1_205' title='bbox 1773 2513 1846 2554; x_wconf 90' lang='lat' dir='ltr'>Ni-</span> 
     </span>
     <span class='ocr_line' id='line_1_44' title="bbox 994 2581 1846 2636; baseline 0.001 -13"><span class='ocrx_word' id='word_1_206' title='bbox 994 2594 1122 2635; x_wconf 83' lang='lat' dir='ltr'>ceno,</span> <span class='ocrx_word' id='word_1_207' title='bbox 1148 2581 1673 2636; x_wconf 88' lang='lat' dir='ltr'>Constantinopolitano,</span> <span class='ocrx_word' id='word_1_208' title='bbox 1697 2583 1846 2636; x_wconf 90' lang='lat' dir='ltr'>Ephe-</span> 
     </span>
     <span class='ocr_line' id='line_1_45' title="bbox 995 2652 1845 2696; baseline 0 -2"><span class='ocrx_word' id='word_1_209' title='bbox 995 2652 1098 2695; x_wconf 90' lang='lat' dir='ltr'>sino</span> <span class='ocrx_word' id='word_1_210' title='bbox 1139 2656 1185 2695; x_wconf 89' lang='lat' dir='ltr'>et</span> <span class='ocrx_word' id='word_1_211' title='bbox 1228 2652 1580 2696; x_wconf 88' lang='lat' dir='ltr'>Calcedonensi.</span> <span class='ocrx_word' id='word_1_212' title='bbox 1635 2654 1753 2696; x_wconf 88' lang='lat' dir='ltr'>Vide</span> <span class='ocrx_word' id='word_1_213' title='bbox 1799 2654 1845 2695; x_wconf 91' lang='lat' dir='ltr'>in</span> 
     </span>
     <span class='ocr_line' id='line_1_46' title="bbox 994 2722 1845 2778; baseline 0.001 -13"><span class='ocrx_word' id='word_1_214' title='bbox 994 2722 1091 2765; x_wconf 89' lang='lat' dir='ltr'>suis</span> <span class='ocrx_word' id='word_1_215' title='bbox 1124 2724 1270 2766; x_wconf 87' lang='lat' dir='ltr'>titulis</span> <span class='ocrx_word' id='word_1_216' title='bbox 1302 2724 1593 2778; x_wconf 84' lang='lat' dir='ltr'>pontificum,</span> <span class='ocrx_word' id='word_1_217' title='bbox 1629 2724 1845 2767; x_wconf 87' lang='lat' dir='ltr'>videlicet</span> 
     </span>
    </p>
   </div>
   <div class='ocr_carea' id='block_1_13' title="bbox 952 2793 1844 2848">
    <p class='ocr_par' dir='ltr' id='par_1_14' title="bbox 952 2793 1844 2848">
     <span class='ocr_line' id='line_1_47' title="bbox 952 2793 1844 2848; baseline 0.001 -13"><span class='ocrx_word' id='word_1_218' title='bbox 952 2816 958 2820; x_wconf 90' lang='lat'><strong>·</strong></span> <span class='ocrx_word' id='word_1_219' title='bbox 994 2793 1165 2836; x_wconf 88' lang='lat' dir='ltr'>Leonis</span> <span class='ocrx_word' id='word_1_220' title='bbox 1192 2794 1330 2847; x_wconf 91' lang='lat' dir='ltr'>primi</span> <span class='ocrx_word' id='word_1_221' title='bbox 1358 2795 1405 2836; x_wconf 91' lang='lat' dir='ltr'>in</span> <span class='ocrx_word' id='word_1_222' title='bbox 1432 2795 1629 2848; x_wconf 89' lang='lat' dir='ltr'>epistola</span> <span class='ocrx_word' id='word_1_223' title='bbox 1657 2795 1716 2837; x_wconf 89' lang='lat' dir='ltr'>ad</span> <span class='ocrx_word' id='word_1_224' title='bbox 1744 2796 1844 2836; x_wconf 89' lang='lat' dir='ltr'>Fla-</span> 
     </span>
    </p>
   </div>
   <div class='ocr_carea' id='block_1_14' title="bbox 994 2933 1843 3142">
    <p class='ocr_par' dir='ltr' id='par_1_15' title="bbox 1066 2933 1329 2975">
     <span class='ocr_line' id='line_1_48' title="bbox 1066 2933 1329 2975; baseline 0.008 -9"><span class='ocrx_word' id='word_1_225' title='bbox 1066 2933 1098 2975; x_wconf 92' lang='lat'>1)</span> <span class='ocrx_word' id='word_1_226' title='bbox 1127 2933 1161 2966; x_wconf 88' lang='lat' dir='ltr'><em>D</em></span> <span class='ocrx_word' id='word_1_227' title='bbox 1184 2935 1231 2969; x_wconf 85' lang='lat'>36</span> <span class='ocrx_word' id='word_1_228' title='bbox 1256 2944 1273 2968; x_wconf 88' lang='lat' dir='ltr'>c</span> <span class='ocrx_word' id='word_1_229' title='bbox 1296 2934 1329 2969; x_wconf 88' lang='grc'>3.</span> 
     </span>
    </p>

    <p class='ocr_par' dir='ltr' id='par_1_16' title="bbox 1065 2991 1728 3033">
     <span class='ocr_line' id='line_1_49' title="bbox 1065 2991 1728 3033; baseline 0.003 -9"><span class='ocrx_word' id='word_1_230' title='bbox 1065 2992 1098 3033; x_wconf 84' lang='lat'>²)</span> <span class='ocrx_word' id='word_1_231' title='bbox 1123 2991 1181 3025; x_wconf 84' lang='lat' dir='ltr'>De</span> <span class='ocrx_word' id='word_1_232' title='bbox 1206 2991 1494 3026; x_wconf 72' lang='lat' dir='ltr'>covzsecracz&#39;onc</span> <span class='ocrx_word' id='word_1_233' title='bbox 1517 2991 1566 3026; x_wconf 79' lang='lat' dir='ltr'>Di</span> <span class='ocrx_word' id='word_1_234' title='bbox 1589 2992 1610 3025; x_wconf 77' lang='lat'><em>4</em></span> <span class='ocrx_word' id='word_1_235' title='bbox 1634 3002 1651 3026; x_wconf 86' lang='lat' dir='ltr'>c</span> <span class='ocrx_word' id='word_1_236' title='bbox 1672 2993 1728 3027; x_wconf 89' lang='lat'>37.</span> 
     </span>
    </p>

    <p class='ocr_par' dir='ltr' id='par_1_17' title="bbox 994 3048 1843 3142">
     <span class='ocr_line' id='line_1_50' title="bbox 1065 3048 1843 3094; baseline 0 -12"><span class='ocrx_word' id='word_1_237' title='bbox 1065 3049 1097 3092; x_wconf 81' lang='lat'>³)</span> <span class='ocrx_word' id='word_1_238' title='bbox 1121 3048 1481 3094; x_wconf 67' lang='lat' dir='ltr'>Jaffe-Liiwenfeld,</span> <span class='ocrx_word' id='word_1_239' title='bbox 1503 3050 1591 3093; x_wconf 71' lang='lat' dir='ltr'>Req.</span> <span class='ocrx_word' id='word_1_240' title='bbox 1613 3050 1843 3094; x_wconf 74' lang='lat' dir='ltr'>Pontificum</span> 
     </span>
     <span class='ocr_line' id='line_1_51' title="bbox 994 3106 1202 3142; baseline 0.01 -2"><span class='ocrx_word' id='word_1_241' title='bbox 994 3106 1012 3140; x_wconf 94' lang='grc' dir='ltr'><em>Ι</em></span> <span class='ocrx_word' id='word_1_242' title='bbox 1037 3107 1099 3142; x_wconf 83' lang='lat' dir='ltr'>Nr.</span> <span class='ocrx_word' id='word_1_243' title='bbox 1123 3107 1202 3142; x_wconf 77' lang='lat'><strong><em>423.</em></strong></span> 
     </span>
    </p>
   </div>
  </div>
 </body>
</html>
