2102 3444
320 163 403 203 (518
756 158 820 190 111.
853 156 1062 190 Abs-chniu.
1106 154 1257 187 Reform
1292 153 1367 185 und
1401 151 1647 196 Verfassung.

325 280 471 322 t'itcor.
500 282 541 318 ct
571 276 786 328 quamdiu
815 274 990 323 vixere,
1018 284 1158 324 egero
1186 270 1257 311 vel
1286 269 1543 323 omiseroff)
1574 270 1828 312 districtam
1857 270 1903 312 in
1930 269 2086 312 divino

325 349 489 389 iudicio
541 346 877 387 racionem.
925 343 1101 383 cuius
1151 340 1440 383 sanctissime
1480 340 1580 383 sedi
1620 340 1775 383 divina
1812 341 2086 394 dignacione

322 423 363 460 tc
401 418 712 470 patrocinante
751 414 969 467 presideo
1002 417 1046 455 et
1082 412 1227 453 vicem
1264 411 1679 453 intercessionibus
1714 412 1804 454 tuis
1839 411 2086 464 adimpleo.

327 489 423 529 liris
453 491 602 528 autcm
637 486 767 526 michi
803 486 845 525 in
879 485 957 525 illa
987 482 1184 524 terribili
1217 482 1291 523 die
1322 481 1557 534 propicius
1587 482 1671 523 hoc
1700 482 1882 523 conanti
1911 484 1959 524 et
1986 481 2088 524 dili-

321 562 481 607 genter
511 569 697 597 servare
727 555 918 596 curanti.
960 553 1249 594 Adiutorium
1279 565 1462 605 quoque
1489 555 1537 594 ut
1562 552 1778 605 prebeaS,
1805 551 2014 604 obsecro,
2042 552 2088 594 in

324 630 402 669 lia(-
433 627 719 679 corruptibili
752 626 842 667 vita
871 625 1129 676 constituto,
1160 627 1207 665 ut
1238 622 1671 675 irreprehensibilis
1701 635 1954 676 appaream
1983 625 2089 665 ante

321 702 613 750 conspectum
644 696 806 737 iudicis
833 695 1035 737 omnium
1064 694 1234 735 domini
1263 693 1410 735 nostri
1437 693 1582 735 Jhesu
1611 692 1796 745 Christi,
1821 693 1931 735 dum
1957 693 2089 736 terri-

324 769 476 810 biliter
505 768 560 808 (le
590 767 847 808 commissis
878 765 1119 807 advenerit
1149 764 1368 816 iudicare,
1399 767 1446 805 ut
1473 763 1620 806 facias
1649 776 1722 806 me
1751 763 1915 806 dextre
1943 764 2090 818 partis

321 839 592 892 participem
621 842 665 880 et
694 838 813 878 inter
843 837 1012 877 fideles
1043 835 1296 888 discipulos
1324 848 1375 877 ac
1403 847 1698 878 successores
1724 838 1828 877 tuos
1852 847 1967 877 esse·
1988 847 2091 877 con-

323 912 505 952 sortem.

439 980 564 1021 Hanc
593 983 745 1020 autem
774 978 1117 1030 professionem
1147 989 1311 1029 meam,
1340 989 1425 1029 per
1452 977 1683 1018 notarium
1710 979 1757 1018 et
1785 976 2090 1018 scrinearium

323 1054 477 1092 sancte
517 1051 719 1091 Romane
756 1050 952 1090 ecclesie
990 1061 1062 1089 me
1101 1047 1290 1089 iubente
1327 1047 1558 1100 scriptam,
1606 1047 1869 1100 propria
1917 1059 2091 1089 manu

324 1138 344 1162 s
363 1135 386 1162 u
404 1122 431 1162 b
449 1136 468 1162 s
483 1135 504 1162 c
522 1134 542 1161 r
560 1122 570 1161 i
589 1134 616 1173 p
633 1121 682 1162 si
718 1124 761 1162 et
784 1120 880 1171 tibi,
904 1120 1038 1161 beate
1064 1119 1202 1160 Petre
1225 1121 1269 1159 et
1292 1118 1607 1170 apostolorum
1632 1118 1836 1159 omnium
1856 1117 2091 1171 princeps,

323 1205 438 1244 pura
471 1195 623 1234 mente
657 1195 702 1232 et
734 1191 899 1232 devota
931 1189 1218 1231 consciencia
1253 1201 1396 1241 super
1427 1191 1635 1230 sanctum
1667 1201 1836 1241 corpus
1866 1192 1913 1232 et
1945 1189 2093 1231 altare

323 1269 449 1306 tuum
478 1262 720 1304 sinceriter
749 1262 915 1303 offero.

442 1334 601 1375 Actum
638 1334 794 1385 Rome,
832 1345 1007 1384 mense,
1045 1344 1166 1373 anno
1203 1334 1247 1373 et
1284 1330 1556 1383 indiccione,
1593 1330 1763 1383 quibus
1799 1342 1956 1383 supra,
1991 1341 2099 1384 pre-·

326 1405 534 1447 sentibus
561 1408 643 1446 etc.

442 1500 509 1542 De
537 1498 757 1551 gravibus
784 1500 829 1541 et
855 1498 1017 1540 arduis
1043 1509 1129 1550 per
1154 1508 1321 1550 papam
1351 1509 1441 1539 non
1468 1495 1698 1538 iaciendis
1723 1495 1816 1538 nisi
1841 1494 1978 1538 modo

856 1569 1168 1621 infrascripto,
1207 1571 1254 1611 ut
1290 1564 1560 1620 sequiturffi)

445 1652 556 1694 Cum
598 1653 773 1704 antiqui
816 1655 860 1693 et
900 1651 1151 1693 laudabilis
1190 1651 1332 1691 moris
1373 1649 1529 1702 fuerit,
1569 1652 1619 1690 ut
1658 1649 1860 1690 maiores
1895 1645 2095 1689 ecclesie

327 1736 463 1764 cause
499 1736 583 1775 per
619 1735 846 1764 summum
880 1722 1152 1775 pontificem
1190 1722 1290 1763 sine
1328 1719 1635 1762 cardinalium
1671 1732 1705 1762 s.
1741 1718 1791 1761 R.
1827 1730 1868 1760 e.
1904 1716 2096 1760 consilio

328 1798 370 1835 et
401 1806 594 1836 assensu
625 1794 808 1846 disponi
838 1806 931 1834 non
960 1793 1202 1844 deberent,
1231 1791 1356 1834 unde
1385 1791 1531 1833 eciam
1560 1793 1689 1833 cetus
1716 1788 2023 1832 cardinalium
2049 1787 2097 1829 in

329 1866 410 1906 hac
448 1866 577 1917 quasi
617 1864 913 1917 possessione
951 1876 1057 1905 esse
1095 1864 1365 1916 dinoscitur,
1403 1861 1527 1915 quod
1562 1874 1724 1903 eorum
1761 1859 1958 1902 consil-io
1991 1861 2097 1902 sunt

329 1949 412 1987 per
439 1935 668 1977 Romanos
696 1935 944 1988 pontifices
973 1935 1119 1977 ardua
1146 1934 1337 1987 negocia
1365 1932 1604 1975 tractanda
1631 1935 1678 1974 et
1704 1929 2012 1984 terminanda,
2040 1927 2098 1972 ad

330 2007 449 2058 quod
489 2007 632 2048 eciam
675 2006 969 2048 iudicandum
1009 2005 1176 2047 vetusti
1216 2004 1358 2047 moris
1395 2004 1484 2045 fuit
1521 2015 1765 2046 assensum
1803 2002 1956 2055 ipsum
1993 1999 2097 2044 sub-

331 2077 664 2128 scripcionibus
691 2077 946 2128 declarare,
976 2076 1081 2118 ideo
1107 2075 1315 2128 presenti
1344 2075 1531 2116 decreto
1558 2086 1734 2116 morem
1762 2073 1914 2126 ipsum
1941 2069 2098 2113 lauda·

331 2148 470 2188 bilem
512 2143 791 2189 renovantes
828 2147 1084 2199 statuimus,
1122 2150 1170 2188 ut
1208 2147 1442 2188 Romanus
1476 2144 1691 2198 pontifex
1731 2144 1831 2186 sine
1867 2139 2097 2185 consensu

331 2222 374 2259 et
396 2218 740 2270 subscriptione
763 2219 927 2259 saltem
950 2218 1138 2260 maioris
1159 2218 1307 2271 partis
1324 2216 1631 2259 cardinalium
1653 2214 1962 2268 collegialiter
1978 2212 2098 2255 facta

332 2289 626 2340 infrascripta
657 2289 713 2329 de
744 2292 898 2330 cetero
926 2301 1018 2330 non
1049 2288 1281 2341 disponat:
1325 2291 1374 2330 ut
1402 2299 1646 2329 causarum
1677 2285 1792 2327 fidei
1820 2283 2098 2335 decisiones,

333 2362 591 2400 sanctorum
624 2360 1016 2411 canonisaciones,
1049 2359 1197 2413 annic)
1232 2358 1393 2400 iubilei
1425 2357 1749 2399 reduccionem
1781 2368 1866 2398 seu
1894 2355 1952 2398 de
1981 2365 2099 2396 novo

335 2430 649 2480 indiccionem,
676 2431 956 2482 erecciones,
982 2430 1295 2472 extincciones
1321 2442 1404 2471 seu
1431 2428 1806 2481 suppressiones,
1831 2425 2098 2476 divisiones,

334 2500 663 2549 subiect-iones,
696 2501 891 2542 uniones
924 2501 1225 2542 ecclesiarum
1257 2499 1593 2542 cathedralium
1624 2502 1669 2541 et
1699 2496 2099 2547 monasteriorum,

334 2571 652 2621 promotiones
702 2571 1021 2623 cardinalium,
1073 2571 1381 2623 privacioneS,
1432 2569 1771 2611 translaciones
1809 2562 2095 2619 invitorumd)

335 2641 713 2692 patriarcharum,
755 2642 1225 2695 archiepiscoporum,
1266 2641 1591 2694 episcoporum
1631 2643 1677 2682 et
1715 2639 1933 2681 abbatum
1973 2636 2100 2679 salvo

336 2711 433 2752 iure
471 2712 848 2753 constitut-ionum
889 2725 1076 2753 suorum
1114 2713 1344 2764 ordinum,
1381 2710 1733 2764 privilegiorum
1769 2711 2100 2762 perpetuorum

335 2785 379 2822 ct
401 2782 609 2829 realium,
632 2795 774 2824 novas
797 2784 1121 2825 concessiones
1135 2783 1498 2835 exempcionum
1519 2782 1745 2823 hactenus
1765 2792 1850 2833 per
1871 2779 2100 2821 Romanos

337 2852 579 2902 pontifices
606 2853 828 2905 ecclesiis,
854 2853 1163 2905 monasteriis,
1189 2854 1399 2906 collegiis
1425 2856 1469 2894 et
1495 2851 1599 2894 aliis
1625 2851 1752 2903 locis,
1776 2858 2099 2906 concessarum

338 2922 712 2975 rcvocaciones,¹·)
758 2924 1086 2976 exempciones
1127 2924 1272 2966 eciam
1314 2936 1458 2966 novas
1499 2925 1543 2965 et
1584 2924 1838 2975 perpetuas
1877 2917 2099 2971 ecclesiis,

442 3021 470 3038 u·
494 3017 514 3035 ι’
534 3014 743 3040 oblisisvvro.
837 3015 868 3041 l»
892 3016 925 3041 ut
946 3014 1096 3047 sequitur
1116 3015 1196 3047 fehlt
1218 3017 1248 3045 (2
1274 3015 1308 3040 1).
1402 3019 1429 3041 οι
1452 3014 1526 3041 anni
1548 3034 1554 3040 .
1576 3034 1580 3039 .
1602 3033 1608 3039 .
1628 3011 1848 3040 indiccionem
1867 3010 1947 3045 fehlt
1969 3011 1998 3038 C.

444 3061 472 3090 vi)
495 3061 642 3088 translat.
665 3062 754 3088 invit.
775 3061 854 3094 l'clilt
877 3064 904 3088 ζ’.
982 3068 1009 3095 c)
1033 3063 1056 3089 ζ’
1073 3062 1320 3089 rcum-aciones.
