2102 3444
223 127 308 170 500
579 126 621 159 ll.
655 124 864 160 Abschnitt.
907 123 1111 157 Sermones
1141 121 1291 157 concilii
1322 120 1641 157 Constanciensis.

227 248 309 297 est,
349 245 470 298 quod
511 244 554 284 in
595 244 815 285 naciones
852 241 1005 294 gracia
1045 240 1236 293 spiritus
1275 241 1419 282 sancti
1459 253 1551 283 non
1591 244 1660 283 est
1698 240 1856 284 effusa
1895 275 1903 283 .
1939 274 1948 283 .
1983 274 1992 283 .

225 316 308 366 Qui
336 315 459 356 enim
488 315 543 356 ad
573 315 654 354 hoc
684 313 875 364 laborat,
905 316 949 354 ut
977 312 1109 353 nacio
1136 324 1219 354 sua
1245 312 1415 353 habeat
1440 324 1609 364 papam
1637 315 1682 354 et
1706 324 1799 353 non
1825 311 1994 366 princi-

225 387 393 438 paliter
429 386 594 437 querit,
630 387 675 426 ut
711 383 942 425 katholica
977 382 1175 425 ecclesia
1211 382 1379 424 habeat
1416 395 1598 436 papam,
1634 383 1741 426 talis
1776 383 1994 436 preponit

227 458 395 498 bonum
431 456 712 509 particulare
751 455 870 495 bono
906 454 1160 496 universali
1198 457 1243 495 et
1278 466 1363 506 per
1399 465 1691 506 consequens
1725 466 1818 496 non
1854 453 1995 496 habet

227 527 437 579 spiritum
476 538 584 566 vere
623 525 827 567 caritatis
865 558 872 566 .
909 559 916 566 .
953 558 961 566 .
1012 525 1161 566 Draco
1199 525 1284 566 iste
1322 527 1393 566 est
1431 524 1596 567 Petrus
1633 524 1690 566 de
1729 525 1859 567 Luna
1896 558 1905 566 .
1940 558 1949 566 .
1985 558 1994 566 .

342 598 512 639 Contra
534 596 807 648 scripturam
832 596 941 637 facit
962 597 1127 649 omnis,
1151 596 1228 648 qui
1251 608 1352 637 eam
1370 595 1491 637 false
1505 595 1655 648 glosat
1670 599 1747 638 aut
1762 596 1839 649 qui
1855 595 1899 638 ei
1914 595 1995 638 ali-

225 668 334 721 quid
362 667 489 710 addit
515 668 587 708 vel
619 666 774 719 demit,
804 667 926 719 quod
955 667 1102 719 ipsius
1130 669 1272 709 mutat
1300 678 1462 708 verum
1492 667 1792 709 intellectum.
1831 667 1995 719 Quam-

225 739 382 780 obrem
409 739 451 779 in
475 738 558 779 hac
583 738 776 779 materia
800 751 908 779 reus
932 737 1127 780 concilio
1149 741 1218 780 est
1241 738 1481 779 Johannes
1503 737 1727 779 Wickleff
1746 737 1994 787 hereticus,

225 809 437 852 similiter
473 809 712 850 Johannes
751 809 846 850 Hus
884 812 927 850 et
964 808 1064 850 eius
1103 809 1280 861 collega
1317 808 1585 851 Jeronimus
1621 808 1678 850 de
1716 808 1879 861 praga,
1916 808 1993 862 qui

226 880 368 921 falsas
394 879 626 921 doctrinas
653 879 880 931 scripture.
909 892 1038 921 sacre
1066 883 1381 932 repugnantes
1407 879 1635 921 cuderunt
1661 916 1668 923 .
1705 913 1713 921 .
1750 913 1758 921 .

334 950 487 991 Offero
502 954 661 992 nostro
676 951 980 992 serenissimo
997 983 1004 990 .
1023 983 1030 990 .
1050 983 1057 990 .
1075 949 1262 990 domino
1277 948 1573 1002 Sigismundo
1588 960 1775 1004 semper
1788 949 1996 1002 Augusto

218 1022 243 1063 8
274 1025 433 1074 metra,
450 1034 538 1073 que
555 1022 739 1074 scripsit
755 1021 997 1063 Gotfridus
1013 1021 1307 1063 Viterbensis
1325 1023 1369 1062 in
1386 1021 1569 1063 cronica
1585 1033 1669 1063 sua
1683 1021 1910 1075 particula
1926 1020 1994 1063 16.

220 1093 275 1133 im
285 1091 897 1145 peratoriHenricoVI.filio
914 1092 1138 1134 Friderici
1162 1092 1190 1132 I.
1210 1092 1322 1135 Cum
1339 1091 1507 1145 quibus
1524 1091 1683 1134 metris
1700 1091 1874 1145 alloqui
1889 1091 1995 1134 volo

224 1168 429 1206 nostrum
452 1164 708 1217 predictum
729 1164 1144 1206 clementissimum
1168 1164 1513 1217 Sigismundum
1537 1177 1622 1216 per
1644 1165 1764 1206 hunc
1788 1164 1991 1206 modum:

340 1235 405 1277 Tu
436 1234 649 1277 diadema
679 1235 821 1288 feres,
852 1235 1044 1277 Romani
1075 1235 1290 1277 culminis
1320 1236 1460 1277 heres
1489 1236 1613 1288 etc.¹)

342 1307 599 1360 Imperator
627 1306 750 1348 enim
780 1307 899 1348 intra
927 1306 1185 1358 ecclesiam,
1212 1319 1305 1347 non
1335 1319 1476 1359 supra
1502 1307 1748 1348 ecclesiam
1775 1309 1858 1349 est.
1897 1306 1994 1348 Hec

223 1378 508 1420 Ambrosius.
559 1377 687 1428 Quod
725 1377 971 1419 attendens
1010 1377 1340 1419 invictissimus
1379 1377 1632 1430 imperator
1668 1376 1994 1431 Sigismundus

311 1482 319 1490 .
354 1461 445 1490 non
480 1461 528 1489 se
563 1448 746 1500 scripsit
779 1448 975 1490 ecclesie
1009 1448 1269 1500 principem
1304 1452 1380 1490 aut
1413 1448 1650 1490 dominum
1683 1448 1767 1490 sed
1799 1448 1994 1490 fidelem

223 1519 372 1561 filium
416 1523 551 1572 atque
596 1520 866 1561 advocatum
911 1519 1133 1561 humilem
1177 1532 1516 1572 recognoscens
1558 1519 1753 1561 verbum
1794 1518 1992 1562 laureati

222 1593 356 1642 poete
392 1590 622 1632 Francisci
659 1590 909 1632 Petrarche
945 1590 1066 1632 libro
1103 1590 1159 1632 Il.
1209 1590 1275 1631 De
1311 1588 1534 1632 remediis
1568 1590 1770 1643 fortune,
1805 1602 1903 1643 cap.
1936 1589 1993 1632 96

222 1661 433 1703 dicentis:
477 1661 631 1703 Bonus
660 1674 743 1702 rex
773 1674 937 1703 servus
966 1664 1038 1703 est
1063 1661 1292 1714 publicus,
1335 1661 1511 1704 Fidelis
1539 1665 1610 1703 est
1637 1661 1768 1704 filius
1793 1661 1992 1703 ecclesie

222 1735 266 1773 et
288 1732 549 1784 advocatus,
573 1733 650 1785 qui
673 1736 763 1774 tam
787 1732 994 1774 fideliter
1017 1745 1179 1775 omnes
1201 1745 1339 1786 reges
1356 1732 1707 1775 christianitatis
1729 1733 1803 1774 vel
1825 1732 1991 1775 saltem

223 1806 430 1845 oratores
457 1815 615 1845 eorum
645 1807 781 1855 atque
809 1803 1172 1846 ambassiatores
1198 1803 1459 1856 principum
1486 1816 1572 1857 pro
1596 1803 1769 1845 unione
1796 1802 1992 1845 ecclesie

224 1874 269 1914 in
299 1874 382 1915 hac
411 1874 593 1916 civitate
625 1874 976 1916 Constanciensi
1009 1875 1274 1916 convocavit
1304 1907 1311 1915 .
1348 1912 1354 1918 .
1392 1908 1400 1915 .

223 2013 317 2057 Juli
354 2016 419 2058 11.
458 2042 505 2046 -—
543 2016 862 2058 Jolzannes
907 2017 974 2059 cle
1030 2015 1355 2058 Vinzelle's.

347 2085 370 2117 'I'
387 2088 470 2118 ew!
491 2095 501 2119 .·
544 2086 593 2119 Be
618 2085 686 2120 63⁷2
709 2085 734 2129 Ῐ.
761 2087 838 2120 204.

339 2143 676 2187 Unanimes
723 2148 954 2197 estote,
1000 2158 1115 2187 non
1160 2145 1462 2187 timentes
1507 2145 1698 2186 ullam
1742 2146 1994 2197 pertur-

223 2214 558 2256 bacionem.
606 2215 757 2257 Prima
790 2216 913 2257 Petri
951 2216 1031 2258 III.
1065 2229 1161 2269 cap.
1196 2216 1461 2258 scribuntur
1492 2216 1577 2257 hec
1607 2215 1765 2267 verba,
1797 2226 1992 2268 quorum

224 2297 332 2337 pars
371 2285 574 2327 anterior
612 2287 657 2327 in
696 2286 891 2338 epistola
930 2287 1061 2329 istius
1100 2287 1328 2329 dominice
1368 2287 1425 2329 ad
1464 2299 1597 2329 usum
1636 2286 1992 2329 Cluniacensem

226 2356 444 2398 recitatur
477 2360 524 2398 et
559 2358 785 2409 sequitur:
838 2358 991 2399 Estote
1029 2359 1370 2410 compacientes
1406 2357 1714 2400 fraternitatis
1749 2359 1994 2408 amatores,

227 2426 566 2479 misericordes,
589 2427 790 2469 humiles
815 2461 822 2468 .
859 2461 866 2468 .

342 2497 598 2540 Unanimes
626 2498 763 2551 igitur
792 2498 1081 2550 deponentes
1112 2499 1328 2540 unionem
1359 2533 1367 2541 .
1404 2533 1411 2540 .
1448 2533 1456 2541 .
1485 2510 1578 2541 non
1606 2499 1824 2541 timentes
1850 2497 1994 2540 ullam

226 2567 643 2619 perturbacionem,
676 2571 722 2609 ut
755 2569 941 2620 plenam
973 2570 1345 2611 constantissime
1377 2569 1652 2622 pertingatis
1682 2568 1994 2622 gerendorum

227 2638 421 2680 ecclesie
445 2651 494 2680 ac
517 2638 679 2690 synodi
701 2640 1149 2681 consummacionem
1173 2674 1180 2681 .
1217 2674 1224 2681 .
1261 2674 1268 2681 .
1304 2641 1511 2682 Nitemur
1533 2674 1541 2682 .
1577 2674 1585 2682 .
1622 2640 1784 2693 ,ipsius
1805 2638 1994 2682 unitatis

230 2710 297 2750 <el
333 2708 649 2751 unanimitatis
684 2743 691 2750 .
728 2743 735 2750 .
772 2747 778 2752 .
814 2710 1146 2751 excellenciam
1182 2711 1440 2752 resolucius
1474 2710 1660 2763 aperire
1694 2713 1739 2752 et
1771 2708 1995 2752 honorifi-

227 2780 411 2820 cencius
436 2779 759 2820 commendare
788 2784 833 2821 ut
859 2780 967 2832 quid
993 2780 1198 2822 divinum
1228 2781 1272 2821 in
1300 2794 1390 2822 uno
1416 2793 1599 2834 quoque
1623 2793 1798 2834 genere
1823 2792 1994 2822 rerum.

226 2851 280 2891 Et
317 2850 400 2891 hoc
438 2851 718 2903 conspicitur
755 2852 908 2903 palam
951 2852 993 2891 in
1033 2851 1202 2893 divinis
1241 2855 1285 2893 et
1322 2851 1551 2905 humanis,
1590 2851 1912 2905 spiritualibus
1948 2853 1994 2892 et

226 2921 519 2963 naturalibus
558 2921 601 2961 in
640 2921 976 2973 scripturisque
1015 2921 1183 2964 sanctis
1221 2922 1417 2964 traditur
1455 2926 1500 2964 et
1536 2922 1792 2964 canonibus
1830 2933 1994 2975 appro-

346 3026 376 3067 1)
405 3025 503 3058 Μοη.
530 3026 656 3059 (ι’(>1·ιη.
682 3026 740 3058 NS.
764 3027 819 3066 22,
842 3026 909 3059 365)
936 3037 964 3059 s.
988 3026 1032 3059 24
1052 3026 1096 3068 ΪῘ.
