2102 3444
334 236 418 277 (355
775 227 838 261 111.
868 223 1076 260 Abs-chniu.
1118 220 1268 255 Reform
1299 221 1375 254 und
1406 216 1654 264 Verfassung.

338 353 565 404 prioratus
586 347 892 389 condecenter
910 346 954 383 et
976 343 1183 382 honeste.
1222 339 1332 380 Item
1356 337 1393 380 si
1415 337 1608 380 abbacia
1627 340 1707 380 aut
1726 336 1961 391 prioratus
1983 337 2100 379 indi-

335 425 406 472 ‚cot
433 418 744 471 reparat-ione,
767 414 1046 456 tenebuntur
1069 412 1217 463 ipsam
1240 410 1397 450 facere
1419 407 1526 450 dicti
1546 407 1591 450 d.
1615 408 1879 465 cardinales
1901 407 1961 450 ad
1980 408 2100 450 arbi-

338 493 469 533 trium
523 486 862 528 ordinariorum
915 494 997 523 seu
1050 480 1344 533 superiorum
1385 479 1610 521 dictorum
1651 479 1870 532 locorum,
1911 478 1990 532 qui
2028 479 2100 520 ius

339 561 503 601 liabent
538 571 617 598 cas
652 554 881 605 visitandi,
915 552 991 605 qui
1026 552 1125 593 loca
1160 551 1239 592 illa
1272 549 1525 591 visitabunt
1558 552 1607 591 ut
1639 549 1771 602 prius
1801 561 1889 592 -seu
1921 548 2102 591 visitari

340 625 504 672 iai-imit
530 632 571 669 ct
600 625 822 678 reparari,
848 626 982 677 prout
1008 622 1151 664 fuerit
1176 621 1389 673 racionis,
1415 633 1466 663 ac
1491 622 1743 673 potuerunt
1767 619 1992 662 ordinarii
2016 632 2102 663 seu

336 700 602 751 superiores
627 695 821 749 predicti
846 694 1082 736 firmarios
1109 692 1333 734 dictorum
1360 693 1564 733 locorum
1589 690 1735 733 eciam
1758 703 1847 744 sper
1871 693 2102 733 arrestum

339 772 563 810 srucnium
591 767 647 809 ad
676 764 1004 818 reparaciones
1030 763 1264 816 pre-dictas
1289 761 1598 815 peragendas.
1642 762 1755 804 Item
1782 761 1906 803 idem
1930 761 2102 804 intelli-

334 843 465 890 gatur
495 839 550 879 de
582 837 685 879 aliis
714 835 972 887 beneficiis,
1003 847 1092 887 que
1122 836 1295 887 tenent,
1323 833 1363 875 si
1393 836 1567 874 certum
1597 844 1844 874 numerum
1873 831 2102 874 mini-stro-

337 922 433 950 rum
462 909 635 950 habere
663 906 834 948 debent
856 909 938 947 aut
961 906 1107 946 eciam
1134 903 1438 957 reparacione
1466 903 1719 956 indigeant,
1746 903 1855 956 quia
1878 902 2102 945 ministris

336 981 417 1021 i'iet
439 979 609 1020 decens
628 977 834 1030 provisio
855 980 900 1018 et
921 977 1126 1017 locorum
1147 974 1397 1028 reparatio,
1418 977 1466 1016 ut
1486 973 1740 1028 prefertur.
1776 973 1891 1016 Item
1911 973 2102 1016 abbacia

335 1054 411 1091 aut
446 1050 680 1101 prioratus
716 1048 902 1090 interim
938 1047 1069 1088 nullo
1105 1045 1240 1087 modo
1277 1045 1510 1087 dabuntur
1546 1044 1607 1087 ad
1642 1044 1829 1087 firmam
1867 1044 1998 1087 laicis
2034 1047 2102 1087 set

336 1119 567 1172 religiosis
591 1118 800 1161 eiusdem
825 1117 1015 1159 ordinis.

335 1260 372 1303 2.
406 1260 740 1302 Advisamenta
775 1270 861 1311 per
896 1258 1108 1300 dominos
1144 1257 1392 1309 deputatos
1424 1257 1546 1300 sacri
1582 1256 1767 1311 collegii
1802 1258 1848 1300 et
1883 1256 2102 1300 reforma-

422 1335 569 1373 torum
600 1341 744 1383 super
773 1329 1041 1381 provisione
1072 1327 1380 1370 cardinalium
1412 1329 1469 1371 (le
1500 1341 1618 1371 novo
1649 1327 2014 1383 creandorum.¹)

451 1411 619 1465 Primo,
644 1411 767 1463 quod
789 1410 947 1451 nullus
972 1409 1279 1452 cardinalium
1302 1409 1611 1451 creandorum
1631 1409 1805 1463 poterit
1826 1407 2003 1452 habere
2028 1411 2102 1452 aut

334 1485 494 1523 tenere
528 1481 729 1534 aliquam
761 1481 1008 1523 ecclesiam
1040 1480 1371 1533 parochialem.
1421 1480 1535 1522 Item
1567 1492 1662 1522 non
1693 1479 1935 1523 habebunt
1965 1479 2102 1522 bene-

336 1553 443 1594 ficia
482 1552 650 1605 aliqua,
689 1564 884 1604 quorum
923 1551 1171 1594 cuiuslibet
1210 1550 1341 1593 valor
1382 1563 1608 1594 summam
1647 1550 1770 1592 LXX
1806 1550 1912 1594 libr.
1964 1550 2102 1593 Turo-

334 1623 547 1663 nensium
578 1635 670 1663 non
701 1622 908 1664 excedat.
954 1622 1068 1664 Item
1098 1634 1192 1664 non
1221 1621 1463 1665 habebunt
1493 1621 1741 1675 dignit-ates
1771 1620 1972 1664 maiores
2001 1623 2102 1674 post

335 1693 629 1746 pontificales
664 1694 710 1734 in
744 1693 957 1735 ecclesiis
990 1692 1338 1736 cathedralibus
1373 1705 1457 1734 seu
1489 1693 1777 1746 principales
1812 1693 1861 1734 in
1892 1691 2102 1735 ecclesiis

335 1764 604 1817 collegiatis.
671 1764 785 1805 Item
836 1776 929 1805 non
980 1763 1220 1806 habebunt
1261 1763 1479 1806 abbacias
1519 1767 1597 1807 aut
1632 1763 1869 1817 prioratus
1908 1775 2102 1806 conven-

334 1835 498 1886 tuales,
536 1835 613 1887 qui
649 1834 821 1876 habent
859 1837 1135 1875 conventum
1173 1834 1264 1876 XII
1302 1834 1631 1876 monachorum
1668 1834 1743 1876 vel
1777 1846 1937 1888 supra.
1990 1833 2102 1891 Item

335 1905 488 1947 nullas
527 1904 748 1946 ecclesias
789 1904 1171 1958 metropolitanas
1209 1904 1318 1946 dicti
1354 1903 1399 1949 d.
1442 1904 1708 1947 cardinales
1746 1904 1934 1948 habent.
1990 1904 2102 1946 Item

334 1974 528 2027 quilibet
557 1975 597 2016 d.
624 1975 933 2017 cardinalium
962 1975 1108 2017 eciam
1133 1975 1444 2017 creandorum
1473 1976 1645 2029 poterit
1670 1975 1848 2018 habere
1876 1987 2102 2018 commen-

335 2045 438 2086 dam
482 2058 618 2087 unam
660 2046 796 2087 unius
837 2046 1034 2088 ecclesie
1076 2046 1360 2089 cathedralis
1400 2047 1476 2088 vel
1518 2046 1772 2089 abbacialis
1812 2058 1907 2088 non
1947 2049 2102 2089 tamen

336 2115 703 2168 metropolitane,
730 2116 788 2158 ad
813 2128 949 2168 quam
977 2129 1025 2159 se
1053 2116 1199 2169 possit
1226 2117 1453 2158 reducere
1481 2117 1529 2158 in
1555 2117 1828 2170 antiquitate
1853 2119 1935 2159 aut
1958 2116 2102 2170 qual‘i-

335 2189 425 2226 tate
447 2186 668 2238 temporis
692 2186 934 2239 exigentis.
972 2187 1086 2229 Item
1106 2188 1256 2229 eciam
1278 2186 1574 2241 cathedralis,
1599 2200 1688 2240 que
1710 2186 1855 2230 fuerit
1875 2198 2102 2229 commen-

335 2255 439 2297 data
467 2256 707 2309 cardinali,
734 2269 789 2299 eo
817 2257 1037 2300 defuncto
1062 2259 1136 2299 vel
1163 2258 1357 2300 cedente
1384 2258 1516 2300 nullo
1541 2258 1679 2301 modo
1703 2257 1851 2311 possit
1874 2257 2102 2300 cardinali

336 2326 468 2367 alteri
498 2326 578 2368 illa
603 2327 700 2368 vice
727 2327 775 2368 in
802 2328 1119 2370 commendam
1147 2329 1249 2371 dari
1278 2329 1361 2371 sed
1385 2329 1657 2371 necessario
1682 2329 1853 2372 habeat
1878 2331 1984 2382 post
2007 2341 2102 2371 car-

335 2395 538 2437 dinalem
567 2396 835 2449 episcopum
864 2410 946 2439 seu
976 2398 1400 2442 administratorem
1428 2411 1522 2441 non
1548 2398 1851 2442 cardinalem.

449 2549 488 2590 3.
523 2548 716 2603 Primo—⁵)
742 2550 863 2591 infra
885 2563 1054 2592 annum
1077 2564 1101 2593 a
1117 2551 1197 2593 die
1217 2552 1538 2595 coronacionis
1556 2551 1702 2594 futuri
1723 2552 1889 2594 summi
1909 2550 2102 2594 Romani

336 2618 570 2668 pontificis
614 2618 922 2662 inchoandum
966 2621 1007 2663 d.
1051 2622 1329 2676 cardinales,
1375 2623 1454 2675 qui
1496 2622 1732 2665 beneficia
1760 2621 2102 2675 ecclesiastica,

335 2700 527 2739 quorum
566 2688 755 2743 fructus,
792 2691 1000 2734 redditus
1035 2695 1081 2734 et
1114 2696 1368 2745 proventus
1404 2693 1628 2736 oneribus
1663 2692 1947 2746 supportatis
1981 2692 2102 2735 LXX

337 2758 557 2799 librorum
585 2760 923 2802 Turonensium
949 2763 1155 2804 valorem
1182 2775 1385 2805 annuum
1411 2763 1656 2817 excedunt,
1682 2763 1740 2806 de
1765 2763 1975 2817 presenti
1997 2775 2102 2816 pos-

336 2827 499 2880 sident,
531 2830 812 2872 tenebuntur
843 2832 1073 2874 dimittere
1105 2846 1266 2875 omnes
1294 2838 1342 2877 et
1373 2834 1582 2887 singulas
1611 2834 1836 2876 ecclesias
1866 2833 2101 2887 parrochi-

336 2898 433 2939 ales
463 2902 506 2940 et
536 2901 688 2942 omnia
719 2904 763 2943 et
793 2902 974 2955 singula
1004 2903 1162 2946 officia
1193 2905 1461 2947 claustralia
1491 2904 1756 2947 indistincte
1785 2905 2100 2958 cuiuscunque

454 3040 483 3077 ¹)
517 3039 552 3070 Μ’
586 3039 656 3073 111.

453 3099 483 3135 ·-’)
515 3096 552 3127 lt'
575 3040 600 3138 i.
628 3099 686 3130 101*
712 3098 809 3131 olane
832 3099 1005 3135 leubrico.
