2227 3434
784 95 828 130 A.
867 93 1199 130 Reformtraktate.
1791 95 1876 138 583

226 213 389 256 Utrum
413 217 535 256 secte
561 226 644 257 seu
666 213 782 255 ritus
805 213 979 255 diversi
1002 213 1214 254 diversos
1237 216 1452 255 tenentes
1475 215 1581 255 sunt
1604 212 1875 255 admittendi

110 296 193 326 seu
227 284 488 326 sustinendi
521 284 642 326 ultra
677 284 798 335 illos,
832 284 909 336 qui
946 284 992 324 in
1024 283 1278 335 tranquilla
1311 287 1357 325 et
1389 283 1645 325 universali
1680 282 1876 324 ecclesia

110 354 299 396 fuerunt
335 354 533 397 ordinati
572 353 883 415 seu-instituti
920 357 964 395 et
1001 354 1161 406 regule
1197 366 1357 395 eorum
1393 353 1585 395 fuerunt
1621 353 1877 406 approbate

109 427 155 467 et
176 425 222 466 in
244 424 425 478 signum
446 425 583 467 huius
606 425 747 466 multa
770 425 1017 477 privilegia
1038 425 1108 466 eis
1128 436 1362 475 concessa,
1383 424 1460 477 qui
1483 423 1587 466 aliis
1608 423 1876 476 equiparari

110 494 353 548 studenta),
385 494 493 548 quia
523 494 682 548 paucis
713 494 847 537 annis
878 494 989 536 citra
1022 495 1068 536 in
1100 494 1254 536 Ytalia
1283 497 1329 536 et
1359 495 1405 536 in
1437 494 1636 537 diversis
1667 493 1878 547 partibus

110 564 269 607 mundi
312 566 429 608 ritus
471 565 681 607 diversos
723 565 921 618 fingunt,
966 564 1043 617 qui
1087 565 1253 606 missas
1295 577 1387 607 non
1431 565 1589 606 dicunt
1629 577 1713 607 nec
1756 564 1877 607 forte

111 635 336 689 officiant,
362 639 432 678 set
457 637 606 678 solum
630 635 827 688 fugiunt,
852 638 900 677 ut
925 639 1154 687 asserunt,
1181 648 1396 688 pompam
1423 635 1581 677 mundi
1607 638 1653 677 et
1677 635 1723 676 in
1747 635 1878 676 nullo

109 718 158 749 se
179 710 404 760 occupant
421 707 510 748 nisi
533 707 579 748 in
600 706 691 748 vita
707 706 1077 758 contemplativa,
1093 708 1138 747 et
1152 708 1306 747 tamen
1323 705 1523 758 student,
1538 718 1623 747 nec
1639 705 1879 758 predicant

111 781 268 820 contra
306 777 515 825 hereses,
555 789 645 830 que
685 776 933 828 nescirent,
975 776 1057 818 sed
1096 777 1216 819 tales
1256 788 1305 818 se
1346 776 1543 829 fingunt,
1581 779 1631 818 ut
1670 776 1878 818 laborem

111 846 303 900 fugiant.

228 917 392 960 Utrum
423 918 481 960 sit
509 917 767 970 expediens
798 917 854 959 de
885 930 1005 959 novo
1035 918 1294 970 instituere,
1325 917 1448 970 quod
1478 930 1503 960 a
1532 920 1688 960 cetero
1716 917 1774 959 de
1804 917 1882 959 de-

111 989 277 1030 cennio
301 989 347 1030 in
371 988 647 1030 decennium
670 989 892 1041 generale
917 988 1161 1030 concilium
1185 988 1450 1030 celebretur
1474 988 1531 1030 ad
1556 988 1880 1041 corrigendum

111 1057 322 1101 defectus
345 1062 389 1100 et
412 1059 471 1100 ad
492 1058 821 1111 extirpandum
844 1058 1052 1101 hereses.
1091 1059 1145 1100 Et
1165 1059 1250 1101 hoc
1275 1059 1360 1100 sub
1383 1059 1585 1101 maxima
1607 1071 1730 1112 pena
1754 1058 1880 1100 insti-

112 1132 266 1171 tuatur
303 1132 463 1172 contra
503 1142 686 1182 papam,
728 1130 765 1171 si
806 1130 1084 1182 neglexerit,
1125 1129 1232 1182 quia
1271 1142 1364 1171 non
1404 1129 1620 1181 libenter,
1661 1129 1738 1182 qui
1778 1142 1882 1182 pre-

112 1202 366 1252 cesserunt,
403 1199 646 1242 concilium
681 1198 1047 1254 convocarunt,¹‘)
1087 1200 1169 1242 sed
1205 1213 1328 1253 pena
1363 1200 1550 1253 gravius
1585 1202 1745 1242 contra
1778 1212 1882 1253 pre-

111 1269 243 1323 latos,
275 1270 313 1313 si
343 1271 507 1313 venire
537 1274 929 1323 contempserunt,
960 1271 1050 1314 nisi
1083 1271 1129 1312 in
1162 1271 1342 1313 duobus
1373 1270 1572 1323 casibus,
1604 1270 1727 1323 quod
1757 1270 1882 1323 equi-

111 1343 210 1383 tare
247 1353 341 1382 non
379 1345 572 1394 possent
607 1342 682 1383 vel
722 1341 845 1394 quod
883 1345 984 1384 actu
1022 1345 1181 1384 essent
1219 1341 1394 1382 infirmi
1433 1342 1508 1383 vel
1546 1342 1735 1394 leprosi.
1786 1342 1881 1383 Hec

112 1411 313 1454 scienter
339 1411 453 1465 dico,
481 1413 588 1465 quia
615 1412 867 1465 antiquitus
893 1425 985 1455 non
1013 1413 1256 1454 mittebant
1280 1416 1621 1465 procuratores,
1649 1425 1754 1465 ymo
1779 1424 1882 1465 per-

113 1482 339 1525 sonaliter
361 1483 656 1536 accedebant,
679 1487 729 1526 ut
753 1483 799 1525 in
824 1484 1021 1526 cronicis
1046 1484 1216 1536 legitur
1240 1486 1286 1525 et
1310 1486 1485 1524 certum
1510 1486 1594 1536 est,
1620 1482 1743 1536 quod
1767 1482 1883 1524 fide-

111 1552 201 1595 lius
229 1565 279 1596 se
306 1553 481 1595 habent
506 1554 675 1606 prelati
703 1567 841 1607 quam
867 1557 1206 1606 procuratores.

229 1635 392 1678 Utrum
435 1649 556 1689 papa
598 1636 768 1678 debeat
809 1636 921 1678 dare
964 1636 1198 1678 beneficia
1240 1636 1553 1678 ecclesiastica
1597 1649 1690 1686 seuv
1721 1635 1882 1689 pocius

112 1706 318 1748 vendere
356 1706 414 1749 ad
452 1710 717 1760 requestam
755 1710 1062 1749 mercatorum
1101 1719 1228 1748 mere
1268 1707 1505 1759 laicorum,
1544 1720 1645 1748 cum
1683 1707 1740 1748 de
1780 1708 1881 1748 iure

113 1777 366 1819 secundum
395 1778 576 1830 aliquos
608 1779 694 1831 ipsi
725 1778 827 1820 laici
857 1791 949 1820 non
979 1781 1173 1830 possunt
1202 1778 1275 1819 vel
1305 1791 1397 1819 non
1428 1778 1600 1819 debent
1628 1777 1883 1830 possessio-

112 1859 217 1889 nem
255 1848 450 1891 alicuius
484 1849 705 1890 beneficii
739 1849 1041 1890 ecclesiastici
1078 1848 1303 1902 recipere,
1340 1848 1447 1901 quia
1482 1851 1711 1902 repugnat
1747 1848 1883 1890 statui

111 1930 273 1960 eorum
298 1922 344 1961 et
367 1919 414 1960 in
439 1919 523 1961 hoc
548 1922 674 1961 esset
696 1919 1052 1972 providendum,
1079 1919 1201 1972 quod
1226 1919 1338 1962 talia
1362 1932 1387 1961 a
1413 1922 1569 1961 cetero
1592 1931 1685 1961 non
1710 1918 1882 1961 fierent

112 1988 258 2031 eciam
283 2002 309 2032 a
333 1989 609 2042 dyocesanis
635 1993 718 2032 ete.

228 2071 392 2114 Utrum
417 2071 511 2126 sitss)
538 2084 659 2114 nunc
682 2085 766 2125 pro
790 2085 976 2125 semper
999 2072 1353 2125 providendum,
1379 2072 1501 2125 quod
1523 2085 1644 2125 papa
1668 2074 1883 2114 teneatur

113 2141 357 2184 admittere
381 2142 656 2195 elecciones,
680 2155 994 2196 quascumque
1019 2143 1121 2185 iura
1145 2144 1304 2185 volunt
1328 2144 1531 2195 antiqua,
1557 2142 1756 2185 maxime
1780 2155 1882 2184 cum

114 2212 280 2256 melius
318 2217 596 2266 cognoscant
635 2213 849 2266 capitula,
890 2226 978 2267 que
1019 2217 1125 2256 sunt
1164 2215 1233 2255 eis
1272 2214 1412 2256 utiles
1451 2226 1588 2266 quam
1627 2225 1764 2267 papa,
1803 2214 1880 2266 qui

113 2285 318 2326 remotus
347 2287 435 2326 stat
464 2284 768 2326 communiter
797 2285 854 2327 ab
885 2284 966 2326 eis.
1009 2284 1119 2326 Nam
1150 2285 1187 2327 si
1219 2297 1311 2326 non
1342 2283 1655 2337 provideatur,
1686 2283 1807 2326 forte
1837 2283 1882 2324 in

112 2357 348 2406 posterum
384 2354 472 2397 sibi
507 2355 751 2408 usurpabit
784 2356 1067 2397 eleccionem
1104 2356 1303 2408 imperii,
1339 2354 1462 2407 quod
1496 2354 1697 2397 transire
1732 2356 1882 2407 potest

114 2423 159 2466 in
197 2437 411 2477 magnum
449 2425 652 2468 dedecus
688 2425 926 2468 christiani
964 2426 1141 2479 populi,
1177 2429 1226 2467 ut
1260 2428 1367 2478 pote
1405 2426 1443 2467 si
1479 2425 1657 2467 faceret
1692 2437 1883 2467 consan-

113 2495 330 2548 guineum
354 2495 398 2537 in
423 2495 669 2538 vindictam
695 2496 955 2549 aliquorum
979 2497 1052 2538 vel
1075 2496 1310 2538 hominem
1333 2509 1425 2538 non
1448 2496 1569 2537 bene
1594 2496 1882 2546 catholicum,

113 2565 235 2617 quod
281 2566 523 2618 potissime
570 2570 641 2609 est
688 2567 1004 2609 necessarium
1050 2566 1355 2619 principibus,
1404 2567 1481 2619 qui
1531 2565 1729 2608 ministri
1778 2569 1883 2608 sunt

115 2635 285 2678 Christi
316 2637 362 2678 in
394 2636 723 2689 mundialibus,
754 2638 826 2678 vel
859 2637 896 2679 si
925 2650 1047 2690 papa
1076 2638 1195 2679 tales
1225 2637 1486 2679 elecciones
1514 2636 1714 2689 petierit,
1745 2635 1782 2678 si
1812 2639 1882 2678 est

114 2707 410 2759 conveniens,
437 2707 559 2759 quod
586 2707 673 2749 sibi
702 2711 1017 2761 reserventur,
1044 2720 1133 2760 que
1160 2708 1428 2760 contingere
1454 2706 1657 2760 potuerit
1683 2707 1727 2748 in
1755 2707 1881 2748 curia

114 2779 159 2818 et
185 2776 231 2818 in
256 2777 507 2829 provincia,
536 2778 593 2820 de
620 2790 709 2830 qua
737 2779 836 2831 ipse
864 2779 953 2820 erit
978 2778 1217 2820 oriundus.
1257 2777 1335 2820 Set
1362 2777 1495 2819 michi
1518 2780 1733 2830 apparet,
1760 2776 1880 2829 quod

221 2946 251 2965 a»
285 2940 327 2965 ΙΙκ
357 2939 476 2965 stum-t.
519 2939 603 2971 ΓιιΙῃΙ
633 2938 739 2967 inulti,
770 2939 992 2972 iibri-fliimiss?
1050 2940 1081 2966 b»
1117 2940 1160 2966 lle
1186 2939 1267 2971 l'nlqt
1295 2947 1340 2966 ev.
1383 2939 1426 2963 (111
1456 2939 1486 2964 ct
1512 2940 1623 2964 cetera
1644 2939 1722 2964 mles·
1743 2938 1885 2965 ecelesia

117 2985 194 3011 mles
215 2985 340 3012 eciam?
396 2991 425 3017 c)
448 2986 493 3012 lle
513 2988 597 3012 sunt.
