2102 3444
321 216 404 259 692
754 211 820 245 111.
853 207 1062 244 Abschnitt.
1106 205 1258 241 Reform
1291 205 1367 240 und
1402 194 1650 250 Versassung.

325 333 483 373 loicam
515 334 558 372 et
591 328 841 371 secundum
875 327 974 368 iura
1005 328 1049 367 et
1081 323 1335 366 secundum
1365 324 1645 377 theologiam
1678 323 1882 377 exempli
1912 323 2084 378 gracia:

322 403 365 443 si
392 401 653 454 proposit-io
679 399 733 441 sit
760 398 804 438 in
831 410 970 439 sensu
998 396 1147 437 diviso
1172 394 1426 436 secundum
1452 395 1543 436 vim
1571 394 1686 436 loioe
1712 395 1786 436 vel
1813 395 1851 438 si
1877 395 1935 438 sit
1959 394 2087 437 inde-

325 472 467 518 linita,
501 469 720 521 numquid
757 469 815 510 ita
850 466 1141 519 reputabitur
1174 465 1297 518 apud
1332 466 1434 507 iura
1467 469 1511 507 et
1544 465 1823 519 theologiam
1857 468 1903 508 et
1933 466 2087 519 qualis

324 540 647 593 interpretat-io
681 551 761 580 seu
796 539 865 580 vis
899 536 1127 579 sermonis
1160 536 1232 578 hic
1263 537 1324 578 sit
1356 535 1678 589 insequenda}>

443 613 551 653 ltem
586 614 654 653 est
690 608 1004 661 multiplicitas
1039 619 1205 649 sensus
1240 628 1289 652 ex
1321 618 1427 652 vario
1461 628 1533 652 usu
1564 607 1868 649 terminorum
1901 610 1994 650 tam
2025 617 2086 653 hic

324 695 458 734 quam
498 693 547 725 ibi
588 702 656 734 per
695 692 878 731 doctores,
917 689 1087 732 exempli
1125 688 1252 733 gracia
1290 688 1362 722 iste
1402 688 1588 722 terminus
1628 688 1858 731 ‚proprii
1907 697 2088 722 sacer-

321 765 340 796 d
359 766 404 796 ot
425 763 431 795 i
449 764 476 793 s‘
505 765 538 795 et
570 761 639 795 iste
669 759 854 794 terminus
894 759 916 799 ,l
934 759 976 792 ic
992 768 1051 792 en
1066 768 1083 792 c
1100 760 1107 791 i
1125 768 1146 793 a
1186 769 1209 802 g
1224 767 1244 792 e
1260 768 1282 791 n
1299 767 1319 792 e
1335 768 1354 792 r
1367 768 1388 792 a
1404 758 1415 792 l
1431 758 1442 791 i
1458 759 1499 792 s‘.
1535 747 1729 789 Ponitur
1747 747 1873 789 enim
1895 748 2088 801 proprio

320 821 545 863 sacerdoti
575 824 666 862 tam
696 819 740 860 in
769 818 1094 872 proposicione
1124 819 1274 871 prima
1302 817 1530 860 Johannis
1560 818 1617 860 de
1646 818 1846 871 Poliaco,
1875 831 2013 871 quam
2040 818 2088 860 in

320 897 448 934 sexta
479 891 662 932 illarum
693 893 805 942 octo,
834 893 879 931 et
908 890 944 931 si
974 889 1182 941 capiatur
1209 888 1508 930 uniformiter
1535 888 1608 930 hic
1635 893 1681 932 et
1709 889 1772 930 ibi
1797 892 1847 931 et
1875 889 2089 932 similiter

320 962 362 1003 in
393 961 612 1003 decretali
641 960 812 1013 ,Omnis
840 959 1080 1012 utriusque
1109 959 1279 1012 sexus‘,
1308 959 1545 1001 invenitur
1570 959 1878 1002 contradiccio
1903 961 1978 1002 vel
2003 959 2089 1003 fal-

320 1034 431 1074 sitas
460 1033 503 1073 in
530 1033 690 1083 altera,
717 1032 789 1073 vel
813 1031 855 1073 si
881 1031 1010 1072 varie
1037 1031 1293 1083 capiantur,
1319 1031 1410 1073 erit
1435 1030 1732 1083 equivocacio
1756 1034 1801 1073 et
1821 1031 1890 1074 «ita
1914 1031 2088 1085 glosari

319 1103 562 1156 oportebit,
585 1103 707 1155 quod
728 1105 883 1144 tamen
906 1101 1193 1154 prohibetur.
1229 1101 1362 1143 Unde
1386 1102 1424 1142 si
1448 1102 1676 1144 terminus
1696 1102 1916 1155 pro-prius
1938 1114 2088 1144 sacer-

320 1174 402 1216 dos
435 1173 712 1216 extendatur
744 1173 802 1215 ad
834 1172 1074 1226 proprium
1106 1183 1327 1225 episcopum
1362 1185 1397 1217 et
1431 1185 1601 1217 curatum
1633 1183 1927 1226 parrochialem,
1960 1193 2089 1228 quem-

318 1257 522 1289 admodum
544 1254 701 1298 plurimi
719 1257 873 1288 sumunt
895 1264 940 1288 ex
961 1254 1179 1288 doctoribus
1201 1242 1260 1284 Ed
1276 1242 1551 1284 salvandam
1569 1253 1882 1288 constitucionem
1902 1253 2090 1289 Johannis

320 1327 440 1368 pape
460 1326 629 1359 vicesimi
653 1325 822 1367 secundi,
844 1335 917 1367 que
939 1324 1070 1367 incipit
1093 1334 1171 1365 ,vas
1192 1323 1419 1365 eleccionis‘‚
1441 1326 1597 1365 constat,
1614 1325 1714 1367 quod
1726 1316 1890 1355 Sextus
1907 1324 2089 1359 articulus

320 1385 418 1418 iuter
445 1387 525 1418 octo
555 1393 683 1425 novos,
712 1383 820 1417 cuius
848 1385 1016 1416 assertor
1044 1383 1276 1425 dampnatur
1303 1381 1365 1416 hic
1393 1384 1587 1425 tamquam
1617 1382 1810 1417 hereticus
1838 1382 2090 1417 anathemati-

318 1444 460 1476 zandus
495 1445 529 1476 et
566 1442 797 1475 coercendus
830 1451 900 1484 per
935 1430 1176 1471 braChium
1211 1430 1437 1482 SOCUlflPe,
1470 1443 1526 1475 est
1560 1440 1787 1475 verissimus
1820 1450 1889 1484 pro
1923 1441 2089 1494 secunda

321 1515 438 1554 parte.
481 1512 535 1546 De
562 1512 722 1545 verItate
749 1514 877 1545 autem
906 1510 1030 1553 prime
1056 1511 1177 1554 partis
1203 1521 1280 1545 non
1308 1511 1483 1545 dubitant
1512 1511 1786 1554 mendicantes,
1811 1500 1935 1553 quod
1961 1511 1997 1546 si
2019 1510 2089 1545 fiat

316 1570 507 1604 restriccio
534 1570 648 1604 huius
676 1570 866 1612 complexi
892 1570 1051 1612 ,proprii
1078 1571 1298 1604 sacerdotis‘
1327 1580 1396 1612 pro
1423 1572 1553 1604 curato
1581 1562 1804 1613 parochiali,
1830 1569 1986 1604 videant
2012 1569 2087 1613 ipsi

318 1630 465 1671 tratres,
488 1629 676 1671 quomodo
697 1629 1009 1663 constitucionem
1033 1628 1243 1671 predictam
1265 1638 1344 1670 ,vas
1364 1628 1579 1662 eleccionis‘
1601 1628 1823 1663 concordari
1842 1638 1919 1663 non
1939 1630 2086 1663 extorte

322 1697 387 1720 nec
411 1687 715 1729 preiudicialiter
735 1690 913 1729 poterunt
936 1697 1018 1721 cum
1043 1675 1289 1718 constituto
1307 1687 1451 1729 ,Omnis
1473 1687 1675 1730 utriusque
1699 1686 1837 1721 sexus‘.
1872 1687 1937 1721 Est
1957 1689 2086 1721 autem

320 1745 389 1779 iste
421 1745 602 1779 articulus
636 1748 765 1779 sextus
799 1745 836 1778 in
868 1745 937 1779 hac
972 1746 1111 1780 forma:
1146 1746 1334 1789 ,quamvis
1368 1746 1507 1780 fratres
1538 1745 1698 1780 admissi
1728 1744 1898 1779 habeant
1927 1743 2087 1779 auctori-

319 1806 431 1836 tatem
459 1804 684 1837 absolvendi
714 1806 748 1837 et
777 1803 962 1838 audiendi
990 1804 1264 1847 confessiones,
1293 1807 1422 1839 tamen
1450 1804 1616 1848 populus
1645 1804 1840 1837 subiectus
1867 1813 1944 1838 non
1971 1801 2086 1836 habet

317 1864 542 1903 potestatem
570 1862 776 1896 accedendi
803 1863 850 1896 ad
881 1863 1142 1897 mendicantes
1169 1863 1359 1898 admissos
1387 1863 1470 1896 sine
1498 1862 1657 1897 licencia
1684 1861 1833 1905 proprii
1859 1860 2083 1896 sacerdotis!

440 1920 550 1961 Item
578 1933 815 1973 nunquam
840 1924 1001 1974 staret,
1030 1921 1154 1973 quod
1179 1921 1498 1963 mendicantes
1524 1921 1755 1963 haberent
1780 1933 1921 1963 unam
1949 1920 2087 1962 licen-

318 1990 432 2031 ciam
469 1995 731 2043 separatam
766 1992 824 2033 ab
856 1993 1011 2045 ›alia³¹),
1048 1990 1205 2046 sicutb)
1244 1995 1351 2035 sunt
1381 1992 1475 2034 due
1510 1991 1840 2045 obligaciones.
1891 1991 2087 2044 Insuper

318 2062 475 2113 quinta
502 2062 777 2116 proposicio,
802 2063 842 2104 si
871 2062 1132 2116 indefinite,
1159 2067 1296 2116 prout
1322 2063 1453 2116 iacet,
1480 2063 1596 2106 sicut
1623 2062 1713 2105 alie
1737 2062 1942 2116 quedam
1967 2061 2087 2115 capi-

318 2136 433 2185 atur,
467 2133 708 2175 veritatem
742 2134 882 2175 habet
915 2134 961 2175 in
996 2133 1152 2176 multis
1185 2134 1385 2176 casibus.
1432 2134 1588 2176 Potest
1622 2133 1745 2175 enim
1778 2133 2086 2187 probabiliter

319 2203 406 2243 dici
432 2203 605 2245 incerta
631 2204 864 2246 confessio
889 2204 1009 2247 facta
1036 2205 1275 2257 fratribus,
1301 2208 1393 2247 tam
1419 2217 1478 2246 ex
1504 2204 1639 2247 factis
1664 2217 1839 2258 eorum,
1865 2216 2003 2258 quam
2027 2215 2085 2245 ex

319 2272 432 2315 iure.
474 2274 526 2316 Et
553 2278 751 2328 notetur,
781 2275 905 2327 quod
932 2275 970 2319 si
999 2288 1091 2317 non
1120 2279 1227 2318 sunt
1254 2275 1461 2328 admissi,
1489 2288 1582 2317 non
1610 2275 1785 2317 habent
1811 2277 2085 2328 potestatem

318 2347 361 2385 et
390 2344 550 2396 plures
581 2358 629 2387 se
659 2345 876 2398 ingerunt
905 2349 988 2388 etc.
1018 2358 1103 2388 nec
1133 2349 1311 2389 constat
1339 2346 1540 2400 populis.
1587 2346 1739 2400 Itemss)
1770 2358 1864 2387 non
1891 2347 2086 2399 possunt

318 2413 361 2454 in
395 2427 527 2456 casus
561 2420 838 2459 reservatos.
887 2417 999 2458 Item
1032 2418 1070 2460 si
1104 2420 1210 2459 sunt
1241 2417 1625 2459 excommunicati
1658 2417 1732 2458 vel
1765 2416 2011 2469 interdicti,
2040 2416 2085 2457 et

318 2489 425 2537 quot
451 2486 612 2539 modis,
637 2490 788 2540 potest
810 2487 882 2530 eis
906 2488 1028 2529 ultra
1054 2488 1170 2530 alios
1195 2488 1463 2541 contingere
1490 2486 1588 2542 ded)
1617 2487 1742 2540 Vlla,
1766 2499 1857 2540 que
1884 2485 2084 2540 loquitur

318 2555 373 2597 de
401 2557 624 2598 fratribus
651 2558 951 2610 presentibus
974 2558 1235 2611 privilegia.
1276 2558 1508 2611 Ceterum,
1534 2558 1688 2611 quoad
1714 2558 1958 2611 septimam
1982 2568 2084 2610 pro-

318 2626 599 2677 posicionem
629 2628 830 2670 videnda
859 2632 1018 2671 essent
1047 2632 1215 2671 statuta
1242 2632 1289 2671 et
1315 2632 1486 2682 puncta
1514 2629 1794 2682 religionum
1820 2639 2012 2671 suarum
2040 2628 2084 2668 et

319 2700 524 2738 votorum
560 2701 604 2739 et
641 2699 907 2751 specialiter
941 2700 1065 2741 beati
1103 2699 1350 2752 Francisci,
1386 2703 1540 2741 utrum
1575 2698 1792 2742 videlicet
1826 2699 1912 2741 ista
1947 2697 2084 2752 privi-

319 2767 436 2819 legia
464 2768 554 2809 sint
579 2768 661 2820 eis,
690 2769 803 2810 sicut
829 2770 985 2811 multis
1012 2773 1220 2824 apparet,
1248 2771 1295 2811 in
1323 2770 1478 2823 aliquo
1505 2770 1750 2812 contraria.

436 2838 628 2880 Demum
667 2839 773 2891 quia
812 2840 985 2881 furtum
1023 2843 1068 2882 et
1106 2841 1271 2893 rapina
1310 2841 1431 2882 bene
1471 2840 1590 2882 fiunt
1629 2839 1948 2884 subtrahendo
1982 2838 2082 2880 iura

318 2907 472 2949 debita
496 2910 742 2960 presertim
767 2923 791 2952 a
813 2910 999 2953 Christo
1023 2911 1243 2963 instituta,
1268 2912 1305 2953 si
1330 2911 1419 2953 iuri
1442 2912 1730 2964 prelato-rum
1753 2914 1799 2953 et
1818 2912 2081 2953 cura-torum

319 2978 508 3019 Romani
532 2979 778 3031 pontifices
800 2981 1026 3034 derogant
1045 2994 1132 3034 per
1155 2981 1378 3034 predicta,
1400 2994 1558 3024 nonne
1578 2985 1625 3024 et
1643 2981 1951 3023 concedentes
1971 2979 2081 3022 talia

422 3076 451 3094 ιιι
472 3072 525 3095 stu
548 3070 615 3096 illu.
663 3071 694 3101 b>
716 3070 801 3098 ,sicut
821 3094 827 3099 .
848 3091 854 3098 .
875 3092 880 3098 .
901 3072 968 3102 obl,
987 3072 1067 3105 fehlt
1090 3072 1156 3103 Λς’(ιι,
1177 3072 1283 3105 dusiis·
1303 3080 1410 3106 ymmo
1433 3072 1564 3099 videtur
1584 3072 1645 3099 hoc
1666 3079 1764 3107 posse
1786 3073 1876 3100 stare
1898 3071 1986 3100 sicut
2005 3063 2095 3098 sunt'

317 3115 377 3141 ‹luc
399 3115 633 3150 obligacioncs.
691 3121 718 3149 c)
739 3118 824 3144 l-'chlt
846 3119 884 3147 Α.
943 3119 974 3152 d)
997 3118 1035 3146 de
1057 3141 1062 3146 .
1084 3139 1089 3144 .
1111 3118 1288 3153 privilegia
1308 3119 1389 3152 fehlt
1410 3120 1448 3153 A,
1470 3120 1506 3147 B.
