2227 3434
558 201 596 235 B.
633 201 710 236 Der
732 200 831 235 liber
853 202 1045 244 gestorum
1070 199 1139 232 des
1160 197 1403 234 Cerretanus.
1778 197 1862 239 247

98 322 225 364 nium
257 320 516 371 nacionum,
548 318 670 372 quod
703 318 852 361 solum
884 316 1066 359 articuli
1099 328 1240 368 super
1274 315 1496 368 symonia,
1530 313 1864 367 dilapidatione

98 391 326 434 bonorum
357 390 563 433 Romane
598 392 643 431 et
676 389 873 431 aliarum
907 387 1224 438 ecclesiarum,
1257 385 1458 427 fautoria
1492 384 1725 438 presentis
1758 383 1866 426 scis-

100 463 236 506 matis
257 465 304 504 et
325 459 723 514 incorrigibilitate
749 459 855 511 vite,
879 457 1062 500 omissis
1087 457 1192 500 aliis
1216 455 1423 499 articulis
1448 454 1749 507 scandalosis,
1773 455 1865 507 legi

99 536 144 575 et
169 532 397 586 publicari
423 531 650 573 deberent
676 533 722 572 et
747 530 803 571 de
831 529 899 571 eis
927 530 972 570 in
999 528 1236 570 sentencia
1263 527 1443 568 mencio
1469 525 1592 578 fieri,
1620 524 1866 567 dummodo

102 604 202 657 ipse
227 603 269 645 d.
293 615 415 656 papa
439 602 677 644 Johannes
702 599 873 641 XXIII.
899 599 1118 641 articulos
1144 598 1231 641 sibi
1258 597 1481 651 legendos
1506 600 1551 638 et
1575 595 1867 638 exhibendos

100 674 405 717 confiteretur
445 676 490 715 et
530 672 767 715 sentencie
808 673 967 712 contra
1007 682 1113 711 eum
1150 668 1348 710 ferende
1390 667 1719 721 acquiesceret.
1771 666 1868 718 Qua

101 744 396 788 conclusione
431 744 495 786 sic
527 742 648 785 facta
681 742 816 784 electi
849 744 893 783 et
927 740 1133 794 deputati
1168 743 1272 782 sunt
1305 740 1509 792 quinque
1544 751 1603 780 ex
1635 736 1792 780 revmiS
1825 737 1866 779 d.

102 829 135 858 s.
171 816 220 860 R.
257 828 296 858 e.
333 814 664 866 cardinalibus,
700 812 916 855 videlicet
951 812 992 854 d.
1030 811 1264 853 Jordanus
1301 810 1548 863 episcopus
1583 808 1868 851 Albanensis

101 886 158 929 de
191 886 390 939 Ursinis,
424 885 590 927 Petrus
624 884 744 926 tltuli
779 884 923 926 sancti
958 881 1206 935 Grisogoni
1241 881 1606 932 Cameracensis,
1639 879 1869 921 Antonius

99 957 221 1000 tituli
248 959 405 999 sancte
435 955 606 999 Cecilie
636 955 693 997 de
724 954 939 996 Challant
967 952 1245 1006 presbyteri,
1274 951 1510 993 Amedeus
1538 953 1692 993 sancte
1726 949 1868 991 Marie

100 1028 225 1071 Nove
256 1028 312 1069 de
345 1026 541 1070 Saluciis
572 1030 617 1068 et
647 1026 923 1068 Franciscus
955 1026 1218 1066 sanctorum
1252 1022 1416 1065 Cosme
1450 1025 1496 1064 et
1526 1021 1740 1063 Damiani
1769 1020 1871 1062 Flo-

103 1099 315 1141 rentinus
341 1097 536 1150 diaconi,
563 1110 597 1139 s.
624 1097 674 1139 R.
700 1109 740 1138 e.
766 1095 1044 1147 cardinales,
1070 1095 1148 1148 qui
1174 1094 1232 1136 ad
1256 1093 1514 1147 predictum
1542 1093 1582 1134 d.
1609 1092 1869 1135 Johannem

102 1182 270 1224 papam
293 1169 466 1211 XXIII.
492 1180 542 1211 se
565 1167 781 1210 conferre
805 1170 851 1209 et
871 1166 1127 1220 predictam
1151 1165 1495 1207 conclusionem
1521 1163 1607 1206 sibi
1630 1162 1868 1216 explicare

101 1244 147 1283 et
173 1241 231 1283 ab
258 1240 423 1283 eodem
450 1240 701 1292 explorare
729 1239 969 1290 deberent,
998 1250 1056 1279 an
1082 1235 1304 1290 prediCtis
1332 1236 1630 1288 acquiescere
1656 1234 1811 1275 vellet.

219 1312 304 1354 Die
327 1312 481 1364 itaque
506 1311 623 1353 iovis
644 1309 817 1351 XXIII.
833 1308 1009 1351 mensis
1029 1308 1132 1350 Maii
1148 1312 1253 1360 post
1267 1306 1514 1360 prandium
1531 1305 1701 1358 prefati
1717 1304 1760 1346 d.
1777 1316 1872 1346 car-

102 1383 284 1426 dinales
311 1382 368 1424 de
395 1381 672 1424 Constancia
699 1382 786 1422 iter
813 1379 1094 1433 arripientes
1119 1378 1286 1420 eadem
1312 1377 1386 1419 die
1415 1377 1473 1419 ad
1499 1379 1699 1418 castrum
1726 1375 1871 1426 Celle,

104 1453 183 1496 ubi
225 1453 437 1507 prefatus
481 1452 522 1494 d.
567 1452 807 1494 Johannes
848 1463 971 1504 papa
1014 1449 1186 1491 XXIII.
1231 1449 1316 1491 sub
1360 1447 1565 1490 custodia
1609 1446 1870 1497 tenebatur,

97 1527 430 1578 pervenerunt,
459 1522 784 1575 constitutique
817 1522 862 1563 in
895 1521 995 1564 eius
1026 1521 1272 1574 presencia
1304 1519 1392 1562 sibi
1422 1516 1745 1560 reverenviam
1774 1528 1867 1558 non

102 1599 149 1639 ut
181 1608 302 1650 pape
336 1595 669 1646 exhibuerunt;
705 1606 798 1636 non
832 1592 956 1634 enim
991 1592 1162 1645 pedum
1198 1590 1281 1633 sed
1315 1591 1463 1633 solum
1499 1601 1662 1631 manus
1697 1591 1741 1630 et
1775 1587 1869 1630 oris

101 1667 332 1710 osculacio
368 1665 598 1720 permissa
637 1665 725 1707 fuit
764 1664 941 1707 eisdem
980 1676 1065 1716 per
1104 1662 1319 1705 custodes
1359 1661 1417 1703 ad
1454 1672 1575 1714 pape
1615 1659 1870 1701 custodiam

101 1738 363 1792 deputatos;
390 1749 669 1789 causamque
695 1748 907 1778 accessus
934 1735 1141 1788 ipsorum
1165 1733 1519 1786 explicaverunt
1544 1730 1711 1783 eidem,
1736 1729 1870 1771 cedu-

101 1810 285 1863 lamque
324 1807 727 1860 infrascriptorum
767 1806 1191 1849 advisamentorum
1231 1816 1372 1856 super
1411 1802 1546 1844 modo
1585 1799 1868 1855 procedendi

101 1883 260 1923 contra
284 1892 400 1932 sum,
425 1883 474 1921 ut
498 1891 600 1921 eam
627 1878 924 1931 approbaret,
951 1877 989 1919 si
1014 1876 1170 1928 vellet,
1195 1874 1489 1917 tradiderunt
1515 1873 1681 1914 eidem.

217 1950 484 2004 Sequuntur
511 1953 637 1991 certa
663 1948 981 1991 advisamenta
1009 1959 1150 2000 super
1176 1946 1312 1988 modo
1339 1943 1624 1998 procedendi
1652 1943 1697 1984 in
1724 1941 1871 1995 inqui-

103 2021 274 2064 sicione
307 2024 466 2064 contra
497 2020 539 2063 d.
571 2020 833 2062 Johannem
864 2031 1031 2072 papam
1064 2017 1236 2059 XXIII.
1269 2029 1353 2070 per
1383 2004 1627 2057 concilium
1660 2013 1871 2055 inchoata

103 2093 269 2146 primo:
312 2092 599 2145 compleatur
627 2103 876 2144 processus
906 2088 1176 2142 recipiendo
1204 2090 1347 2130 testes
1377 2099 1518 2139 super
1546 2084 1761 2128 omnibus
1788 2083 1871 2125 cri-

105 2164 306 2206 minibus
334 2163 423 2207 sibi
451 2162 643 2205 obiectis
671 2165 716 2204 et
745 2164 990 2204 serventur
1019 2159 1110 2202 alia
1138 2161 1399 2212 opportuna
1427 2169 1573 2209 usque
1603 2156 1661 2198 ad
1690 2157 1872 2198 senten-

105 2236 219 2278 ciam
243 2233 494 2278 exclusive.
535 2232 723 2274 Interim
747 2234 964 2285 poterunt
988 2231 1131 2283 aliqui
1156 2229 1365 2272 eiusdem
1391 2227 1523 2270 amici
1547 2230 1591 2269 et
1613 2225 1872 2268 familiares

105 2318 197 2348 non
225 2318 283 2349 ex
311 2308 442 2359 parte
472 2304 652 2347 concilii
680 2303 763 2345 sed
792 2316 817 2345 a
846 2315 895 2345 se
923 2302 1037 2355 ipsis
1067 2301 1192 2354 loqui
1221 2313 1320 2342 cum
1350 2300 1452 2352 ipso
1479 2296 1770 2341 ostendendo
1796 2308 1873 2349 pe-

106 2376 265 2430 ricula,
297 2388 387 2429 que
419 2376 509 2418 sibi
541 2374 795 2427 imminent,
827 2374 865 2416 si
897 2373 1008 2414 velit
1041 2375 1163 2415 stare
1197 2371 1242 2412 in
1275 2370 1549 2412 resistencia
1581 2371 1739 2410 contra
1771 2379 1873 2409 con-

107 2447 261 2490 cilium
300 2450 345 2489 et
386 2450 544 2489 contra
584 2445 735 2499 ipsum
776 2456 1059 2498 processum,
1101 2442 1208 2496 quia
1249 2441 1443 2483 crimina
1484 2442 1589 2482 sunt
1629 2437 1789 2492 gravia
1829 2440 1873 2478 et

108 2518 317 2561 enormia
351 2521 396 2559 et
429 2530 522 2559 non
557 2516 807 2568 dubitatur,
842 2514 965 2568 quod
1000 2517 1076 2556 aut
1113 2514 1203 2555 iam
1239 2512 1432 2566 probata
1469 2513 1574 2554 sunt
1609 2513 1685 2552 aut
1720 2509 1872 2551 statim

109 2589 247 2642 plene
283 2588 606 2642 probabuntur
642 2599 726 2640 per
762 2589 920 2638 testes,
956 2586 1033 2638 qui
1070 2585 1160 2626 iam
1196 2582 1448 2625 examinati
1486 2584 1592 2623 sunt
1627 2583 1671 2622 et
1707 2578 1872 2621 cotidie

109 2659 446 2702 examinantur.
494 2657 628 2700 Unde
664 2658 834 2711 poterit
869 2656 1045 2707 venire,
1082 2655 1205 2708 quod
1240 2666 1332 2696 non
1368 2654 1517 2696 solum
1553 2652 1813 2705 deponetur
1848 2661 1873 2690 a

109 2733 294 2784 papatu,
326 2729 409 2773 sed
441 2729 578 2772 etiam
611 2727 1027 2781 condempnabitur
1060 2726 1119 2768 ad
1149 2728 1402 2779 perpetuos
1436 2734 1647 2765 carceres
1680 2724 1724 2763 et
1758 2720 1874 2762 alias

110 2811 256 2852 penas
281 2799 534 2853 graviores,
562 2802 698 2852 prout
723 2798 877 2852 exiget
904 2801 1070 2840 natura
1097 2795 1357 2838 criminum:
1386 2798 1431 2836 et
1458 2807 1515 2835 ex
1542 2793 1626 2834 hoc
1653 2790 1874 2833 suadetur

112 2869 214 2924 sibi,
245 2871 367 2925 quod
396 2871 508 2913 velit
538 2883 630 2912 non
662 2869 928 2921 dissentire,
959 2881 1111 2921 ymmo
1142 2878 1367 2919 expresse
1400 2863 1662 2917 approbare
1695 2860 1875 2914 deposi-

112 2939 289 2984 cionem
315 2953 444 2984 suam
472 2941 518 2982 in
543 2943 730 2994 papatu,
756 2942 1000 2993 postquam
1027 2938 1147 2980 facta
1175 2936 1316 2978 fuerit
1342 2935 1476 2977 modo
1506 2932 1814 2985 infrascripto.

229 3012 284 3054 Et
317 3012 355 3054 si
392 3011 642 3065 aparuerit,
678 3010 800 3064 quod
835 3011 946 3052 velit
982 3008 1235 3062 persistere
1271 3007 1316 3048 in
1352 3003 1710 3047 contradictione
1746 3005 1789 3043 et
1825 3014 1873 3043 se

114 3093 349 3134 opponere
379 3082 617 3136 processui
646 3082 718 3123 vel
749 3079 985 3123 sentencie
1013 3077 1340 3132 deposicionis,
1368 3079 1474 3118 tunc
1502 3073 1745 3117 concilium
1774 3084 1876 3125 pro-
