2102 3444
318 121 400 163 736
753 115 820 149 III.
852 114 1062 150 Abschnitt.
1104 113 1258 148 Reform
1291 114 1369 148 und
1401 113 1649 159 Verfassung.

439 235 774 289 Respondetur,
803 233 926 286 quod
952 233 1038 274 hec
1064 244 1157 273 non
1184 235 1257 274 est
1284 244 1403 274 nova
1431 232 1678 288 institucio,
1704 246 1858 286 ymmo
1884 237 1956 276 est
1982 247 2088 289 apo-

322 310 479 351 :,[‹›lit·;1
504 312 546 350 et
572 308 617 347 in
641 306 792 359 primo
812 304 1010 346 concilio
1031 303 1257 356 generali,
1281 302 1359 344 ubi
1384 304 1581 356 apostoli
1605 304 1823 347 Mathiam
1848 306 1947 348 loco
1969 305 2090 348 ,Jude

322 382 622 430 surrogarunt
665 380 708 418 et
750 376 806 416 de
851 374 1259 427 surrogacion‘ibus
1300 373 1628 416 deficiencium
1671 376 1997 429 episcoporum
2039 389 2090 419 se

324 450 670 491 inii-omiserunt
692 445 807 489 sicut
829 448 875 487 et
901 444 1117 487 Mathiam
1139 447 1184 487 et
1207 444 1338 498 alios,
1362 448 1409 487 ut
1432 444 1479 486 in
1501 446 1680 488 actibus
1700 447 2032 499 apostolorum.

438 522 590 567 Sexto,
626 520 817 570 propter
854 516 1127 557 varietatem
1160 515 1417 557 electorum
1449 520 1612 569 posset
1647 517 1779 570 sequi
1818 517 2011 560 infamia
2047 522 2092 561 et

322 590 524 642 suspicio
557 590 600 629 in
632 587 839 640 concilio,
870 599 959 639 que
990 586 1179 628 omnino
1208 589 1316 628 sunt
1347 587 1656 639 precavende.

440 659 777 712 Respondemr,
811 658 934 710 quod
967 658 1038 699 hic
1071 670 1164 699 non
1196 661 1268 700 est
1300 657 1501 699 varietas
1536 658 1789 700 electorum
1823 671 1909 702 nec
1941 662 2094 712 potest

325 731 452 783 sequi
491 730 693 783 suspicio
728 742 812 771 nec
849 729 1056 781 infamia,
1097 731 1141 770 ut
1178 728 1448 770 auctoritate
1482 732 1531 771 et
1567 729 1667 771 iure
1703 730 1887 771 concilii
1924 730 1973 772 *in
2009 730 2094 772 hac

323 802 563 853 electione,
598 800 824 843 adversus
859 812 994 852 quam
1030 799 1189 842 nullus
1224 812 1274 841 se
1310 799 1501 853 oppon-it
1534 812 1621 842 nec
1653 800 1871 854 opposuit
1903 802 1962 843 ab
1995 804 2094 844 0010

324 872 561 913 mensibus
590 872 716 913 citra.

439 944 657 996 Septimo,
694 942 943 984 universus
976 942 1180 994 populus
1216 944 1431 994 expectat
1464 942 1782 995 provisionem
1817 955 1940 996 pape
1975 946 2021 986 et
2053 944 2094 985 si

324 1015 635 1056 diverteretur
660 1013 718 1055 ad
745 1014 851 1065 alia,
879 1013 1154 1065 desperaret
1180 1012 1370 1054 omnino
1395 1016 1478 1055 010.

440 1084 778 1137 Respondetur,
816 1084 938 1136 quod
974 1083 1181 1137 provisio
1215 1083 1409 1125 Romani
1444 1083 1682 1136 pontificiis
1716 1097 1811 1126 non
1845 1087 1918 1127 est
1951 1088 2096 1127 retar-

324 1156 474 1198 danda
503 1168 586 1196 nec
615 1155 879 1196 retardatur
907 1158 1098 1207 propter
1125 1155 1243 1196 hanc
1271 1154 1695 1208 confirmacionem,
1724 1168 1813 1208 que
1842 1156 1979 1198 unico
2004 1168 2096 1198 mo-

324 1231 476 1269 mento
503 1230 654 1280 potest
679 1226 909 1278 expediri,
936 1229 1006 1268 set
1031 1225 1297 1267 retardatur
1323 1229 1515 1279 propter
1541 1226 1713 1267 bonum
1740 1227 1929 1269 unionis
1952 1227 2097 1268 eccle-

325 1298 390 1339 sie
413 1301 457 1340 ct
479 1301 525 1340 111
549 1297 768 1339 accedant
789 1296 963 1338 domini
986 1296 1043 1337 de
1065 1297 1273 1349 Jspassnya
1295 1309 1396 1338 cum
1418 1297 1503 1339 hoc
1525 1297 1722 1339 concilio
1737 1297 1801 1339 ad
1822 1297 2096 1340 eiectionem

327 1369 448 1410 l’etri
477 1369 534 1410 de
562 1368 691 1410 Luna
718 1372 763 1411 et
788 1368 872 1409 1100
898 1368 1023 1409 clare
1052 1370 1229 1410 constat
1251 1380 1314 1409 ex
1341 1367 1555 1420 capitulis
1580 1380 1668 1421 per
1693 1368 1897 1423 omnesa)
1927 1368 1985 1410 de
2012 1368 2097 1410 hoc

325 1452 454 1481 sacro
482 1439 676 1480 concilio
702 1438 878 1481 iuratis.

441 1510 621 1563 Octavo,
654 1510 797 1562 aliqui
829 1510 1065 1562 eliguntur
1094 1521 1181 1563 per
1208 1509 1439 1552 secularis
1466 1509 1712 1563 vpotestatis
1738 1510 1953 1564 «abusum,
1984 1513 2030 1553 et
2057 1509 2098 1552 si

323 1594 415 1622 non
446 1581 838 1624 confirmarentur
869 1581 988 1623 tales
1018 1581 1286 1634 electiones,
1318 1580 1480 1623 talium
1508 1581 1773 1635 :principum
1804 1581 2098 1623 incurrerent

325 1651 673 1704 indignaciones
701 1655 782 1696 010.

442 1722 782 1776 Respondetur,
805 1722 928 1776 quod
949 1723 1035 1764 hec
1058 1721 1224 1765 electio
1246 1735 1340 1765 non
1361 1726 1434 1765 est
1454 1722 1576 1765 facta
1596 1735 1683 1776 per
1705 1723 1951 1776 potestatis
1969 1735 2098 1766 secu-

325 1794 437 1835 laris
469 1793 663 1836 abusum
692 1806 778 1835 nec
809 1794 865 1835 de
897 1797 1132 1847 presente,
1163 1793 1241 1847 qui
1270 1793 1510 1847 principes
1536 1794 1688 1847 potuit
1712 1806 2020 1847 commovere,
2049 1796 2098 1836 ut

325 1877 429 1905 eum
458 1864 667 1906 facerent
694 1865 819 1918 eligi,
848 1865 932 1907 sed
960 1864 1081 1907 facta
1109 1868 1179 1907 est
1206 1865 1264 1906 de
1292 1868 1514 1918 presente
1541 1865 1588 1906 in
1616 1865 1701 1907 hoc
1724 1864 1924 1907 concilio
1948 1867 1994 1907 et
2021 1863 2098 1918 qui

325 1939 429 1977 ante
461 1936 737 1978 electionem
769 1948 899 1978 suam
930 1935 1089 1977 decem
1120 1936 1362 1978 mensibus
1392 1948 1591 1989 presens
1621 1935 1776 1979 fuerat
1803 1935 1852 1977 =in
1883 1935 1967 1978 hoc
1995 1947 2099 1977 con-

326 2006 430 2048 cilio
450 2010 496 2048 et
517 2007 706 2048 omnino
727 2006 1021 2048 vocacionem
1037 2007 1294 2060 ignorabat.
1330 2006 1554 2049 Preterea
1567 2007 1609 2048 si
1624 2007 1709 2048 hec
1721 2006 1851 2048 racio
1863 2007 2098 2059 militaret,

327 2080 616 2131 sequeretur,
650 2077 773 2130 quod
803 2090 1042 2130 nunquam
1070 2081 1201 2120 esset
1231 2078 1399 2120 electio
1429 2078 1503 2119 vel
1537 2077 1839 2120 confirmacio
1869 2076 2098 2130 facienda,

326 2161 383 2189 ne
414 2149 655 2201 potestatis
684 2149 914 2192 secularis
946 2149 1254 2191 interveniret
1286 2149 1459 2191 abu-sus
1491 2152 1535 2191 et
1565 2161 1676 2190 vere
1707 2161 1810 2190 cum
1840 2148 2099 2202 Augustino

329 2219 605 2272 responderi
648 2223 814 2273 potest,
858 2220 981 2273 quod
1023 2219 1165 2262 nichil
1207 2223 1300 2262 tam
1344 2223 1566 2272 sanctum,
1608 2219 1753 2261 nichil
1795 2222 1888 2262 tam
1925 2218 2098 2261 iustum

327 2290 560 2342 nichilque
590 2295 681 2333 tam
711 2290 1011 2343 racionabile,
1040 2290 1113 2332 cui
1142 2303 1235 2332 non
1263 2291 1411 2343 possit
1435 2290 1674 2343 pernicies
1704 2289 1915 2343 irrogari.

444 2361 572 2402 Nono
604 2361 806 2403 maiores
841 2373 978 2403 cause
1013 2362 1070 2403 ad
1104 2374 1333 2403 summum
1366 2360 1637 2414 pontificem
1672 2363 1779 2403 sunt
1811 2359 2099 2412 refferende‚

329 2443 438 2483 ergo
465 2435 509 2473 et
536 2431 792 2474 refferatur
820 2432 906 2474 ista
934 2432 993 2474 ad
1018 2445 1188 2485 papam
1217 2435 1300 2474 etc.

445 2502 784 2555 Respondetur,
821 2503 945 2555 quod
979 2504 1181 2546 maiores
1216 2515 1354 2546 cause
1391 2506 1497 2545 sunt
1533 2502 1592 2545 ad
1619 2514 1793 2556 papam
1828 2505 1873 2544 et
1908 2499 2098 2544 concilia

327 2573 566 2623 generalia
595 2573 884 2615 refferende.
929 2574 1057 2616 Multi
1083 2586 1286 2627 namque
1313 2574 1508 2615 Romani
1537 2572 1786 2626 pontifices
1811 2574 2030 2615 errarunt
2053 2573 2098 2614 et

328 2643 578 2685 novissime
617 2644 856 2686 Johannes
890 2648 1086 2697 *propter
1120 2657 1205 2686 sua
1243 2644 1469 2687 demerita
1502 2647 1577 2686 est
1610 2643 1866 2697 depositus,
1904 2640 2097 2685 ecclesia

329 2716 481 2754 autem
515 2714 796 2757 universalis
828 2727 1067 2767 nunquam
1101 2716 1275 2758 erravit
1308 2727 1394 2757 nec
1427 2715 1605 2757 errabit
1638 2715 1685 2756 in
1718 2717 1946 2757 eternum.
1992 2713 2097 2754 Pre-

330 2786 456 2824 terea
488 2784 658 2825 domini
691 2784 954 2828 cardinales
985 2789 1077 2828 met
1107 2789 1416 2838 procurarunt
1446 2786 1492 2827 in
1523 2785 1852 2827 reformatorio
1881 2781 2098 2836 restringi

328 2857 601 2905 potestatem
622 2868 757 2908 pape,
777 2859 825 2898 ut
845 2857 1046 2898 maxima
1068 2857 1168 2899 sine
1189 2856 1395 2899 conciliis
1414 2856 1717 2910 generalibus
1738 2858 1784 2899 et
1801 2856 1978 2898 maiora
1997 2853 2098 2896 sine

332 2923 536 2975 ipsorum
566 2925 855 2968 dominorum
883 2927 1191 2969 cardinalium
1219 2939 1476 2970 consenssu
1503 2939 1597 2969 non
1625 2927 1775 2980 possit
1800 2925 2040 2979 expedire.

436 3034 465 3059 a)
489 3028 576 3061 Folyt
599 3028 788 3063 iiberlliissiy
808 3031 848 3056 et.
