2227 3434
624 198 663 233 B.
701 196 948 232 Avisamente
973 197 1042 231 der
1065 194 1382 229 Reformatorien.
1801 195 1886 236 695

122 315 293 368 sexus‘,
321 316 430 369 quia
457 315 609 368 stabit,
638 315 761 368 quod
788 315 946 357 nullus
972 312 1271 356 confitebitur
1298 325 1383 354 nec
1409 311 1625 354 confiteri
1653 311 1888 353 tenebitur

123 389 201 428 aut
236 386 283 428 in
318 386 422 428 foro
453 385 719 439 penitencie
758 398 841 428 suo
878 384 1101 427 subicitur
1137 387 1308 435 curato,
1345 382 1453 436 quia
1489 382 1659 435 poterit
1694 381 1889 434 quilibet

122 456 418 510 privilegiato
447 455 662 498 confiteri
694 459 740 498 et
771 455 1024 503 secundum
1055 455 1140 496 hoc
1170 453 1467 507 privilegium
1500 452 1718 494 sufficiet.
1764 451 1890 492 Licet

124 526 247 568 enim
270 539 393 580 papa
417 539 508 568 non
535 526 680 579 possit
705 539 730 568 a
761 525 1128 567 Mendicantibus
1153 525 1293 566 talem
1319 536 1377 565 ex
1400 522 1650 576 privilegio
1675 522 1763 565 sibi
1787 534 1890 563 con-

124 609 303 639 cessam
328 599 603 650 potestatem
630 596 834 649 auferre,
860 596 969 648 quia
997 596 1125 637 illam
1151 607 1244 636 non
1271 607 1356 648 per
1382 593 1678 647 privilegium
1706 593 1763 635 ab
1791 592 1892 645 ipso

124 680 260 721 papa,
294 668 379 710 sed
414 680 440 710 a
475 667 659 710 Christo
691 679 751 708 ex
787 669 932 708 status
968 666 1038 708 sui
1072 665 1235 707 ordine
1271 664 1511 707 essentiali
1548 664 1813 706 habuerunt
1847 665 1891 704 et

123 737 297 780 habent
324 751 384 780 ex
410 737 633 790 primaria
661 736 956 780 institucione
985 736 1196 788 ecclesie,
1224 739 1273 777 ut
1302 747 1443 788 supra
1473 735 1642 776 dictum
1672 737 1754 785 est,
1784 733 1892 774 item

125 808 228 851 iura
251 821 344 850 non
370 808 542 850 debent
567 807 844 859 claudicare,
871 810 919 848 ut
944 807 1177 859 obligetur
1202 805 1416 848 dominus
1444 818 1593 858 servo,
1620 817 1713 846 non
1740 806 1893 846 autem

126 890 290 922 servus
316 878 456 934 sivea)
488 877 701 920 subditus
728 879 802 919 vel
833 877 1029 919 inferior
1058 877 1246 919 domino
1272 889 1355 919 suo
1382 879 1452 918 set
1480 878 1683 917 mutuam
1710 885 1894 916 omnem

125 962 230 992 esse
266 949 616 1003 obligacionem,
651 952 714 1001 ut,
752 947 1141 1001 quemadmodum
1177 944 1433 1000 dominus¹‘)
1474 945 1708 987 subditum
1744 947 1895 998 prote-

125 1033 236 1074 gere
266 1023 315 1063 et
345 1021 480 1073 tueri,
513 1020 573 1062 ita
607 1018 819 1061 subditus
853 1018 1038 1061 domino
1071 1017 1263 1060 obedire
1297 1018 1428 1058 illum
1463 1029 1628 1058 revera
1662 1019 1707 1057 et
1738 1027 1894 1057 amare

125 1093 323 1134 tenetur.
365 1091 420 1133 Et
446 1091 566 1134 sicut
594 1093 754 1143 pastor
783 1089 1014 1142 obligatur
1044 1101 1154 1131 oves
1187 1100 1295 1130 suas
1324 1100 1518 1140 pascere
1546 1090 1593 1129 et
1623 1099 1648 1128 a
1676 1085 1895 1128 sordibus

128 1161 350 1204 viciorum
377 1173 593 1215 purgare,
622 1161 685 1204 sic
713 1163 837 1202 certe
866 1160 1130 1212 obligantur
1159 1171 1269 1201 oves
1298 1158 1517 1200 alimonia
1546 1170 1571 1199 a
1600 1170 1684 1199 suo
1710 1159 1896 1210 pastore

128 1231 370 1286 requirere
401 1235 447 1274 et
478 1245 586 1274 suas
619 1231 796 1284 sordes,
828 1234 878 1273 ut
907 1230 1079 1283 abluat,
1111 1229 1180 1271 illi
1212 1229 1447 1282 detegere.
1491 1228 1581 1270 Nec
1613 1226 1896 1270 racionabile

127 1306 208 1346 -aut
234 1303 403 1346 iustum
431 1315 536 1345 esse
564 1305 730 1356 potest,
757 1305 805 1343 ut
833 1301 1041 1343 solvatur
1068 1300 1301 1342 vinculum
1328 1298 1632 1352 obligacionis
1662 1299 1707 1339 in
1734 1310 1827 1339 uno
1855 1300 1899 1338 et

129 1386 223 1416 non
247 1373 294 1416 in
319 1374 481 1416 altero.
519 1373 633 1416 Cum
658 1372 796 1426 igitur
821 1372 966 1414 curati
991 1384 1178 1424 semper
1202 1370 1467 1424 obligentur
1493 1370 1539 1411 in
1565 1369 1688 1411 omni
1714 1369 1828 1410 hora
1853 1367 1899 1409 in

129 1444 408 1488 necessitate
426 1445 528 1488 suis
549 1443 885 1497 parrochianis,
907 1455 1025 1496 quos
1046 1454 1131 1483 nec
1152 1444 1349 1494 possunt
1370 1443 1578 1493 tempore
1601 1439 1746 1493 pestis
1769 1439 1900 1480 dese-

130 1528 236 1559 rere
260 1515 362 1558 sine
385 1514 652 1568 provisione
677 1513 1001 1566 confessionis,
1025 1515 1071 1555 et
1093 1515 1247 1554 cetera
1271 1511 1586 1554 ecclesiastica
1610 1513 1899 1553 sacramenta

129 1585 410 1639 ministrare,
452 1598 545 1628 non
586 1587 742 1627 tamen
785 1584 971 1637 fratres,
1013 1584 1104 1626 nisi
1149 1584 1187 1626 si
1232 1586 1277 1626 et
1319 1581 1504 1635 quando
1545 1582 1616 1624 eis
1659 1580 1900 1634 placuerit,

129 1658 354 1711 sequitur,
380 1656 503 1710 quod
526 1669 612 1698 nec
636 1659 823 1698 econtra
849 1653 1146 1708 parrochiani
1173 1654 1234 1696 sic
1260 1656 1456 1706 possunt
1481 1665 1530 1696 se
1557 1665 1582 1694 a
1609 1652 1705 1694 suis
1730 1651 1900 1694 curatis

131 1728 408 1771 subtrahere
442 1731 488 1770 et
518 1740 604 1781 pro
637 1727 768 1769 libito
802 1726 901 1768 sine
938 1724 1130 1767 licencia
1163 1728 1426 1766 curatorum
1459 1722 1766 1776 privilegiatis
1798 1735 1902 1764 con-

131 1799 272 1843 fiteri.
320 1799 389 1841 Ex
424 1798 592 1851 quibus
629 1810 813 1840 rursum
851 1796 1140 1839 concluditur
1176 1795 1407 1849 prefatam
1444 1794 1620 1836 bullam
1658 1793 1901 1846 multiplici

131 1869 316 1912 racione
346 1881 451 1912 esse
481 1880 676 1921 prorsus
705 1867 1017 1909 intolerabile.

248 1941 340 1984 Sed
375 1939 580 1983 Secundo
612 1943 659 1982 et
693 1938 1015 1992 principaliter
1046 1948 1257 1982 adiecimus
1292 1947 1414 1990 ipsam
1449 1956 1535 1981 esse
1569 1945 1673 1989 pacis
1708 1948 1743 1980 et
1780 1945 1899 1979 tocius

128 2026 249 2058 status
271 2022 432 2058 ecclesie
455 2021 683 2056 turbativam
712 2012 757 2052 et
779 2022 864 2062 pro
888 2021 1053 2061 magna
1079 2009 1209 2061 parte
1234 2006 1412 2048 ordinis
1437 2004 1680 2047 ierarchici
1704 2004 1900 2046 ecclesie

132 2081 373 2125 milit-antis
399 2080 730 2122 enervativam.
771 2092 875 2131 Quod
906 2092 1038 2133 patere
1065 2088 1300 2123 arbitramur
1327 2090 1405 2121 tum
1434 2097 1482 2121 ex
1511 2085 1721 2129 premissis,
1750 2088 1827 2119 tum
1855 2095 1902 2118 ex

130 2152 371 2195 inspeccione
403 2153 568 2185 statuum
602 2149 838 2193 singulorum
873 2148 909 2181 in
943 2147 1116 2188 ecclesia,
1148 2146 1382 2189 prelatorum
1415 2144 1556 2178 scilicet
1589 2146 1624 2178 et
1657 2142 1898 2178 dominorum

130 2210 360 2245 secularium
402 2210 495 2244 cleri
535 2211 571 2243 et
613 2208 745 2251 populi
787 2207 1035 2250 ipsorumque
1075 2205 1353 2249 religiosorum.
1408 2203 1535 2237 Primo
1577 2202 1732 2246 quidem
1775 2201 1899 2235 turbat

130 2272 268 2304 statum
307 2268 556 2312 ipsorummet
596 2265 912 2306 Mendicancium,
950 2264 1039 2308 quia
1076 2264 1245 2307 profecto
1282 2263 1395 2296 datur
1429 2261 1643 2295 institutum
1681 2262 1717 2294 et
1754 2258 1900 2293 occasio

132 2328 262 2362 multis
296 2337 343 2362 ex
380 2326 562 2361 fratribus
602 2326 665 2365 (ne
701 2325 906 2368 loquamur
939 2324 987 2358 de
1023 2323 1118 2366 ipsis
1153 2321 1348 2363 omnibus)
1388 2320 1462 2362 utl)
1500 2320 1585 2363 ipsi,
1617 2309 1694 2360 qui
1731 2319 1897 2349 vacare

134 2386 394 2428 debuerant
422 2385 614 2439 proprie
644 2383 930 2437 vperfeccioni
963 2380 1246 2434 acquirende
1279 2380 1353 2421 vel
1386 2378 1610 2420 iuventuti
1644 2377 1902 2420 edomande

134 2461 220 2500 aut‘
243 2456 440 2509 veritati,
474 2456 581 2498 dum
616 2453 941 2496 deferbuerint
973 2452 1102 2504 vicia,
1136 2450 1507 2503 contemplande,
1543 2461 1765 2503 presumant
1798 2468 1906 2493 econ-

133 2526 249 2561 trario
280 2526 406 2560 statim
439 2535 619 2568 supreme
652 2524 904 2567 perfect-ionis
936 2522 1216 2565 operacionem,
1250 2530 1323 2564 que
1356 2522 1411 2553 est
1446 2518 1659 2561 predicatio
1693 2517 1901 2551 secundum

130 2584 358 2628 apostolum,
388 2593 587 2624 exercere;
620 2584 840 2626 presumant
874 2581 1031 2624 insuper
1060 2579 1169 2621 alios,
1200 2589 1276 2613 non
1308 2577 1606 2621 qualescunque,
1636 2576 1701 2610 sed
1734 2574 1902 2618 prelatos

134 2653 224 2678 suos
259 2642 462 2686 corrigere,
499 2651 547 2675 ne
585 2641 756 2675 dicamus
794 2640 1008 2680 corrodere,
1046 2639 1267 2681 presumant
1307 2627 1499 2677 insuper
1537 2645 1577 2669 se
1616 2634 1718 2668 laute
1757 2641 1901 2672 curare,

133 2701 293 2735 divicias
314 2700 528 2744 acquirere,
551 2709 591 2734 se
615 2698 797 2742 periculis
818 2697 997 2733 omnibus
1019 2696 1273 2739 impudicicie,
1294 2695 1383 2739 gule
1407 2697 1441 2728 et
1465 2691 1703 2727 adulacionis
1725 2689 1902 2725 omnibus

136 2758 241 2793 horis
268 2767 473 2801 exponere.

253 2816 467 2859 Secundo
496 2816 581 2858 hec
610 2814 873 2868 perniciosa
903 2816 948 2855 et
978 2811 1289 2855 intolerabilis
1320 2811 1447 2852 bulla
1478 2811 1661 2851 curatos
1693 2808 1829 2849 simul
1861 2809 1906 2847 et

118 2888 345 2941 ‚prelatos
378 2886 604 2940 inquietat
634 2888 679 2928 et
711 2884 879 2937 turbat,
912 2883 1019 2937 quia
1051 2895 1137 2936 per
1170 2882 1318 2935 ipsam
1351 2880 1457 2922 dicti
1493 2878 1699 2932 religiosi
1737 2875 1906 2918 Mendi-

245 3039 276 3068 ὃ)
297 3038 367 3065 sive
388 3058 394 3063 .
414 3060 420 3065 .
442 3058 448 3063 .
469 3039 503 3064 ut
523 3037 603 3070 fehlt
627 3037 692 3064 Sta.
750 3036 782 3067 b)
808 3035 892 3061 Fame
913 3035 980 3063 Sta.

257 3100 288 3142 ¹)
314 3101 353 3133 ut
378 3127 385 3134 .
413 3124 420 3132 .
448 3124 455 3132 .
479 3097 772 3142 contemplande
795 3095 909 3139 dafiir
934 3094 995 3129 bei
1019 3092 1176 3136 Denifle
1199 3091 1360 3126 Punkle.
