2102 3444
249 143 334 186 288
785 144 810 178 Ι.
838 144 1047 179 Abschnitt.
1087 144 1486 190 Konzilstagebiicher.

251 261 483 313 pescenda
515 265 561 304 et
595 274 726 304 sacro
759 262 953 304 concilio
986 275 1166 305 necnon
1201 264 1353 306 eidem
1386 265 1567 307 nacioni
1604 266 1845 308 Gallicane
1878 277 2020 319 super

251 333 457 375 materiis
480 333 615 375 nobis
640 334 865 386 expositis
889 334 1148 377 direximus
1174 336 1344 388 scripta
1369 340 1541 389 nostra,
1566 340 1701 390 prout
1726 336 1876 390 prima
1901 336 2019 379 facie

251 403 528 445 videbantur
551 407 792 456 oportuna.
829 404 1031 455 Quorum
1056 405 1213 457 copias
1237 419 1275 447 ν.
1303 416 1447 447 revme
1472 420 1514 460 p.
1540 407 1894 450 transmittimus
1917 419 2021 461 pre-

251 474 460 517 sentibus
487 475 776 522 interclusas.
817 474 1033 517 Ceterum
1060 489 1202 529 super
1229 477 1419 520 decimis
1445 481 1488 520 et
1515 478 1738 520 subsidiis
1763 490 1788 520 a
1813 478 1948 521 nobis
1974 478 2020 519 in

251 545 334 587 hoc
380 557 523 599 regno
570 546 763 588 Francie
810 547 1016 588 indebite
1061 548 1237 590 exactis
1279 551 1324 589 et
1368 550 1562 591 extortis
1607 549 1819 590 volumus
1861 552 2021 602 partes

251 620 433 658 nostras
455 616 678 658 efficaces
702 629 787 669 pro
811 618 1131 670 supportando
1153 622 1212 670 et,
1238 622 1284 661 ut
1307 632 1332 661 a
1357 619 1487 662 vobis
1510 632 1595 673 per
1620 619 1819 673 amplius
1843 619 2021 661 decime

250 687 514 729 huiusmodi
535 691 580 729 et
602 687 811 730 subsidia
833 701 926 730 non
950 690 1209 742 exigantur,
1235 690 1534 743 interponere
1559 691 1766 732 studiose
1789 690 2022 732 certitudi-

251 771 355 799 nem
399 758 444 799 in
487 759 622 800 nobis
665 759 943 812 obtinenteS,
987 761 1109 813 quod
1150 761 1304 813 plenis
1348 761 1597 803 desideriis
1640 761 1931 814 affectamus,
1974 765 2022 804 ut

250 833 405 871 sancte
435 830 640 871 Romane
668 830 866 872 ecclesie
895 831 1056 874 matris
1082 835 1240 873 nostre
1270 836 1314 874 et
1344 833 1460 874 sacri
1492 833 1634 874 vestri
1662 833 1845 886 collegii
1875 836 2021 875 status

249 913 340 942 non
362 901 595 943 minuatur
616 901 700 943 sed
719 902 905 944 felicius
927 903 1159 944 exaltetur
1180 907 1225 944 et
1247 904 1443 945 ecclesia
1467 903 1566 956 ipsa
1588 917 1689 945 cum
1712 916 1844 946 sacro
1865 907 2020 946 vestro

249 972 445 1025 collegio
478 975 664 1014 maneat
698 985 885 1026 semper
919 976 1074 1026 optata
1109 974 1331 1017 felicitate
1368 974 1563 1016 iocunda
1597 978 1642 1016 et
1676 975 1782 1017 ideo
1816 975 1880 1017 sic
1915 974 2021 1017 effi-

248 1055 353 1084 cere
382 1042 641 1085 ministerio
669 1043 1008 1097 sollicitudinis,
1037 1057 1126 1097 que
1154 1045 1322 1087 vestris
1349 1045 1744 1098 preheminenciis
1772 1046 1864 1088 sint
1890 1048 2019 1099 grata

247 1115 566 1167 proponimus,
598 1114 720 1167 quod
752 1115 799 1156 in
830 1115 965 1158 nobis
997 1115 1228 1157 sincerum
1261 1116 1428 1169 iugiter
1461 1120 1847 1169 recognoscentes
1879 1116 2020 1159 affec-

250 1189 341 1227 tum
389 1186 446 1227 ad
492 1185 700 1238 quelibet
744 1187 892 1239 ipsius
937 1187 1133 1229 ecclesie
1178 1188 1394 1229 mandata
1438 1191 1482 1228 et
1525 1191 1679 1230 vestra
1724 1188 2018 1241 beneplacita

248 1260 449 1298 mentem
481 1256 699 1298 affluenti
732 1256 967 1299 desiderio
999 1257 1252 1310 dirigamus
1284 1262 1329 1300 et
1360 1258 1417 1300 ad
1447 1258 1826 1311 prosecucionem
1858 1271 2019 1301 eorum

248 1329 488 1380 oportunis
525 1328 816 1380 temporibus
855 1328 1070 1370 continuo
1110 1328 1463 1384 intendentesfl)
1518 1330 1616 1385 Dat.
1656 1329 1863 1371 Parisius
1902 1329 2020 1371 vice-

248 1399 364 1441 simo
389 1402 520 1441 sexto
546 1399 622 1441 die
651 1398 809 1441 Martis
835 1433 843 1441 .
880 1433 886 1440 .
924 1433 932 1441 .
959 1400 1278 1442 coronacionis
1303 1412 1414 1441 vero
1440 1399 1657 1442 secundo.
1695 1399 2018 1454 Sigismundus

250 1470 332 1511 Dei
362 1470 517 1523 gracia
547 1470 859 1512 Romanorum
890 1483 975 1512 rex
1005 1483 1192 1524 semper
1222 1474 1457 1524 augustus.
1490 1498 1544 1501 —
1576 1471 1647 1512 Ad
1678 1471 1944 1513 mandatum
1976 1471 2017 1513 d.

248 1541 367 1594 regis
403 1541 643 1584 Johannes
676 1541 944 1594 prepositus
978 1542 1035 1583 de
1069 1541 1299 1595 Strigonio
1335 1541 1758 1584 vicecancellarius.

364 1612 664 1655 Sacrosancta
693 1613 897 1665 synodus
924 1613 970 1654 in
997 1613 1163 1666 spiritu
1190 1616 1347 1655 sancto
1375 1613 1669 1666 congregata!
1714 1613 1839 1655 Inter
1863 1613 2019 1655 varias

247 1684 586 1727 sollicitudines
614 1696 842 1737 curasque
871 1685 1153 1737 multiplices
1182 1685 1262 1726 illa
1290 1685 1490 1727 maxime
1519 1697 1604 1726 nos
1632 1687 1764 1738 urget
1791 1684 2017 1736 anxietas,

247 1767 305 1796 ne
339 1754 459 1796 inter
490 1768 572 1798 vos
604 1755 650 1796 in
684 1768 815 1797 sacra
845 1754 1209 1808 congregacione
1243 1758 1397 1797 vestra
1429 1755 1641 1808 synodali
1674 1755 1731 1796 de
1763 1754 1898 1798 bonis
1930 1755 2020 1808 spi-

248 1825 492 1868 ritualibus
524 1827 622 1868 sive
652 1826 991 1879 temporalibus
1023 1827 1340 1868 controversia
1371 1826 1560 1868 oriatur.
1604 1825 1908 1879 Summopere
1940 1826 2019 1879 igi-

248 1900 320 1938 tur
351 1896 685 1938 occurrendum
718 1900 802 1949 est,
836 1901 884 1939 ut
914 1910 1007 1939 non
1038 1901 1247 1939 crescant
1279 1898 1442 1950 iurgia,
1477 1897 1560 1939 sed
1592 1898 1720 1939 iuxta
1752 1897 2017 1950 magistram

247 1967 474 2009 bonorum
502 1968 706 2010 omnium
734 1969 987 2021 caritatem,
1016 1981 1106 2021 que
1133 1968 1198 2009 nil
1227 1968 1346 2021 sapit
1373 1971 1663 2021 extraneum,
1690 1967 1756 2009 nil
1785 1979 2018 2020 asperum,

245 2038 310 2080 nil
340 2038 598 2093 confusum,
627 2051 779 2092 ymmo
807 2039 997 2092 propria
1027 2039 1231 2092 equitate
1260 2040 1405 2081 nutrit
1434 2038 1741 2092 concordiam,
1772 2038 2018 2081 dissociata

245 2110 479 2163 coniungit
513 2111 632 2152 inter
666 2123 826 2152 servos
862 2111 960 2163 Dei,
993 2123 1108 2163 quos
1140 2123 1234 2152 non
1266 2113 1447 2163 oportet
1479 2109 1675 2163 litigare,
1707 2122 1800 2163 pax
1831 2112 1877 2151 et
1907 2121 2018 2151 una-

244 2182 430 2223 nimitas
463 2181 752 2223 observetur.
798 2182 978 2234 Equum
1010 2181 1134 2222 enim
1166 2185 1250 2234 est,
1282 2184 1343 2234 ut,
1377 2182 1454 2234 qui
1489 2181 1655 2234 spiritu
1685 2181 1772 2222 Dei
1805 2182 2016 2233 aguntur,

246 2252 375 2294 nulla
412 2252 615 2294 sectione
653 2253 897 2304 mencium,
933 2252 1063 2294 nulla
1101 2253 1336 2294 voluntate
1374 2252 1606 2294 contraria
1643 2251 1922 2303 dividantur,
1957 2262 2017 2292 ne

247 2322 353 2364 inde
386 2322 618 2365 discordia
649 2326 798 2364 sumat
830 2322 1030 2375 inicium,
1063 2323 1185 2364 unde
1216 2323 1344 2376 pacis
1376 2322 1541 2364 federa
1573 2321 1745 2364 debent
1777 2321 2016 2374 suscipere

250 2395 600 2435 incrementum.
657 2393 778 2435 Sane
822 2396 916 2435 tum
963 2394 1008 2434 in
1054 2406 1244 2436 recessu
1286 2396 1445 2435 nostro
1488 2391 1679 2446 propria
1722 2392 1769 2434 in
1813 2404 2015 2446 persona

245 2464 527 2507 verbotenus
574 2463 864 2515 Constancie,
911 2467 1005 2506 tum
1051 2465 1224 2505 etenim
1271 2475 1356 2516 per
1403 2464 1582 2506 litteras
1629 2463 1686 2505 de
1734 2462 2017 2516 Perpiniano

244 2536 413 2588 scripto
445 2538 581 2577 tenus
612 2538 886 2576 reverenter
919 2537 1120 2576 vestram
1153 2535 1440 2576 sanctitatem
1472 2538 1517 2576 et
1547 2535 1686 2576 etiam
1717 2533 2015 2576 venerabiles

244 2606 455 2649 dominos
497 2608 693 2659 quatuor
732 2605 977 2647 nacionum
1020 2605 1263 2658 deputatos
1306 2606 1532 2647 instanter
1572 2605 1821 2647 recolimus
1862 2604 2015 2657 requi-

244 2676 424 2730 sivisse,
453 2680 500 2718 ut
530 2677 577 2718 in
604 2676 811 2719 materiis
839 2676 1011 2727 arduis,
1040 2688 1098 2717 ex
1129 2676 1297 2728 quibus
1326 2679 1483 2729 posset
1512 2675 1781 2717 scandalum
1811 2672 2013 2717 suboriri

244 2749 315 2789 vel
344 2747 724 2790 inconveniencia
753 2746 1065 2799 multiplicari,
1094 2746 1341 2799 presertim
1369 2746 1414 2787 in
1440 2749 1599 2788 nostra
1627 2745 1847 2788 absencia
1871 2743 2014 2787 nichil

244 2818 614 2871 concluderetur,
637 2818 721 2861 sed
743 2817 927 2860 interim
949 2819 1258 2859 tractarentur
1282 2817 1473 2859 materie
1498 2829 1583 2870 pro
1605 2816 1776 2858 unione
1800 2818 1845 2858 et
1867 2814 2014 2858 refor-

244 2890 451 2931 macione
479 2892 636 2932 sancte
662 2889 857 2931 ecclesie
885 2887 1152 2930 necessarie
1178 2887 1526 2940 quomodolibet
1552 2887 1626 2929 vel
1653 2889 1928 2940 opportune,
1953 2897 2012 2927 ne

242 2959 410 3012 prelati
440 2963 483 3002 et
513 2959 732 3003 naciones
762 2959 870 3002 olim
899 2958 1172 3001 obediencie
1204 2959 1327 3000 Petri
1359 2958 1416 3000 de
1448 2958 1576 3000 Luna
1606 2957 1892 2999 occasionem
1921 2958 2012 2998 tra-

347 3069 376 3091 u)
398 3063 564 3096 soluendae
585 3063 663 3096 ΓιἸιΗ
686 3064 727 3090 im
750 3065 858 3090 I'estet·
880 3064 991 3089 Codex.
