2227 3434
708 155 799 190 1416
824 155 915 191 Juni
942 156 987 190 18
1013 175 1054 180 -
1081 154 1160 190 Juli
1185 154 1217 188 4.
1760 152 1846 195 453

81 276 119 318 si
149 276 374 319 discurris
402 287 488 329 per
514 275 611 317 luta
640 277 827 316 stenosa
855 285 939 314 nec
970 273 1033 315 sic
1062 271 1404 323 contaminaris,
1434 270 1542 324 quia
1571 269 1846 312 altissimum

81 346 276 400 posuisti
299 345 532 399 refugium
554 347 697 396 tuum,
723 343 769 385 id
792 347 862 386 est
886 343 1180 384 ineffabilem
1205 342 1390 383 modum
1413 341 1602 383 essendi
1627 341 1673 382 in
1698 352 1847 382 sacra-

80 420 235 459 mento
265 417 441 469 altaris,
469 428 554 458 nec
585 414 772 458 accedet
801 414 859 456 ad
887 417 930 456 te
961 414 1132 455 malum
1161 425 1247 454 nec
1275 412 1519 465 flagellum
1547 410 1848 453 tabernaculo

79 490 159 529 tuo
191 486 584 540 appropinquabit
620 485 719 539 (Ps⁴¹
751 484 860 538 93.).
907 484 997 526 Sed
1032 483 1370 525 animadvertat
1402 481 1680 524 christianus
1714 480 1849 522 confi-

81 557 248 600 denter
281 557 436 600 anima
472 556 714 608 redempta
749 555 963 608 precioso
999 554 1169 596 Christi
1206 554 1447 606 sanguine,
1485 552 1596 605 quid
1634 553 1680 593 in
1718 564 1848 594 sacra

80 628 230 671 hostia
269 628 406 670 nobis
444 626 720 680 proponitur
759 624 1149 667 manducandum:
1192 624 1353 666 forsan
1395 623 1670 665 detestabile
1712 621 1849 665 sacri-

81 698 238 741 ficium
269 697 536 740 infidelium
565 695 875 739 offerencium
908 729 916 737 .
952 729 960 737 .
997 695 1046 748 .¹)
1090 695 1205 736 Num
1235 694 1370 736 nobis
1401 696 1724 747 proponuntur
1755 704 1850 734 car-

81 781 166 812 nes
188 772 441 821 taurorum,
466 768 730 819 vitulorum,
755 766 962 817 edorum,
988 778 1211 818 agnorum
1235 765 1572 817 anniculorum,
1595 767 1645 806 ut
1668 763 1778 806 olim
1803 762 1849 804 in

83 841 185 894 lege
209 843 254 882 et
274 838 518 882 sacrificiis
541 837 768 881 aaronicis
793 871 801 879 .
837 870 845 879 .
881 871 889 878 .
925 837 1023 878 Non
1046 836 1156 878 talia
1180 835 1410 878 sacrificia
1433 838 1510 877 aut
1531 834 1706 876 cibaria
1728 846 1849 875 nunc

82 911 218 954 nobis
254 909 472 964 proponit
508 909 706 951 ecclesia
744 908 857 950 Jesu
895 907 1066 950 Christi
1105 906 1342 957 catholica,
1382 906 1465 948 sed
1503 906 1700 959 ipsemet
1736 904 1849 946 Jesu

83 981 253 1024 Christi
274 980 411 1034 panis
429 979 725 1023 verusnobis
745 979 1023 1032 proponitur
1043 976 1407 1028 manducandus,
1423 977 1471 1017 in
1487 989 1579 1029 quo
1594 975 1850 1028 spiritualis

82 1051 279 1094 dulcedo
305 1051 351 1093 in
379 1064 463 1094 suo
488 1052 616 1093 fonte
642 1053 852 1103 gustatur
878 1052 922 1090 et
948 1048 1167 1090 recolitur
1195 1048 1418 1089 memoria
1445 1047 1680 1100 passionis
1705 1045 1847 1098 eius²)

82 1126 126 1165 et
153 1121 548 1176 excellentissime
576 1120 794 1173 caritatis,
820 1119 944 1161 unde
972 1119 1194 1161 Aurelius
1221 1118 1508 1171 Augustinus
1536 1129 1666 1159 sacer
1695 1116 1851 1158 doctor

83 1195 129 1235 in
163 1193 331 1236 omelia
362 1193 422 1235 >de
455 1192 721 1235 huiusmodi
756 1191 877 1234 festo
912 1190 1180 1232 exclamans
1216 1190 1279 1232 sic
1314 1189 1392 1231 ait:
1441 1188 1475 1230 O
1511 1190 1851 1230 sacramentum

83 1265 283 1318 pietatis,
321 1277 348 1307 o
386 1264 567 1317 signum
605 1262 810 1314 unitatis,
848 1275 874 1304 o
913 1261 1145 1303 vinculum
1185 1259 1402 1311 caritatis,
1443 1259 1518 1312 qui
1558 1259 1656 1300 vult
1693 1258 1851 1309 edere,

82 1335 236 1388 habet,
258 1334 382 1377 unde
405 1334 541 1386 vivat,
566 1334 765 1385 accedat,
789 1332 960 1384 credat,
984 1335 1029 1373 et
1051 1332 1373 1384 incorporetur
1396 1333 1443 1372 ut
1465 1329 1730 1371 vivificetur
1754 1362 1762 1370 .
1798 1362 1806 1370 .
1843 1361 1850 1369 .

83 1405 166 1448 Hic
195 1405 327 1449 cibus
356 1417 470 1448 vera
501 1404 671 1447 Christi
702 1417 810 1447 caro
840 1404 977 1446 unica
1008 1402 1166 1454 verbo,
1198 1401 1322 1455 apud
1354 1401 1476 1454 quod
1508 1404 1577 1442 est
1609 1399 1715 1442 fons
1746 1399 1850 1441 vite.

83 1476 268 1520 Sufficit
303 1479 347 1519 et
380 1476 506 1518 valet
537 1475 710 1517 cunctis
746 1487 796 1517 se
832 1474 970 1527 digne
1007 1472 1345 1514 summentibus
1379 1472 1519 1514 vitam
1555 1470 1715 1524 largiri
1749 1482 1852 1523 per-

81 1547 300 1590 henniter
332 1546 616 1598 duraturam,
650 1558 787 1598 quam
820 1545 956 1587 nobis
989 1543 1209 1586 concedat
1243 1542 1457 1584 dominus
1489 1544 1648 1584 noster
1681 1541 1852 1583 Jhesus

84 1618 309 1671 Christus,
335 1618 413 1671 qui
442 1618 487 1659 in
512 1617 716 1659 trinitate
743 1616 1090 1670 perfectavivit
1115 1618 1159 1656 et
1186 1617 1348 1667 regnat
1373 1625 1458 1666 per
1486 1611 1670 1655 infinita
1697 1612 1852 1654 secula

84 1689 346 1743 seculorum
374 1688 537 1730 Amen.

83 1795 192 1838 Juni
226 1794 294 1838 27.
333 1821 381 1825 —
420 1794 728 1836 Robertus
775 1788 1693 1844 Halamep.Sc11·2·sber=2·ensz·s.

202 1865 229 1899 Ε
243 1875 262 1898 r
279 1875 308 1899 ιι·
325 1866 345 1898 ἅ
362 1864 381 1897 h
403 1875 422 1897 η
440 1866 450 1897 Ι
471 1874 481 1897 .·
518 1864 637 1898 Hard!
663 1862 728 1903 11',
753 1862 836 1901 792,-
865 1862 988 1896 Mansi
1013 1860 1170 1896 XXl'II.
1193 1861 1272 1895 903.

203 1923 267 1965 ln
285 1924 311 1965 h
329 1935 353 1965 α
371 1924 383 1965 l
401 1927 444 1965 t:
502 1921 659 1975 Geyen
713 1921 927 1963 Wilhelm
970 1933 1057 1962 von
1102 1919 1233 1961 Diest
1276 1919 1370 1960 und
1415 1918 1496 1960 (las
1542 1915 1853 1969 Slrassbuwer

86 1994 393 2047 Domkapitel.

85 2100 194 2144 Juni
228 2100 296 2143 29.
334 2126 382 2131 -
419 2100 604 2141 Peter
646 2111 757 2141 von
799 2097 1006 2139 Pulka.

204 2170 329 2204 Tem!
349 2179 359 2203 .·
401 2170 450 2203 Be
477 2168 544 2204 632
569 2169 595 2212 f.
623 2168 684 2209 70‚·
713 2168 768 2201 Dc!
796 2168 824 2202 F
849 2168 918 2202 286
942 2168 967 2210 7⁴.
997 2168 1056 2207 125
1086 2166 1147 2199 Miz
1177 2166 1268 2199 5424
1294 2164 1319 2208 f.
1353 2160 1432 2201 157.-
1453 2164 1516 2205 „wi
1545 2164 1590 2197 4&
1614 2173 1648 2205 p.
1675 2162 1762 2203 ‚3475
1791 2163 1852 2194 Sle

84 2230 130 2263 ‚33
152 2229 178 2272 7.
206 2229 289 2269 145,-
319 2228 357 2261 W
379 2228 473 2263 3296
495 2227 522 2270 f.
545 2228 632 2267 251‚·
657 2227 748 2261 4292
771 2226 796 2269 γ.
821 2226 884 2263 22,-
908 2226 1000 2260 4922
1023 2225 1048 2267 f.
1078 2225 1160 2265 1.34,·
1185 2225 1278 2257 4958
1301 2224 1325 2266 f.
1350 2223 1381 2256 2.

205 2287 446 2329 Inhalt:
487 2286 594 2328 Fest
622 2286 785 2328 Petrus
813 2285 907 2327 und
934 2285 1120 2326 Paulus.

202 2357 300 2399 Hii
339 2360 479 2399 sunt
516 2356 636 2397 viri
677 2354 1125 2397 misericordie
1167 2353 1550 2407 (transsumptive
1580 2352 1624 2392 in
1652 2349 1853 2392 leccione

87 2429 228 2472 misse
253 2431 426 2480 octave,
451 2427 739 2481 originaliter
766 2427 886 2468 Eccli
913 2425 990 2480 44)
1021 2460 1028 2467 .
1065 2460 1072 2466 .
1109 2459 1117 2466 .
1158 2424 1449 2466 Geminatam
1475 2422 1701 2464 hodierne
1729 2419 1855 2461 festi-

88 2498 239 2541 vitatis
265 2498 466 2540 leticiam
494 2535 501 2542 .
538 2532 546 2540 .
583 2532 590 2540 .

90 2604 201 2648 1416
233 2604 329 2648 Juli
360 2605 401 2647 4.
439 2632 488 2636 —
525 2604 866 2647 Zabarella
907 2602 1062 2644 card.

206 2675 362 2709 Text:
402 2674 596 2708 Cerretan.

209 2733 449 2776 Inhalt:
489 2733 655 2775 Union.

207 2803 362 2858 Longa
392 2803 643 2855 desideria,
674 2804 860 2845 labores
891 2801 1103 2844 assiduos
1136 2835 1144 2842 .
1180 2834 1188 2842 .
1225 2835 1232 2842 .
1279 2801 1460 2841 l'ater
1502 2810 1684 2839 serva
1726 2808 1855 2846 eos,

90 2877 150 2916 ut
184 2874 313 2916 sint
348 2886 524 2915 unum
563 2874 729 2915 sicut
764 2876 820 2915 et
855 2886 964 2914 nos
1003 2872 1126 2925 (Joh.
1153 2871 1306 2924 XVII)
1338 2904 1345 2911 .
1382 2903 1433 2910 ..

207 2990 238 3031 ¹)
263 2990 310 3023 Es
329 2990 422 3032 solu!
442 2990 506 3023 die
525 2989 768 3032 Anszmcluny
790 2989 1084 3023 verschiedener
1105 2987 1349 3021 heidnischer
1369 2986 1503 3029 Opl'er:
1528 2984 1643 3018 &lello
1667 2981 1851 3017 rerclerm.

207 3048 239 3091 ²)
265 3047 459 3093 Antiphon
483 3057 552 3081 aus
574 3048 644 3081 der
669 3047 938 3092 Tayescesper.
