2227 3434
640 215 679 250 B.
702 213 951 249 Avisamente
972 213 1042 247 der
1060 211 1378 247 Reformatorien.
1808 212 1894 255 677

241 331 439 386 Super
510 332 602 375 XI.
675 331 977 384 articulo,
1049 329 1360 374 videlicet
1430 329 1500 371 de
1573 328 1896 371 fructibus

126 402 314 446 medii
370 406 424 445 te
441 415 529 456 mp
545 403 689 446 oris.
742 402 978 445 Articulus
1020 401 1349 454 reformatorii,
1392 403 1529 454 prout
1571 400 1702 454 iacet,
1744 401 1897 453 placet

125 475 323 517 nacioni.
917 512 925 518 .

242 544 441 598 Super
480 544 609 586 XII.
649 543 952 596 articulo,
992 542 1303 585 videlicet
1344 542 1413 584 de
1452 554 1571 584 non
1610 541 1899 583 alienan-

126 615 222 659 dis
258 615 442 659 bonis
480 615 745 657 Romane
786 618 844 657 et
881 615 1149 656 aliarum
1189 612 1623 656 ecclesiarum.
1661 612 1899 654 Articulus

126 686 456 740 reformatorii,
481 690 620 740 prout
642 685 775 739 iacet,
800 686 954 738 placet
977 685 1177 727 nacioni.

243 757 442 811 Super
476 757 642 799 XIII.
667 755 968 809 articulo,
1004 754 1316 797 videlicet
1350 757 1615 808 propter
1649 754 1807 808 quod
1843 757 1900 796 et

126 828 372 882 quando
411 840 570 881 papa
610 828 818 881 possit
861 826 1091 880 deponi
1134 830 1191 869 et
1232 825 1470 878 corrigi
1513 828 1621 868 etc.
1664 825 1899 867 Articulus

126 911 220 942 non
248 899 422 953 placuit
449 898 647 941 nacioni.
687 898 734 941 Si
762 901 919 940 tamen
948 898 1039 940 alie
1068 897 1290 940 naciones
1319 897 1394 938 vel
1424 897 1571 939 maior
1599 908 1709 950 pars
1738 908 1899 938 earum

126 970 175 1013 in
198 970 393 1013 articulo
412 969 753 1022 consenserint,
777 981 872 1011 non
896 968 1096 1011 intendit
1119 968 1176 1011 ab
1203 967 1308 1010 aliis
1333 967 1537 1010 deviare.

244 1041 442 1095 Super
503 1040 706 1083 XIIII.
771 1039 1071 1093 articulo,
1134 1038 1447 1080 videlicet
1497 1037 1566 1079 de
1616 1037 1902 1090 extirpa-

126 1113 307 1155 cione
346 1111 639 1166 symonie.
679 1111 915 1154 Articulus
943 1110 1259 1152 reformatorii
1285 1122 1379 1152 non
1405 1110 1579 1163 placuit
1606 1108 1803 1161 nacioni,
1833 1110 1902 1150 set

127 1195 214 1237 per
238 1196 343 1226 eam
369 1186 589 1236 concepta
615 1185 686 1225 est
711 1182 803 1225 alia
828 1181 993 1235 forma,
1020 1194 1108 1234 que
1136 1180 1321 1223 videtur
1347 1181 1527 1233 melior,
1555 1181 1594 1223 si
1619 1180 1773 1233 placet
1797 1179 1901 1222 aliis

127 1254 416 1308 nacionibus,
449 1254 580 1296 cuius
611 1256 747 1295 tenor
778 1252 1006 1306 sequitur:

245 1325 361 1378 Quia
381 1328 619 1379 peccatum
641 1327 769 1367 tanto
789 1324 836 1366 in
860 1324 1018 1377 aliqua
1037 1335 1242 1377 persona
1264 1326 1309 1365 et
1330 1323 1533 1376 gravius,
1556 1321 1902 1375 dampnabilius

128 1400 174 1439 et
212 1396 525 1451 perniciosius
564 1408 624 1438 ex
665 1395 898 1448 exemplo,
940 1398 1112 1447 quanto
1153 1393 1377 1436 maiorem
1420 1393 1597 1436 obtinet
1637 1393 1802 1446 locum,
1841 1404 1902 1434 ne

128 1467 401 1521 opinionum
427 1466 788 1509 indeterminata
815 1466 1064 1508 diversitas
1093 1465 1178 1508 sub
1205 1465 1372 1507 umbra
1399 1467 1445 1507 et
1471 1465 1656 1517 clippeo
1684 1475 1902 1516 supreme

130 1538 367 1592 dignitatis
392 1534 645 1592 apostolice
670 1537 789 1580 vicio
813 1537 934 1580 labis
959 1536 1223 1590 symoniace
1247 1535 1434 1578 venalia
1457 1535 1544 1577 Dei
1569 1535 1745 1588 templa
1767 1547 1904 1588 pecu-

129 1610 221 1653 niis
258 1609 561 1663 expugnandi
603 1608 892 1651 occasionem
934 1608 991 1650 de
1029 1610 1190 1650 cetero
1228 1607 1425 1660 prebeat
1462 1609 1511 1648 et
1550 1619 1609 1648 ne
1651 1605 1903 1648 venalitate

129 1680 421 1724 venerabilia
444 1680 762 1723 ecclesiastIca
789 1679 1086 1733 impudenter
1113 1679 1200 1720 sub
1227 1677 1517 1720 mercimonii
1543 1677 1678 1719 titulo
1703 1688 1903 1730 querere

129 1751 282 1806 faciat,
312 1754 525 1794 astruere
555 1754 858 1804 satagentem,
890 1750 1014 1803 quod
1043 1762 1165 1803 papa
1196 1750 1244 1791 in
1275 1748 1608 1791 collacionibus
1639 1761 1723 1790 seu
1750 1747 1905 1801 provi-

129 1822 339 1866 sionibus
367 1825 446 1866 aut
475 1822 918 1865 confirmacionibus
948 1821 1287 1864 beneficiorum
1317 1820 1393 1862 vel
1423 1819 1689 1862 officiorum
1718 1817 1904 1860 ecclesi-

130 1895 378 1937 asticorum
405 1894 650 1947 spirituale
677 1905 911 1936 annexum
937 1892 1216 1935 habencium
1243 1894 1624 1944 quantascunque
1650 1893 1697 1932 et
1722 1890 1904 1943 quales-

129 1977 310 2018 cunque
339 1964 618 2018 pecuniosas
645 1977 698 2007 ac
725 1963 1139 2017 quomodocunque
1169 1966 1215 2005 et
1242 1962 1521 2016 quandoque
1551 1961 1609 2003 ob
1637 1959 1904 2003 huiusmodi

129 2036 470 2079 beneficiorum
507 2035 926 2078 ecclesiasticorum
963 2033 1256 2086 collaciones,
1280 2032 1586 2086 provisiones
1622 2034 1699 2074 aut
1734 2031 1904 2073 confir-

130 2107 364 2149 maciones
390 2119 477 2160 per
502 2119 554 2148 se
578 2107 653 2148 vel
679 2106 822 2148 alium
847 2104 1075 2158 percipiat
1100 2117 1184 2147 seu
1210 2104 1266 2146 de
1294 2104 1389 2146 illis
1413 2102 1732 2157 percipiendis
1756 2102 1904 2155 pacis-

130 2180 272 2232 catur,
306 2178 474 2220 vicium
509 2177 704 2220 simonie
739 2176 979 2218 incurrere
1013 2188 1108 2218 non
1141 2178 1306 2229 potest,
1339 2177 1560 2228 tanquam
1593 2173 1695 2215 iure
1731 2172 1903 2224 divino,

129 2250 351 2292 canonico
383 2252 430 2291 et
462 2248 586 2291 civili
619 2249 811 2291 vetitum
845 2247 1153 2301 reprobamus
1188 2246 1605 2298 decernentesque,
1639 2245 1902 2298 quicunque

130 2320 188 2363 de
224 2323 382 2362 cetero
414 2320 477 2362 ad
513 2319 813 2361 obtinendam
850 2318 1120 2372 dignitatem
1159 2320 1237 2360 aut
1272 2316 1557 2359 beneficium
1595 2315 1902 2369 quodcunque

131 2390 394 2434 intencione
433 2393 650 2444 corrupta
686 2402 809 2444 pape
848 2392 926 2432 aut
960 2389 1099 2431 ¹alteri
1139 2387 1376 2431 ordinario
1414 2386 1660 2440 provisori,
1699 2384 1903 2438 electori,

130 2462 442 2516 presentatori
478 2474 567 2503 *seu
604 2463 815 2514 patrono,
855 2459 1172 2502 confirmatori
1210 2460 1285 2501 vel
1325 2458 1570 2500 mediatori
1611 2458 1659 2499 in
1696 2457 1902 2498 Romana

130 2533 258 2575 curia
290 2533 364 2574 vel
397 2536 530 2575 extra
563 2535 669 2574 ante
702 2531 1018 2584 collacionem,
1051 2530 1366 2584 provisionem
1401 2532 1446 2571 et
1478 2527 1902 2579 confirmacionem,

130 2603 414 2646 eleccionem
439 2603 513 2644 vel
538 2602 942 2656 presentacionem
968 2605 1151 2655 pactum
1176 2601 1249 2643 vel
1277 2599 1634 2654 promissionem
1660 2598 1716 2640 de
1742 2610 1903 2651 peccu-

130 2674 209 2717 nia
231 2674 306 2716 vel
331 2674 422 2717 alia
447 2673 768 2716 commoditate
792 2673 1039 2726 temporali
1065 2672 1231 2714 fecerit
1254 2674 1299 2714 et
1323 2670 1493 2712 deinde
1518 2669 1739 2723 peccunie
1763 2669 1902 2710 huius

127 2745 203 2806 *vel
239 2744 360 2798 parti
394 2745 660 2787 interventu
694 2743 980 2797 dignitatem,
1014 2742 1224 2785 officium
1258 2743 1333 2784 vel
1368 2740 1652 2783 beneficium
1686 2738 1902 2781 ecclesia-

131 2816 293 2858 sticum
327 2815 595 2868 obtinuerit,
630 2815 747 2857 alias
781 2827 873 2856 non
908 2814 1183 2856 obtenturus
1218 2825 1397 2854 necnon
1431 2812 1639 2863 collator,
1675 2810 1901 2863 provisor,

131 2886 432 2928 confirmator
463 2889 507 2928 et
539 2885 767 2927 mediator
797 2884 1061 2926 huiusmodi
1093 2887 1191 2937 etc.,
1225 2884 1262 2925 si
1295 2881 1564 2936 episcopali,
1597 2879 1902 2933 archiepisco-

132 2957 242 3010 pali,
264 2957 566 3010 patriarchali
591 2959 668 2998 aut
691 2955 1006 2997 cardinalatus
1021 2954 1285 3008 prefulgeat
1302 2953 1538 3006 dignitate,
1554 2964 1702 3004 penas
1717 2963 1741 2992 a
1758 2950 1902 2992 sacris

133 3027 390 3070 canonibus
428 3030 586 3069 contra
626 3026 905 3069 simoniacos
941 3025 1174 3067 institutas
1214 3036 1298 3066 seu
1336 3023 1602 3076 designatas
1638 3022 1743 3075 'ipso
1781 3021 1902 3062 facto

132 3096 370 3140 incurrant
395 3109 669 3151 quacunque
697 3095 1030 3138 consuetudine
1055 3095 1288 3137 contraria
1314 3106 1407 3135 non
1433 3092 1646 3135 obstante
1673 3104 1724 3134 ac
1751 3091 1900 3133 decla-
