2102 3444
294 223 378 264 700
728 217 793 250 III.
827 214 1036 249 Abschuilt.
1081 212 1232 246 Reform
1265 211 1342 244 und
1376 210 1624 254 Verfassung.

296 341 363 379 cst
390 338 542 389 palam
569 335 758 376 deviare
787 345 870 373 nec
897 334 966 373 est
994 328 1250 372 auctoritati
1278 327 1576 370 conciliorum
1602 328 1894 381 generalium
1920 340 2060 381 grave

296 407 598 460 preiudicium
637 404 830 445 inferre.
881 401 958 443 Set
995 400 1164 453 peticio
1201 398 1516 440 revocacionis
1554 398 1673 441 dicte
1712 398 1840 440 bulle
1879 398 2062 441 videtur

294 478 445 529 palam
479 476 704 526 derogare
736 477 780 514 ct
811 484 951 524 grave
983 469 1291 523 preiudicium
1324 469 1517 522 inferre,
1549 469 1720 510 nedum
1752 469 1852 511 sedi
1883 472 2063 522 aposto-

296 548 382 588 lice
404 550 447 588 et
472 546 675 586 Romane
697 542 908 594 ecclesie,
931 545 1000 583 set
1023 541 1169 583 eciam
1193 540 1388 582 concilio
1407 540 1618 593 generali
1643 543 1688 582 et
1708 540 1775 582 sic
1798 553 1883 593 per
1904 552 2062 583 conse-

295 629 442 669 quens
468 615 669 656 deviare.

410 687 580 736 Quarto
608 684 776 735 dicunt,
807 683 930 736 quod
959 683 1077 724 dicta
1105 682 1236 724 bulla
1263 694 1356 723 non
1386 684 1457 723 est
1485 682 1614 734 pacis
1642 684 1687 723 et
1715 681 1893 724 ordinis
1919 681 2063 724 ierar-

295 757 405 798 chici
430 757 627 797 ecclesie
649 754 879 797 turbativa
902 766 987 795 nec
1009 753 1164 795 turbat
1186 765 1347 806 pacem
1367 755 1569 794 statuum
1590 752 1652 794 ad
1675 753 1872 794 invicem
1892 756 1940 795 et
1961 765 2064 795 con-

296 828 477 868 fusione
505 826 584 868 tali
613 825 971 866 ierarchicorum
1000 836 1193 877 operum
1222 826 1267 865 et
1295 823 1507 865 ordinem
1534 823 1840 865 ierarchicum
1866 823 2063 866 ecclesie

294 910 377 938 nec
414 910 497 949 per
535 896 810 938 indirectum
849 909 873 938 a
911 895 1106 948 prelatis
1144 894 1400 936 maioribus
1436 896 1484 936 et
1520 894 1794 947 minoribus,
1831 894 2064 948 episcopi-s

294 968 509 1009 videlicet
535 971 581 1009 et
608 967 794 1018 curatis,
825 966 980 1008 aufert
1008 969 1052 1008 et
1083 965 1311 1007 subtrahit
1341 977 1501 1006 eorum
1530 964 1850 1007 *auctoritatem
1878 967 1926 1008 et
1953 977 2064 1007 oves

295 1038 381 1079 >ibi
418 1038 687 1080 commissas
722 1050 814 1078 non
851 1050 909 1077 ex
945 1036 1204 1089 privilegiis
1242 1039 1311 1078 set
1347 1036 1617 1078 auctoritate
1655 1035 1826 1078 Christi
1862 1038 1910 1078 et
1945 1036 2064 1078 salu-

295 1109 498 1150 berrima
523 1108 814 1150 institucione
838 1107 1007 1149 divina.
1042 1108 1110 1148 Ex
1132 1106 1301 1160 quibus
1324 1105 1626 1159 concluditur,
1650 1106 1773 1159 quod
1795 1106 1915 1149 dicta
1935 1106 2065 1149 bulla

295 1180 561 1221 nullatenus
592 1183 662 1221 est
693 1178 879 1231 penitus
910 1182 955 1220 et
983 1178 1202 1219 celeriter
1233 1177 1509 1220 revocanda.

412 1251 579 1292 Petunt
613 1253 764 1291 autem
802 1249 908 1290 dicti
945 1248 1152 1302 religiosi
1187 1261 1272 1302 per
1309 1248 1453 1291 dictos
1486 1248 1531 1290 d.
1567 1248 1746 1301 legatos
1780 1248 1827 1290 in
1863 1248 2065 1291 mediUm

295 1321 515 1373 producta
544 1324 701 1362 contra
730 1320 895 1361 dictam
924 1320 1099 1361 bullam
1129 1322 1174 1361 et
1201 1332 1287 1372 per
1316 1319 1665 1361 revocacionem
1695 1319 1840 1372 ipsius
1868 1319 2065 1362 deducta

295 1391 431 1433 claris
461 1391 746 1432 documentis
770 1394 819 1433 et
846 1391 1081 1433 ostensive
1110 1390 1301 1442 probari
1330 1393 1376 1433 et
1403 1389 1613 1432 offerunt
1642 1402 1692 1433 se
1717 1390 1829 1432 dicti
1858 1389 2065 1443 religiosi

295 1463 352 1504 ad
383 1462 761 1514 respondendum
794 1462 838 1502 in
868 1461 1058 1514 publica
1090 1461 1333 1503 audiencia
1365 1474 1519 1504 coram
1549 1460 1771 1503 universo
1799 1473 1935 1504 sacro
1964 1473 2066 1503 con-

295 1533 401 1574 cilio
433 1532 656 1585 generali,
689 1533 726 1574 si
759 1536 804 1575 et
836 1532 1023 1584 quando
1053 1532 1122 1575 eis
1153 1545 1240 1585 per
1271 1531 1440 1575 dictum
1474 1545 1656 1574 sacrum
1687 1531 1932 1574 concilium
1964 1543 2066 1574 con-

297 1603 498 1655 cedetur,
536 1603 659 1656 quod
698 1604 926 1645 instanter
966 1603 1229 1656 supplicant
1268 1606 1405 1656 atque
1442 1605 1618 1656 petunt,
1657 1607 1708 1646 ut
1745 1615 1927 1645 sacrum
1963 1615 2065 1645 con-

296 1674 451 1715 cilium
477 1674 532 1715 de
560 1674 679 1716 dicto
702 1674 894 1727 negocio
919 1678 964 1716 et
989 1674 1140 1727 ipsum
1166 1673 1472 1726 sequentibus
1495 1674 1686 1727 plenius
1711 1673 2002 1716 informetur.

414 1745 637 1786 Finaliter
670 1748 823 1786 autem
857 1745 1032 1787 addunt
1062 1758 1150 1798 pro
1181 1746 1281 1787 zelo
1315 1745 1431 1787 fidei
1463 1748 1509 1787 et
1540 1744 1914 1788 conservacionis
1947 1744 2066 1787 ordi-

296 1828 403 1857 num
430 1815 741 1868 predictorum
769 1819 965 1868 quatuor
990 1816 1209 1859 videlicet
1233 1817 1575 1870 religiosorum,
1600 1816 1726 1869 quod
1751 1816 1872 1859 inter
1897 1819 2065 1869 cetera,

297 1887 463 1938 quibus
496 1887 580 1928 hoc
613 1899 794 1928 sacrum
828 1887 1071 1928 concilium
1104 1887 1245 1929 habet
1275 1886 1538 1940 intendere,
1572 1887 1657 1929 fiat
1689 1887 1927 1929 ordinacio
1959 1899 2066 1941 que-

298 1956 400 1998 dam
426 1957 605 1999 stabilis
629 1957 927 2010 provisioque
949 1970 1131 2010 securta,
1155 1958 1278 2011 quod
1298 1961 1521 2001 *maneant
1542 1958 1854 2011 inperturbati
1878 1957 2066 2001 ordines

296 2028 490 2079 predicti
518 2028 749 2070 Christum
776 2029 821 2069 in
848 2028 943 2071 suis
968 2029 1176 2071 conciliis
1200 2032 1466 2082 sequentes,
1487 2042 1575 2082 pro
1596 2028 1742 2071 tocius
1764 2028 2065 2071 ecclesiastici

298 2100 440 2139 status
469 2099 826 2141 conservacione
855 2103 900 2142 et
928 2100 1188 2142 animarum
1216 2100 1420 2142 omnium
1448 2099 1661 2142 fidelium
1687 2100 1841 2142 salute
1869 2100 2065 2143 solerter

297 2171 341 2209 et
375 2168 562 2210 assiduo
595 2169 876 2223 laborantes,
911 2170 1062 2213 minus
1096 2171 1251 2212 debite
1287 2174 1333 2213 et
1360 2170 1533 2213 iniuste
1567 2183 1793 2224 perquam
1827 2171 1989 2224 plures
2021 2171 2066 2212 et

297 2238 473 2290 pluries
505 2252 529 2281 a
562 2239 731 2283 divinis
763 2240 936 2284 officiis
966 2242 1241 2294 perturbati.
