<?xml version="1.0" encoding="UTF-8"?>
<!DOCTYPE html PUBLIC "-//W3C//DTD XHTML 1.0 Transitional//EN"
    "http://www.w3.org/TR/xhtml1/DTD/xhtml1-transitional.dtd">
<html xmlns="http://www.w3.org/1999/xhtml" xml:lang="en" lang="en">
 <head>
  <title>
</title>
<meta http-equiv="Content-Type" content="text/html;charset=utf-8" />
  <meta name='ocr-system' content='tesseract 3.04.00' />
  <meta name='ocr-capabilities' content='ocr_page ocr_carea ocr_par ocr_line ocrx_word'/>
</head>
<body>
  <div class='ocr_page' id='page_1' title='image "./actaconciliicons02counuoft/actaconciliicons02counuoft_0152.png"; bbox 0 0 2102 3444; ppageno 0'>
   <div class='ocr_carea' id='block_1_1' title="bbox 233 142 1468 186">
    <p class='ocr_par' dir='ltr' id='par_1_1' title="bbox 233 142 1468 186">
     <span class='ocr_line' id='line_1_1' title="bbox 233 142 1468 186; baseline 0.002 -11"><span class='ocrx_word' id='word_1_1' title='bbox 233 142 316 185; x_wconf 82' lang='lat'>138</span> <span class='ocrx_word' id='word_1_2' title='bbox 767 143 791 176; x_wconf 89' lang='lat' dir='ltr'>I.</span> <span class='ocrx_word' id='word_1_3' title='bbox 819 142 1029 177; x_wconf 84' lang='lat' dir='ltr'>Abschnitt.</span> <span class='ocrx_word' id='word_1_4' title='bbox 1068 142 1468 186; x_wconf 83' lang='lat' dir='ltr'>Konzilstagebiicher.</span> 
     </span>
    </p>
   </div>
   <div class='ocr_carea' id='block_1_2' title="bbox 232 260 2011 3000">
    <p class='ocr_par' dir='ltr' id='par_1_2' title="bbox 232 260 2002 737">
     <span class='ocr_line' id='line_1_2' title="bbox 232 260 2001 314; baseline 0.001 -13"><span class='ocrx_word' id='word_1_5' title='bbox 232 272 465 311; x_wconf 91' lang='lat' dir='ltr'>gonenses</span> <span class='ocrx_word' id='word_1_6' title='bbox 494 263 538 302; x_wconf 92' lang='lat' dir='ltr'>et</span> <span class='ocrx_word' id='word_1_7' title='bbox 567 260 944 313; x_wconf 89' lang='lat' dir='ltr'>Portugalenses,</span> <span class='ocrx_word' id='word_1_8' title='bbox 972 261 1049 313; x_wconf 93' lang='lat' dir='ltr'>qui</span> <span class='ocrx_word' id='word_1_9' title='bbox 1080 260 1158 302; x_wconf 92' lang='lat' dir='ltr'>diu</span> <span class='ocrx_word' id='word_1_10' title='bbox 1187 260 1374 303; x_wconf 84' lang='lat' dir='ltr'>fuerant</span> <span class='ocrx_word' id='word_1_11' title='bbox 1402 265 1534 304; x_wconf 88' lang='lat' dir='ltr'>extra</span> <span class='ocrx_word' id='word_1_12' title='bbox 1563 262 1819 314; x_wconf 87' lang='lat' dir='ltr'>nacionem,</span> <span class='ocrx_word' id='word_1_13' title='bbox 1849 261 2001 304; x_wconf 90' lang='lat' dir='ltr'>adive-</span> 
     </span>
     <span class='ocr_line' id='line_1_3' title="bbox 234 330 2001 385; baseline 0.002 -14"><span class='ocrx_word' id='word_1_14' title='bbox 234 333 340 372; x_wconf 88' lang='lat' dir='ltr'>runt</span> <span class='ocrx_word' id='word_1_15' title='bbox 365 330 570 373; x_wconf 92' lang='lat' dir='ltr'>secunda</span> <span class='ocrx_word' id='word_1_16' title='bbox 593 331 691 373; x_wconf 90' lang='lat' dir='ltr'>vice</span> <span class='ocrx_word' id='word_1_17' title='bbox 720 331 846 373; x_wconf 89' lang='lat' dir='ltr'>illam</span> <span class='ocrx_word' id='word_1_18' title='bbox 872 331 1129 383; x_wconf 91' lang='lat' dir='ltr'>nacionem,</span> <span class='ocrx_word' id='word_1_19' title='bbox 1156 335 1204 373; x_wconf 91' lang='lat' dir='ltr'>ut</span> <span class='ocrx_word' id='word_1_20' title='bbox 1230 332 1371 373; x_wconf 87' lang='lat' dir='ltr'>vellet</span> <span class='ocrx_word' id='word_1_21' title='bbox 1397 332 1509 374; x_wconf 91' lang='lat' dir='ltr'>dare</span> <span class='ocrx_word' id='word_1_22' title='bbox 1535 333 1780 385; x_wconf 89' lang='lat' dir='ltr'>deputatos</span> <span class='ocrx_word' id='word_1_23' title='bbox 1806 332 1863 374; x_wconf 88' lang='lat' dir='ltr'>ad</span> <span class='ocrx_word' id='word_1_24' title='bbox 1888 335 2001 374; x_wconf 88' lang='lat' dir='ltr'>trac-</span> 
     </span>
     <span class='ocr_line' id='line_1_4' title="bbox 232 400 2000 455; baseline 0.001 -13"><span class='ocrx_word' id='word_1_25' title='bbox 232 400 422 442; x_wconf 90' lang='lat' dir='ltr'>tandum</span> <span class='ocrx_word' id='word_1_26' title='bbox 451 404 495 442; x_wconf 92' lang='lat' dir='ltr'>et</span> <span class='ocrx_word' id='word_1_27' title='bbox 524 401 833 443; x_wconf 88' lang='lat' dir='ltr'>ordinandum</span> <span class='ocrx_word' id='word_1_28' title='bbox 864 401 921 443; x_wconf 91' lang='lat' dir='ltr'>de</span> <span class='ocrx_word' id='word_1_29' title='bbox 951 401 1087 443; x_wconf 90' lang='lat' dir='ltr'>modo</span> <span class='ocrx_word' id='word_1_30' title='bbox 1115 402 1364 445; x_wconf 80' lang='lat' dir='ltr'>eleccionis</span> <span class='ocrx_word' id='word_1_31' title='bbox 1393 403 1630 444; x_wconf 92' lang='lat' dir='ltr'>recitando</span> <span class='ocrx_word' id='word_1_32' title='bbox 1659 403 1882 455; x_wconf 90' lang='lat' dir='ltr'>pericula,</span> <span class='ocrx_word' id='word_1_33' title='bbox 1910 414 2000 455; x_wconf 92' lang='lat' dir='ltr'>que</span> 
     </span>
     <span class='ocr_line' id='line_1_5' title="bbox 233 471 2000 526; baseline 0.001 -14"><span class='ocrx_word' id='word_1_34' title='bbox 233 471 460 513; x_wconf 90' lang='lat' dir='ltr'>inminent</span> <span class='ocrx_word' id='word_1_35' title='bbox 486 471 532 513; x_wconf 93' lang='lat' dir='ltr'>in</span> <span class='ocrx_word' id='word_1_36' title='bbox 558 472 804 513; x_wconf 85' lang='lat' dir='ltr'>vacacione</span> <span class='ocrx_word' id='word_1_37' title='bbox 831 471 1041 514; x_wconf 75' lang='lat' dir='ltr'>ecclesie.</span> <span class='ocrx_word' id='word_1_38' title='bbox 1082 472 1134 514; x_wconf 90' lang='lat' dir='ltr'>Et</span> <span class='ocrx_word' id='word_1_39' title='bbox 1161 473 1303 514; x_wconf 89' lang='lat' dir='ltr'>multa</span> <span class='ocrx_word' id='word_1_40' title='bbox 1330 472 1445 515; x_wconf 84' lang='lat' dir='ltr'>dixit</span> <span class='ocrx_word' id='word_1_41' title='bbox 1470 473 1527 514; x_wconf 95' lang='lat' dir='ltr'>de</span> <span class='ocrx_word' id='word_1_42' title='bbox 1554 473 1662 524; x_wconf 91' lang='lat' dir='ltr'>illis,</span> <span class='ocrx_word' id='word_1_43' title='bbox 1689 473 1766 525; x_wconf 93' lang='lat' dir='ltr'>qui</span> <span class='ocrx_word' id='word_1_44' title='bbox 1794 485 1843 515; x_wconf 89' lang='lat' dir='ltr'>se</span> <span class='ocrx_word' id='word_1_45' title='bbox 1869 485 2000 526; x_wconf 87' lang='lat' dir='ltr'>sepa-</span> 
     </span>
     <span class='ocr_line' id='line_1_6' title="bbox 233 542 2002 596; baseline 0 -13"><span class='ocrx_word' id='word_1_46' title='bbox 233 542 399 584; x_wconf 85' lang='lat' dir='ltr'>rabant</span> <span class='ocrx_word' id='word_1_47' title='bbox 433 555 458 584; x_wconf 92' lang='lat' dir='ltr'>a</span> <span class='ocrx_word' id='word_1_48' title='bbox 492 542 589 584; x_wconf 91' lang='lat' dir='ltr'>suis</span> <span class='ocrx_word' id='word_1_49' title='bbox 621 542 895 585; x_wconf 83' lang='lat' dir='ltr'>nacionibus</span> <span class='ocrx_word' id='word_1_50' title='bbox 928 546 973 584; x_wconf 90' lang='lat' dir='ltr'>et</span> <span class='ocrx_word' id='word_1_51' title='bbox 1006 543 1324 595; x_wconf 80' lang='lat' dir='ltr'>sequebantur</span> <span class='ocrx_word' id='word_1_52' title='bbox 1357 546 1514 596; x_wconf 91' lang='lat' dir='ltr'>partes</span> <span class='ocrx_word' id='word_1_53' title='bbox 1550 543 1687 596; x_wconf 87' lang='lat' dir='ltr'>regis,</span> <span class='ocrx_word' id='word_1_54' title='bbox 1719 555 1889 586; x_wconf 88' lang='lat' dir='ltr'>vocans</span> <span class='ocrx_word' id='word_1_55' title='bbox 1921 555 2002 584; x_wconf 92' lang='lat' dir='ltr'>eos</span> 
     </span>
     <span class='ocr_line' id='line_1_7' title="bbox 233 612 2002 667; baseline 0.001 -15"><span class='ocrx_word' id='word_1_56' title='bbox 233 612 495 665; x_wconf 86' lang='lat' dir='ltr'>fragmenta</span> <span class='ocrx_word' id='word_1_57' title='bbox 517 613 714 655; x_wconf 91' lang='lat' dir='ltr'>concilii.</span> <span class='ocrx_word' id='word_1_58' title='bbox 750 613 888 667; x_wconf 88' lang='lat' dir='ltr'>Nacio</span> <span class='ocrx_word' id='word_1_59' title='bbox 912 613 992 655; x_wconf 89' lang='lat' dir='ltr'>illa</span> <span class='ocrx_word' id='word_1_60' title='bbox 1016 613 1257 666; x_wconf 79' lang='lat' dir='ltr'>respondit</span> <span class='ocrx_word' id='word_1_61' title='bbox 1281 625 1330 655; x_wconf 92' lang='lat' dir='ltr'>se</span> <span class='ocrx_word' id='word_1_62' title='bbox 1355 614 1720 656; x_wconf 85' lang='lat' dir='ltr'>deliberaturam</span> <span class='ocrx_word' id='word_1_63' title='bbox 1745 616 1789 655; x_wconf 92' lang='lat' dir='ltr'>et</span> <span class='ocrx_word' id='word_1_64' title='bbox 1813 625 2002 666; x_wconf 91' lang='lat' dir='ltr'>respon-</span> 
     </span>
     <span class='ocr_line' id='line_1_8' title="bbox 234 683 1826 737; baseline 0.001 -14"><span class='ocrx_word' id='word_1_65' title='bbox 234 683 446 736; x_wconf 68' lang='lat' dir='ltr'>suram.²¹)</span> <span class='ocrx_word' id='word_1_66' title='bbox 494 683 676 726; x_wconf 88' lang='lat' dir='ltr'>Nullam</span> <span class='ocrx_word' id='word_1_67' title='bbox 710 686 865 725; x_wconf 91' lang='lat' dir='ltr'>tamen</span> <span class='ocrx_word' id='word_1_68' title='bbox 899 683 1022 725; x_wconf 91' lang='lat' dir='ltr'>diem</span> <span class='ocrx_word' id='word_1_69' title='bbox 1055 684 1308 737; x_wconf 76' lang='lat' dir='ltr'>assignavit</span> <span class='ocrx_word' id='word_1_70' title='bbox 1342 684 1399 726; x_wconf 90' lang='lat' dir='ltr'>ad</span> <span class='ocrx_word' id='word_1_71' title='bbox 1433 684 1826 737; x_wconf 92' lang='lat' dir='ltr'>respondendum.</span> 
     </span>
    </p>

    <p class='ocr_par' dir='ltr' id='par_1_3' title="bbox 232 753 2011 3000">
     <span class='ocr_line' id='line_1_9' title="bbox 352 753 2004 808; baseline 0.001 -14"><span class='ocrx_word' id='word_1_72' title='bbox 352 753 436 795; x_wconf 92' lang='lat' dir='ltr'>Die</span> <span class='ocrx_word' id='word_1_73' title='bbox 472 753 589 796; x_wconf 93' lang='lat' dir='ltr'>iovis</span> <span class='ocrx_word' id='word_1_74' title='bbox 628 754 701 796; x_wconf 89' lang='lat' dir='ltr'>IX.</span> <span class='ocrx_word' id='word_1_75' title='bbox 737 754 1026 807; x_wconf 88' lang='lat' dir='ltr'>Septembris</span> <span class='ocrx_word' id='word_1_76' title='bbox 1060 754 1232 807; x_wconf 83' lang='lat' dir='ltr'>prefati</span> <span class='ocrx_word' id='word_1_77' title='bbox 1267 754 1473 808; x_wconf 91' lang='lat' dir='ltr'>deputati</span> <span class='ocrx_word' id='word_1_78' title='bbox 1508 754 1645 796; x_wconf 91' lang='lat' dir='ltr'>trium</span> <span class='ocrx_word' id='word_1_79' title='bbox 1680 755 1925 797; x_wconf 86' lang='lat' dir='ltr'>nacionum</span> <span class='ocrx_word' id='word_1_80' title='bbox 1960 756 2004 796; x_wconf 86' lang='lat' dir='ltr'>et</span> 
     </span>
     <span class='ocr_line' id='line_1_10' title="bbox 233 823 2003 878; baseline 0.001 -13"><span class='ocrx_word' id='word_1_81' title='bbox 233 823 539 866; x_wconf 88' lang='lat' dir='ltr'>cardinalium</span> <span class='ocrx_word' id='word_1_82' title='bbox 581 824 748 866; x_wconf 90' lang='lat' dir='ltr'>iterum</span> <span class='ocrx_word' id='word_1_83' title='bbox 790 825 1037 867; x_wconf 89' lang='lat' dir='ltr'>adiverunt</span> <span class='ocrx_word' id='word_1_84' title='bbox 1076 824 1319 867; x_wconf 87' lang='lat' dir='ltr'>nacionem</span> <span class='ocrx_word' id='word_1_85' title='bbox 1361 825 1611 867; x_wconf 89' lang='lat' dir='ltr'>Germanie</span> <span class='ocrx_word' id='word_1_86' title='bbox 1653 825 1712 867; x_wconf 89' lang='lat' dir='ltr'>ad</span> <span class='ocrx_word' id='word_1_87' title='bbox 1752 824 2003 878; x_wconf 84' lang='lat' dir='ltr'>petendum</span> 
     </span>
     <span class='ocr_line' id='line_1_11' title="bbox 234 895 2005 949; baseline 0.001 -14"><span class='ocrx_word' id='word_1_88' title='bbox 234 895 590 947; x_wconf 88' lang='lat' dir='ltr'>responsionem</span> <span class='ocrx_word' id='word_1_89' title='bbox 625 898 670 937; x_wconf 91' lang='lat' dir='ltr'>et</span> <span class='ocrx_word' id='word_1_90' title='bbox 704 895 750 936; x_wconf 92' lang='lat' dir='ltr'>in</span> <span class='ocrx_word' id='word_1_91' title='bbox 784 908 907 948; x_wconf 80' lang='lat' dir='ltr'>casn,</span> <span class='ocrx_word' id='word_1_92' title='bbox 941 908 1032 948; x_wconf 93' lang='lat' dir='ltr'>quo</span> <span class='ocrx_word' id='word_1_93' title='bbox 1064 908 1157 938; x_wconf 94' lang='lat' dir='ltr'>non</span> <span class='ocrx_word' id='word_1_94' title='bbox 1191 896 1547 949; x_wconf 87' lang='lat' dir='ltr'>responderent,</span> <span class='ocrx_word' id='word_1_95' title='bbox 1583 897 1750 937; x_wconf 89' lang='lat' dir='ltr'>iterum</span> <span class='ocrx_word' id='word_1_96' title='bbox 1783 898 1829 937; x_wconf 89' lang='lat' dir='ltr'>et</span> <span class='ocrx_word' id='word_1_97' title='bbox 1861 895 2005 938; x_wconf 89' lang='lat' dir='ltr'>tercio</span> 
     </span>
     <span class='ocr_line' id='line_1_12' title="bbox 234 965 2005 1020; baseline 0.001 -14"><span class='ocrx_word' id='word_1_98' title='bbox 234 965 584 1018; x_wconf 87' lang='lat' dir='ltr'>requirendum,</span> <span class='ocrx_word' id='word_1_99' title='bbox 627 965 909 1008; x_wconf 90' lang='lat' dir='ltr'>monendum</span> <span class='ocrx_word' id='word_1_100' title='bbox 953 969 997 1008; x_wconf 90' lang='lat' dir='ltr'>et</span> <span class='ocrx_word' id='word_1_101' title='bbox 1037 967 1403 1019; x_wconf 90' lang='lat' dir='ltr'>protestandum,</span> <span class='ocrx_word' id='word_1_102' title='bbox 1447 970 1582 1020; x_wconf 91' lang='lat' dir='ltr'>prout</span> <span class='ocrx_word' id='word_1_103' title='bbox 1623 966 1826 1009; x_wconf 86' lang='lat' dir='ltr'>inferius</span> <span class='ocrx_word' id='word_1_104' title='bbox 1867 965 2005 1008; x_wconf 90' lang='lat' dir='ltr'>conti-</span> 
     </span>
     <span class='ocr_line' id='line_1_13' title="bbox 233 1036 2004 1090; baseline 0.001 -13"><span class='ocrx_word' id='word_1_105' title='bbox 233 1039 383 1078; x_wconf 87' lang='lat' dir='ltr'>netur.</span> <span class='ocrx_word' id='word_1_106' title='bbox 430 1036 485 1078; x_wconf 90' lang='lat' dir='ltr'>Et</span> <span class='ocrx_word' id='word_1_107' title='bbox 519 1036 790 1089; x_wconf 86' lang='lat' dir='ltr'>supervenit</span> <span class='ocrx_word' id='word_1_108' title='bbox 823 1049 909 1078; x_wconf 89' lang='lat' dir='ltr'>rex</span> <span class='ocrx_word' id='word_1_109' title='bbox 942 1040 987 1079; x_wconf 94' lang='lat' dir='ltr'>et</span> <span class='ocrx_word' id='word_1_110' title='bbox 1018 1037 1158 1090; x_wconf 86' lang='lat' dir='ltr'>legati</span> <span class='ocrx_word' id='word_1_111' title='bbox 1194 1049 1356 1090; x_wconf 91' lang='lat' dir='ltr'>regum</span> <span class='ocrx_word' id='word_1_112' title='bbox 1390 1037 1623 1090; x_wconf 88' lang='lat' dir='ltr'>Aragonie</span> <span class='ocrx_word' id='word_1_113' title='bbox 1658 1040 1704 1079; x_wconf 94' lang='lat' dir='ltr'>et</span> <span class='ocrx_word' id='word_1_114' title='bbox 1738 1037 2004 1090; x_wconf 90' lang='lat' dir='ltr'>Portugalie</span> 
     </span>
     <span class='ocr_line' id='line_1_14' title="bbox 234 1106 2005 1161; baseline 0.001 -14"><span class='ocrx_word' id='word_1_115' title='bbox 234 1118 396 1149; x_wconf 91' lang='lat' dir='ltr'>omnes</span> <span class='ocrx_word' id='word_1_116' title='bbox 420 1106 536 1150; x_wconf 89' lang='lat' dir='ltr'>laici.</span> <span class='ocrx_word' id='word_1_117' title='bbox 574 1106 837 1149; x_wconf 89' lang='lat' dir='ltr'>Cardinalis</span> <span class='ocrx_word' id='word_1_118' title='bbox 862 1107 1061 1150; x_wconf 87' lang='lat' dir='ltr'>Pisanus</span> <span class='ocrx_word' id='word_1_119' title='bbox 1085 1107 1326 1161; x_wconf 88' lang='lat' dir='ltr'>proposuit</span> <span class='ocrx_word' id='word_1_120' title='bbox 1350 1107 1621 1160; x_wconf 90' lang='lat' dir='ltr'>replicando</span> <span class='ocrx_word' id='word_1_121' title='bbox 1645 1107 2005 1161; x_wconf 88' lang='lat' dir='ltr'>requisicionem</span> 
     </span>
     <span class='ocr_line' id='line_1_15' title="bbox 234 1177 2006 1231; baseline 0.001 -13"><span class='ocrx_word' id='word_1_122' title='bbox 234 1177 351 1220; x_wconf 90' lang='lat' dir='ltr'>alias</span> <span class='ocrx_word' id='word_1_123' title='bbox 387 1177 555 1219; x_wconf 81' lang='lat' dir='ltr'>factam</span> <span class='ocrx_word' id='word_1_124' title='bbox 591 1181 637 1219; x_wconf 93' lang='lat' dir='ltr'>et</span> <span class='ocrx_word' id='word_1_125' title='bbox 671 1178 874 1231; x_wconf 82' lang='lat' dir='ltr'>petendo</span> <span class='ocrx_word' id='word_1_126' title='bbox 910 1190 1201 1231; x_wconf 89' lang='lat' dir='ltr'>responsum.</span> <span class='ocrx_word' id='word_1_127' title='bbox 1251 1177 1598 1231; x_wconf 90' lang='lat' dir='ltr'>Subpresidens</span> <span class='ocrx_word' id='word_1_128' title='bbox 1633 1178 1761 1221; x_wconf 89' lang='lat' dir='ltr'>illius</span> <span class='ocrx_word' id='word_1_129' title='bbox 1796 1178 2006 1220; x_wconf 85' lang='lat' dir='ltr'>nacionis</span> 
     </span>
     <span class='ocr_line' id='line_1_16' title="bbox 234 1248 2006 1302; baseline 0 -12"><span class='ocrx_word' id='word_1_130' title='bbox 234 1248 477 1301; x_wconf 89' lang='lat' dir='ltr'>respondit</span> <span class='ocrx_word' id='word_1_131' title='bbox 497 1248 765 1290; x_wconf 89' lang='lat' dir='ltr'>excusando</span> <span class='ocrx_word' id='word_1_132' title='bbox 788 1261 847 1290; x_wconf 95' lang='lat' dir='ltr'>ex</span> <span class='ocrx_word' id='word_1_133' title='bbox 870 1248 1148 1301; x_wconf 92' lang='lat' dir='ltr'>quibusdam</span> <span class='ocrx_word' id='word_1_134' title='bbox 1170 1250 1336 1291; x_wconf 89' lang='lat' dir='ltr'>causis.</span> <span class='ocrx_word' id='word_1_135' title='bbox 1373 1249 1586 1291; x_wconf 88' lang='lat' dir='ltr'>Surrexit</span> <span class='ocrx_word' id='word_1_136' title='bbox 1606 1249 1813 1302; x_wconf 90' lang='lat' dir='ltr'>Sperans</span> <span class='ocrx_word' id='word_1_137' title='bbox 1836 1249 1884 1290; x_wconf 93' lang='lat' dir='ltr'>in</span> <span class='ocrx_word' id='word_1_138' title='bbox 1907 1249 2006 1291; x_wconf 94' lang='lat' dir='ltr'>Deo</span> 
     </span>
     <span class='ocr_line' id='line_1_17' title="bbox 232 1319 2006 1373; baseline 0 -13"><span class='ocrx_word' id='word_1_139' title='bbox 232 1319 413 1372; x_wconf 89' lang='lat' dir='ltr'>legatus</span> <span class='ocrx_word' id='word_1_140' title='bbox 441 1319 566 1372; x_wconf 89' lang='lat' dir='ltr'>regis</span> <span class='ocrx_word' id='word_1_141' title='bbox 592 1319 874 1372; x_wconf 89' lang='lat' dir='ltr'>Aragonum‚</span> <span class='ocrx_word' id='word_1_142' title='bbox 902 1319 1059 1361; x_wconf 83' lang='lat' dir='ltr'>doctor</span> <span class='ocrx_word' id='word_1_143' title='bbox 1087 1319 1371 1373; x_wconf 90' lang='lat' dir='ltr'>coniugatus,</span> <span class='ocrx_word' id='word_1_144' title='bbox 1396 1323 1442 1361; x_wconf 94' lang='lat' dir='ltr'>et</span> <span class='ocrx_word' id='word_1_145' title='bbox 1468 1319 1597 1372; x_wconf 85' lang='lat' dir='ltr'>dixit,</span> <span class='ocrx_word' id='word_1_146' title='bbox 1624 1319 1747 1372; x_wconf 91' lang='lat' dir='ltr'>quod</span> <span class='ocrx_word' id='word_1_147' title='bbox 1774 1319 2006 1362; x_wconf 90' lang='lat' dir='ltr'>miraban-</span> 
     </span>
     <span class='ocr_line' id='line_1_18' title="bbox 233 1389 2005 1443; baseline 0 -12"><span class='ocrx_word' id='word_1_148' title='bbox 233 1393 321 1443; x_wconf 87' lang='lat' dir='ltr'>tur,</span> <span class='ocrx_word' id='word_1_149' title='bbox 344 1389 467 1443; x_wconf 93' lang='lat' dir='ltr'>quod</span> <span class='ocrx_word' id='word_1_150' title='bbox 491 1389 634 1442; x_wconf 92' lang='lat' dir='ltr'>aliqui</span> <span class='ocrx_word' id='word_1_151' title='bbox 657 1402 707 1432; x_wconf 93' lang='lat' dir='ltr'>se</span> <span class='ocrx_word' id='word_1_152' title='bbox 729 1393 950 1443; x_wconf 87' lang='lat' dir='ltr'>gererent</span> <span class='ocrx_word' id='word_1_153' title='bbox 970 1402 1056 1443; x_wconf 91' lang='lat' dir='ltr'>pro</span> <span class='ocrx_word' id='word_1_154' title='bbox 1077 1390 1272 1432; x_wconf 90' lang='lat' dir='ltr'>nacione</span> <span class='ocrx_word' id='word_1_155' title='bbox 1295 1390 1548 1443; x_wconf 90' lang='lat' dir='ltr'>Hispanica</span> <span class='ocrx_word' id='word_1_156' title='bbox 1571 1391 1673 1432; x_wconf 89' lang='lat' dir='ltr'>sine</span> <span class='ocrx_word' id='word_1_157' title='bbox 1697 1391 1813 1433; x_wconf 84' lang='lat' dir='ltr'>scitu</span> <span class='ocrx_word' id='word_1_158' title='bbox 1835 1393 1880 1432; x_wconf 90' lang='lat' dir='ltr'>et</span> <span class='ocrx_word' id='word_1_159' title='bbox 1901 1402 2005 1432; x_wconf 92' lang='lat' dir='ltr'>con-</span> 
     </span>
     <span class='ocr_line' id='line_1_19' title="bbox 234 1460 2004 1514; baseline -0.001 -11"><span class='ocrx_word' id='word_1_160' title='bbox 234 1473 376 1503; x_wconf 93' lang='lat' dir='ltr'>sensu</span> <span class='ocrx_word' id='word_1_161' title='bbox 401 1460 788 1514; x_wconf 86' lang='lat' dir='ltr'>Aragonensium,</span> <span class='ocrx_word' id='word_1_162' title='bbox 816 1473 918 1502; x_wconf 89' lang='lat' dir='ltr'>cum</span> <span class='ocrx_word' id='word_1_163' title='bbox 946 1461 1047 1503; x_wconf 93' lang='lat' dir='ltr'>sine</span> <span class='ocrx_word' id='word_1_164' title='bbox 1076 1461 1171 1503; x_wconf 92' lang='lat' dir='ltr'>illis</span> <span class='ocrx_word' id='word_1_165' title='bbox 1198 1460 1317 1502; x_wconf 93' lang='lat' dir='ltr'>nulli</span> <span class='ocrx_word' id='word_1_166' title='bbox 1343 1464 1535 1514; x_wconf 86' lang='lat' dir='ltr'>possent</span> <span class='ocrx_word' id='word_1_167' title='bbox 1562 1460 1720 1502; x_wconf 82' lang='lat' dir='ltr'>facere</span> <span class='ocrx_word' id='word_1_168' title='bbox 1747 1461 2004 1503; x_wconf 89' lang='lat' dir='ltr'>nacionem.</span> 
     </span>
     <span class='ocr_line' id='line_1_20' title="bbox 233 1531 2007 1584; baseline -0.001 -11"><span class='ocrx_word' id='word_1_169' title='bbox 233 1532 324 1574; x_wconf 89' lang='lat' dir='ltr'>Nec</span> <span class='ocrx_word' id='word_1_170' title='bbox 355 1535 488 1573; x_wconf 87' lang='lat' dir='ltr'>erant</span> <span class='ocrx_word' id='word_1_171' title='bbox 520 1531 652 1574; x_wconf 91' lang='lat' dir='ltr'>nacio</span> <span class='ocrx_word' id='word_1_172' title='bbox 684 1535 753 1574; x_wconf 88' lang='lat' dir='ltr'>set</span> <span class='ocrx_word' id='word_1_173' title='bbox 783 1544 927 1573; x_wconf 91' lang='lat' dir='ltr'>unum</span> <span class='ocrx_word' id='word_1_174' title='bbox 958 1531 1116 1584; x_wconf 88' lang='lat' dir='ltr'>nichil,</span> <span class='ocrx_word' id='word_1_175' title='bbox 1146 1534 1193 1573; x_wconf 89' lang='lat' dir='ltr'>et</span> <span class='ocrx_word' id='word_1_176' title='bbox 1223 1535 1323 1574; x_wconf 90' lang='lat' dir='ltr'>erat</span> <span class='ocrx_word' id='word_1_177' title='bbox 1355 1531 1424 1574; x_wconf 92' lang='lat' dir='ltr'>eis</span> <span class='ocrx_word' id='word_1_178' title='bbox 1457 1543 1623 1584; x_wconf 90' lang='lat' dir='ltr'>magna</span> <span class='ocrx_word' id='word_1_179' title='bbox 1653 1531 1906 1574; x_wconf 87' lang='lat' dir='ltr'>temeritas.</span> <span class='ocrx_word' id='word_1_180' title='bbox 1952 1531 2007 1572; x_wconf 89' lang='lat' dir='ltr'>Et</span> 
     </span>
     <span class='ocr_line' id='line_1_21' title="bbox 233 1601 2006 1656; baseline 0 -12"><span class='ocrx_word' id='word_1_181' title='bbox 233 1603 580 1656; x_wconf 88' lang='lat' dir='ltr'>protestabatur</span> <span class='ocrx_word' id='word_1_182' title='bbox 618 1602 674 1644; x_wconf 93' lang='lat' dir='ltr'>de</span> <span class='ocrx_word' id='word_1_183' title='bbox 712 1602 927 1644; x_wconf 91' lang='lat' dir='ltr'>nullitate</span> <span class='ocrx_word' id='word_1_184' title='bbox 965 1605 1201 1656; x_wconf 90' lang='lat' dir='ltr'>gestorum</span> <span class='ocrx_word' id='word_1_185' title='bbox 1239 1615 1324 1656; x_wconf 93' lang='lat' dir='ltr'>per</span> <span class='ocrx_word' id='word_1_186' title='bbox 1364 1602 1470 1645; x_wconf 92' lang='lat' dir='ltr'>illos</span> <span class='ocrx_word' id='word_1_187' title='bbox 1509 1601 1802 1645; x_wconf 90' lang='lat' dir='ltr'>Castellanos</span> <span class='ocrx_word' id='word_1_188' title='bbox 1839 1605 1885 1645; x_wconf 92' lang='lat' dir='ltr'>et</span> <span class='ocrx_word' id='word_1_189' title='bbox 1922 1602 2006 1644; x_wconf 88' lang='lat' dir='ltr'>Na—</span> 
     </span>
     <span class='ocr_line' id='line_1_22' title="bbox 234 1672 2005 1726; baseline 0 -12"><span class='ocrx_word' id='word_1_190' title='bbox 234 1686 412 1715; x_wconf 88' lang='lat' dir='ltr'>uarros.</span> <span class='ocrx_word' id='word_1_191' title='bbox 450 1673 708 1726; x_wconf 85' lang='lat' dir='ltr'>Episcopus</span> <span class='ocrx_word' id='word_1_192' title='bbox 735 1673 1022 1716; x_wconf 91' lang='lat' dir='ltr'>Conchensis</span> <span class='ocrx_word' id='word_1_193' title='bbox 1048 1685 1245 1726; x_wconf 85' lang='lat' dir='ltr'>surgens</span> <span class='ocrx_word' id='word_1_194' title='bbox 1272 1672 1401 1725; x_wconf 87' lang='lat' dir='ltr'>dixit,</span> <span class='ocrx_word' id='word_1_195' title='bbox 1428 1673 1552 1726; x_wconf 93' lang='lat' dir='ltr'>quod</span> <span class='ocrx_word' id='word_1_196' title='bbox 1574 1672 1670 1726; x_wconf 91' lang='lat' dir='ltr'>illa,</span> <span class='ocrx_word' id='word_1_197' title='bbox 1696 1685 1786 1726; x_wconf 93' lang='lat' dir='ltr'>que</span> <span class='ocrx_word' id='word_1_198' title='bbox 1811 1672 2005 1724; x_wconf 84' lang='lat' dir='ltr'>fiebant,</span> 
     </span>
     <span class='ocr_line' id='line_1_23' title="bbox 234 1743 2005 1797; baseline 0 -12"><span class='ocrx_word' id='word_1_199' title='bbox 234 1747 368 1786; x_wconf 89' lang='lat' dir='ltr'>erant</span> <span class='ocrx_word' id='word_1_200' title='bbox 392 1744 651 1786; x_wconf 90' lang='lat' dir='ltr'>deliberata</span> <span class='ocrx_word' id='word_1_201' title='bbox 676 1747 720 1786; x_wconf 94' lang='lat' dir='ltr'>et</span> <span class='ocrx_word' id='word_1_202' title='bbox 744 1745 960 1786; x_wconf 89' lang='lat' dir='ltr'>conclusa</span> <span class='ocrx_word' id='word_1_203' title='bbox 986 1744 1033 1785; x_wconf 93' lang='lat' dir='ltr'>in</span> <span class='ocrx_word' id='word_1_204' title='bbox 1055 1743 1249 1786; x_wconf 89' lang='lat' dir='ltr'>nacione</span> <span class='ocrx_word' id='word_1_205' title='bbox 1275 1744 1527 1797; x_wconf 90' lang='lat' dir='ltr'>Hispanica</span> <span class='ocrx_word' id='word_1_206' title='bbox 1552 1744 1652 1785; x_wconf 91' lang='lat' dir='ltr'>loco</span> <span class='ocrx_word' id='word_1_207' title='bbox 1675 1746 1720 1785; x_wconf 90' lang='lat' dir='ltr'>et</span> <span class='ocrx_word' id='word_1_208' title='bbox 1743 1743 1879 1786; x_wconf 92' lang='lat' dir='ltr'>modo</span> <span class='ocrx_word' id='word_1_209' title='bbox 1902 1755 2005 1785; x_wconf 87' lang='lat' dir='ltr'>con-</span> 
     </span>
     <span class='ocr_line' id='line_1_24' title="bbox 236 1813 2006 1870; baseline 0 -14"><span class='ocrx_word' id='word_1_210' title='bbox 236 1815 394 1867; x_wconf 89' lang='lat' dir='ltr'>suetis,</span> <span class='ocrx_word' id='word_1_211' title='bbox 426 1815 509 1857; x_wconf 93' lang='lat' dir='ltr'>sed</span> <span class='ocrx_word' id='word_1_212' title='bbox 538 1827 594 1856; x_wconf 92' lang='lat' dir='ltr'>eo</span> <span class='ocrx_word' id='word_1_213' title='bbox 625 1818 849 1868; x_wconf 91' lang='lat' dir='ltr'>tempore,</span> <span class='ocrx_word' id='word_1_214' title='bbox 881 1828 971 1868; x_wconf 93' lang='lat' dir='ltr'>quo</span> <span class='ocrx_word' id='word_1_215' title='bbox 1002 1815 1333 1867; x_wconf 90' lang='lat' dir='ltr'>Aragonenses</span> <span class='ocrx_word' id='word_1_216' title='bbox 1363 1817 1408 1856; x_wconf 88' lang='lat' dir='ltr'>et</span> <span class='ocrx_word' id='word_1_217' title='bbox 1438 1815 1800 1867; x_wconf 85' lang='lat' dir='ltr'>Portugalenses</span> <span class='ocrx_word' id='word_1_218' title='bbox 1831 1827 1857 1856; x_wconf 92' lang='lat' dir='ltr'>a</span> <span class='ocrx_word' id='word_1_219' title='bbox 1889 1813 2006 1870; x_wconf 84' lang='lat' dir='ltr'>dicta</span> 
     </span>
     <span class='ocr_line' id='line_1_25' title="bbox 234 1885 2008 1938; baseline 0 -12"><span class='ocrx_word' id='word_1_220' title='bbox 234 1885 429 1927; x_wconf 87' lang='lat' dir='ltr'>nacione</span> <span class='ocrx_word' id='word_1_221' title='bbox 461 1899 511 1928; x_wconf 92' lang='lat' dir='ltr'>se</span> <span class='ocrx_word' id='word_1_222' title='bbox 542 1885 912 1938; x_wconf 87' lang='lat' dir='ltr'>substraxerant,</span> <span class='ocrx_word' id='word_1_223' title='bbox 942 1885 1066 1928; x_wconf 92' lang='lat' dir='ltr'>unde</span> <span class='ocrx_word' id='word_1_224' title='bbox 1098 1885 1185 1928; x_wconf 92' lang='lat' dir='ltr'>sibi</span> <span class='ocrx_word' id='word_1_225' title='bbox 1219 1886 1519 1938; x_wconf 89' lang='lat' dir='ltr'>imputarent;</span> <span class='ocrx_word' id='word_1_226' title='bbox 1550 1897 1671 1927; x_wconf 91' lang='lat' dir='ltr'>nunc</span> <span class='ocrx_word' id='word_1_227' title='bbox 1703 1887 1857 1927; x_wconf 89' lang='lat' dir='ltr'>autem</span> <span class='ocrx_word' id='word_1_228' title='bbox 1886 1887 2008 1938; x_wconf 86' lang='lat' dir='ltr'>post-</span> 
     </span>
     <span class='ocr_line' id='line_1_26' title="bbox 236 1955 2004 2009; baseline -0.001 -11"><span class='ocrx_word' id='word_1_229' title='bbox 236 1969 373 2009; x_wconf 90' lang='lat' dir='ltr'>quam</span> <span class='ocrx_word' id='word_1_230' title='bbox 398 1956 575 1998; x_wconf 92' lang='lat' dir='ltr'>reversi</span> <span class='ocrx_word' id='word_1_231' title='bbox 600 1956 659 1998; x_wconf 89' lang='lat' dir='ltr'>ad</span> <span class='ocrx_word' id='word_1_232' title='bbox 681 1956 925 1998; x_wconf 88' lang='lat' dir='ltr'>nacionem</span> <span class='ocrx_word' id='word_1_233' title='bbox 950 1956 1150 2009; x_wconf 85' lang='lat' dir='ltr'>fuerant,</span> <span class='ocrx_word' id='word_1_234' title='bbox 1174 1956 1313 1997; x_wconf 89' lang='lat' dir='ltr'>nichil</span> <span class='ocrx_word' id='word_1_235' title='bbox 1338 1956 1485 1998; x_wconf 80' lang='lat' dir='ltr'>fiebat</span> <span class='ocrx_word' id='word_1_236' title='bbox 1509 1956 1566 1998; x_wconf 91' lang='lat' dir='ltr'>de</span> <span class='ocrx_word' id='word_1_237' title='bbox 1590 1968 1724 2008; x_wconf 93' lang='lat' dir='ltr'>novo,</span> <span class='ocrx_word' id='word_1_238' title='bbox 1749 1955 1832 1998; x_wconf 93' lang='lat' dir='ltr'>sed</span> <span class='ocrx_word' id='word_1_239' title='bbox 1856 1955 2004 1998; x_wconf 89' lang='lat' dir='ltr'>solum</span> 
     </span>
     <span class='ocr_line' id='line_1_27' title="bbox 235 2025 2007 2080; baseline -0.001 -12"><span class='ocrx_word' id='word_1_240' title='bbox 235 2027 592 2080; x_wconf 86' lang='lat' dir='ltr'>exequebantur</span> <span class='ocrx_word' id='word_1_241' title='bbox 613 2028 829 2069; x_wconf 91' lang='lat' dir='ltr'>conclusa</span> <span class='ocrx_word' id='word_1_242' title='bbox 850 2039 936 2080; x_wconf 89' lang='lat' dir='ltr'>per</span> <span class='ocrx_word' id='word_1_243' title='bbox 957 2026 1100 2080; x_wconf 89' lang='lat' dir='ltr'>prius.</span> <span class='ocrx_word' id='word_1_244' title='bbox 1137 2027 1191 2068; x_wconf 88' lang='lat' dir='ltr'>Et</span> <span class='ocrx_word' id='word_1_245' title='bbox 1213 2026 1519 2079; x_wconf 92' lang='lat' dir='ltr'>reprehendit</span> <span class='ocrx_word' id='word_1_246' title='bbox 1540 2026 1816 2079; x_wconf 91' lang='lat' dir='ltr'>Sperantem</span> <span class='ocrx_word' id='word_1_247' title='bbox 1838 2026 1886 2068; x_wconf 92' lang='lat' dir='ltr'>in</span> <span class='ocrx_word' id='word_1_248' title='bbox 1909 2025 2007 2068; x_wconf 91' lang='lat' dir='ltr'>Deo</span> 
     </span>
     <span class='ocr_line' id='line_1_28' title="bbox 237 2096 2005 2151; baseline -0.001 -11"><span class='ocrx_word' id='word_1_249' title='bbox 237 2098 295 2140; x_wconf 94' lang='lat' dir='ltr'>de</span> <span class='ocrx_word' id='word_1_250' title='bbox 330 2098 488 2141; x_wconf 88' lang='lat' dir='ltr'>verbis</span> <span class='ocrx_word' id='word_1_251' title='bbox 525 2097 856 2151; x_wconf 87' lang='lat' dir='ltr'>‚,temeritatis“</span> <span class='ocrx_word' id='word_1_252' title='bbox 893 2101 937 2139; x_wconf 93' lang='lat' dir='ltr'>et</span> <span class='ocrx_word' id='word_1_253' title='bbox 972 2097 1170 2151; x_wconf 89' lang='lat' dir='ltr'>„nichil“</span> <span class='ocrx_word' id='word_1_254' title='bbox 1207 2101 1252 2139; x_wconf 88' lang='lat' dir='ltr'>et</span> <span class='ocrx_word' id='word_1_255' title='bbox 1288 2097 1424 2139; x_wconf 91' lang='lat' dir='ltr'>ambo</span> <span class='ocrx_word' id='word_1_256' title='bbox 1458 2097 1569 2140; x_wconf 86' lang='lat' dir='ltr'>satis</span> <span class='ocrx_word' id='word_1_257' title='bbox 1606 2097 1833 2139; x_wconf 73' lang='lat' dir='ltr'>invective</span> <span class='ocrx_word' id='word_1_258' title='bbox 1869 2096 2005 2139; x_wconf 92' lang='lat' dir='ltr'>locuti</span> 
     </span>
     <span class='ocr_line' id='line_1_29' title="bbox 237 2167 2007 2222; baseline -0.001 -12"><span class='ocrx_word' id='word_1_259' title='bbox 237 2172 355 2211; x_wconf 91' lang='lat' dir='ltr'>sunt.</span> <span class='ocrx_word' id='word_1_260' title='bbox 405 2169 626 2222; x_wconf 90' lang='lat' dir='ltr'>Idemque</span> <span class='ocrx_word' id='word_1_261' title='bbox 662 2168 948 2211; x_wconf 88' lang='lat' dir='ltr'>Conchensis</span> <span class='ocrx_word' id='word_1_262' title='bbox 982 2168 1189 2210; x_wconf 89' lang='lat' dir='ltr'>narravit</span> <span class='ocrx_word' id='word_1_263' title='bbox 1223 2168 1280 2209; x_wconf 91' lang='lat' dir='ltr'>de</span> <span class='ocrx_word' id='word_1_264' title='bbox 1315 2167 1547 2210; x_wconf 89' lang='lat' dir='ltr'>discordia</span> <span class='ocrx_word' id='word_1_265' title='bbox 1580 2167 1925 2221; x_wconf 88' lang='lat' dir='ltr'>presidencium</span> <span class='ocrx_word' id='word_1_266' title='bbox 1960 2167 2007 2208; x_wconf 95' lang='lat' dir='ltr'>in</span> 
     </span>
     <span class='ocr_line' id='line_1_30' title="bbox 239 2237 2008 2293; baseline -0.001 -12"><span class='ocrx_word' id='word_1_267' title='bbox 239 2239 319 2282; x_wconf 90' lang='lat' dir='ltr'>illa</span> <span class='ocrx_word' id='word_1_268' title='bbox 338 2240 534 2281; x_wconf 91' lang='lat' dir='ltr'>nacione</span> <span class='ocrx_word' id='word_1_269' title='bbox 554 2242 721 2293; x_wconf 90' lang='lat' dir='ltr'>petens</span> <span class='ocrx_word' id='word_1_270' title='bbox 741 2251 826 2293; x_wconf 89' lang='lat' dir='ltr'>per</span> <span class='ocrx_word' id='word_1_271' title='bbox 847 2238 1091 2280; x_wconf 88' lang='lat' dir='ltr'>concilium</span> <span class='ocrx_word' id='word_1_272' title='bbox 1113 2239 1221 2280; x_wconf 84' lang='lat' dir='ltr'>fieri</span> <span class='ocrx_word' id='word_1_273' title='bbox 1244 2238 1470 2280; x_wconf 88' lang='lat' dir='ltr'>iusticiam</span> <span class='ocrx_word' id='word_1_274' title='bbox 1493 2241 1538 2280; x_wconf 85' lang='lat' dir='ltr'>et</span> <span class='ocrx_word' id='word_1_275' title='bbox 1560 2238 1618 2280; x_wconf 92' lang='lat' dir='ltr'>ad</span> <span class='ocrx_word' id='word_1_276' title='bbox 1636 2237 2008 2291; x_wconf 90' lang='lat' dir='ltr'>cognoscendum</span> 
     </span>
     <span class='ocr_line' id='line_1_31' title="bbox 239 2298 2008 2363; baseline -0.001 -11"><span class='ocrx_word' id='word_1_277' title='bbox 239 2310 340 2353; x_wconf 91' lang='lat' dir='ltr'>dari</span> <span class='ocrx_word' id='word_1_278' title='bbox 362 2311 607 2363; x_wconf 87' lang='lat' dir='ltr'>deputatos</span> <span class='ocrx_word' id='word_1_279' title='bbox 630 2323 714 2363; x_wconf 92' lang='lat' dir='ltr'>per</span> <span class='ocrx_word' id='word_1_280' title='bbox 737 2310 864 2352; x_wconf 92' lang='lat' dir='ltr'>illam</span> <span class='ocrx_word' id='word_1_281' title='bbox 887 2310 1144 2351; x_wconf 89' lang='lat' dir='ltr'>nacionem.</span> <span class='ocrx_word' id='word_1_282' title='bbox 1180 2310 1233 2350; x_wconf 91' lang='lat' dir='ltr'>Et</span> <span class='ocrx_word' id='word_1_283' title='bbox 1256 2309 1374 2351; x_wconf 89' lang='lat' dir='ltr'>alias</span> <span class='ocrx_word' id='word_1_284' title='bbox 1396 2298 1550 2351; x_wconf 89' lang='lat' dir='ltr'>comes</span> <span class='ocrx_word' id='word_1_285' title='bbox 1572 2308 1804 2351; x_wconf 90' lang='lat' dir='ltr'>Cardonie</span> <span class='ocrx_word' id='word_1_286' title='bbox 1828 2309 2008 2361; x_wconf 80' lang='lat' dir='ltr'>legatus</span> 
     </span>
     <span class='ocr_line' id='line_1_32' title="bbox 239 2378 2007 2434; baseline -0.001 -12"><span class='ocrx_word' id='word_1_287' title='bbox 239 2381 363 2434; x_wconf 89' lang='lat' dir='ltr'>regis</span> <span class='ocrx_word' id='word_1_288' title='bbox 386 2381 652 2434; x_wconf 84' lang='lat' dir='ltr'>Aragonum</span> <span class='ocrx_word' id='word_1_289' title='bbox 677 2380 797 2433; x_wconf 88' lang='lat' dir='ltr'>cepit</span> <span class='ocrx_word' id='word_1_290' title='bbox 820 2380 964 2422; x_wconf 90' lang='lat' dir='ltr'>verba</span> <span class='ocrx_word' id='word_1_291' title='bbox 989 2380 1036 2421; x_wconf 92' lang='lat' dir='ltr'>in</span> <span class='ocrx_word' id='word_1_292' title='bbox 1060 2393 1144 2422; x_wconf 93' lang='lat' dir='ltr'>suo</span> <span class='ocrx_word' id='word_1_293' title='bbox 1168 2379 1362 2433; x_wconf 92' lang='lat' dir='ltr'>vulgari.</span> <span class='ocrx_word' id='word_1_294' title='bbox 1400 2380 1455 2421; x_wconf 91' lang='lat' dir='ltr'>Et</span> <span class='ocrx_word' id='word_1_295' title='bbox 1478 2379 1524 2420; x_wconf 93' lang='lat' dir='ltr'>in</span> <span class='ocrx_word' id='word_1_296' title='bbox 1551 2382 1674 2421; x_wconf 90' lang='lat' dir='ltr'>motu</span> <span class='ocrx_word' id='word_1_297' title='bbox 1699 2379 1840 2421; x_wconf 90' lang='lat' dir='ltr'>animi</span> <span class='ocrx_word' id='word_1_298' title='bbox 1865 2378 2007 2421; x_wconf 91' lang='lat' dir='ltr'>multa</span> 
     </span>
     <span class='ocr_line' id='line_1_33' title="bbox 239 2450 2009 2505; baseline -0.002 -11"><span class='ocrx_word' id='word_1_299' title='bbox 239 2452 443 2505; x_wconf 89' lang='lat' dir='ltr'>superbe</span> <span class='ocrx_word' id='word_1_300' title='bbox 474 2452 651 2494; x_wconf 91' lang='lat' dir='ltr'>locutus</span> <span class='ocrx_word' id='word_1_301' title='bbox 682 2455 751 2493; x_wconf 90' lang='lat' dir='ltr'>est</span> <span class='ocrx_word' id='word_1_302' title='bbox 781 2454 826 2493; x_wconf 92' lang='lat' dir='ltr'>et</span> <span class='ocrx_word' id='word_1_303' title='bbox 856 2464 957 2493; x_wconf 90' lang='lat' dir='ltr'>cum</span> <span class='ocrx_word' id='word_1_304' title='bbox 987 2450 1144 2492; x_wconf 91' lang='lat' dir='ltr'>verbis</span> <span class='ocrx_word' id='word_1_305' title='bbox 1174 2450 1521 2492; x_wconf 88' lang='lat' dir='ltr'>contumeliosis</span> <span class='ocrx_word' id='word_1_306' title='bbox 1552 2453 1711 2492; x_wconf 90' lang='lat' dir='ltr'>contra</span> <span class='ocrx_word' id='word_1_307' title='bbox 1739 2450 2009 2503; x_wconf 89' lang='lat' dir='ltr'>episcopum</span> 
     </span>
     <span class='ocr_line' id='line_1_34' title="bbox 239 2520 2006 2575; baseline -0.002 -10"><span class='ocrx_word' id='word_1_308' title='bbox 239 2523 574 2565; x_wconf 89' lang='lat' dir='ltr'>Conchensem.</span> <span class='ocrx_word' id='word_1_309' title='bbox 619 2521 831 2564; x_wconf 87' lang='lat' dir='ltr'>Surrexit</span> <span class='ocrx_word' id='word_1_310' title='bbox 862 2524 1025 2575; x_wconf 90' lang='lat' dir='ltr'>postea</span> <span class='ocrx_word' id='word_1_311' title='bbox 1057 2533 1178 2563; x_wconf 92' lang='lat' dir='ltr'>unus</span> <span class='ocrx_word' id='word_1_312' title='bbox 1211 2521 1390 2574; x_wconf 90' lang='lat' dir='ltr'>legatus</span> <span class='ocrx_word' id='word_1_313' title='bbox 1425 2521 1549 2573; x_wconf 89' lang='lat' dir='ltr'>regis</span> <span class='ocrx_word' id='word_1_314' title='bbox 1583 2520 1848 2573; x_wconf 88' lang='lat' dir='ltr'>Portugalie</span> <span class='ocrx_word' id='word_1_315' title='bbox 1882 2531 2006 2562; x_wconf 92' lang='lat' dir='ltr'>resu-</span> 
     </span>
     <span class='ocr_line' id='line_1_35' title="bbox 241 2589 2010 2645; baseline -0.002 -10"><span class='ocrx_word' id='word_1_316' title='bbox 241 2606 372 2636; x_wconf 93' lang='lat' dir='ltr'>mens</span> <span class='ocrx_word' id='word_1_317' title='bbox 394 2593 452 2636; x_wconf 93' lang='lat' dir='ltr'>ad</span> <span class='ocrx_word' id='word_1_318' title='bbox 474 2593 612 2645; x_wconf 91' lang='lat' dir='ltr'>idem,</span> <span class='ocrx_word' id='word_1_319' title='bbox 635 2593 757 2645; x_wconf 93' lang='lat' dir='ltr'>quod</span> <span class='ocrx_word' id='word_1_320' title='bbox 780 2593 964 2634; x_wconf 92' lang='lat' dir='ltr'>dixerat</span> <span class='ocrx_word' id='word_1_321' title='bbox 985 2591 1190 2645; x_wconf 87' lang='lat' dir='ltr'>Sperans</span> <span class='ocrx_word' id='word_1_322' title='bbox 1214 2592 1260 2632; x_wconf 93' lang='lat' dir='ltr'>in</span> <span class='ocrx_word' id='word_1_323' title='bbox 1285 2591 1395 2643; x_wconf 88' lang='lat' dir='ltr'>Deo,</span> <span class='ocrx_word' id='word_1_324' title='bbox 1418 2594 1463 2633; x_wconf 83' lang='lat' dir='ltr'>et</span> <span class='ocrx_word' id='word_1_325' title='bbox 1486 2590 1842 2644; x_wconf 89' lang='lat' dir='ltr'>reprehendens</span> <span class='ocrx_word' id='word_1_326' title='bbox 1865 2589 2010 2632; x_wconf 90' lang='lat' dir='ltr'>cardi-</span> 
     </span>
     <span class='ocr_line' id='line_1_36' title="bbox 240 2660 2008 2716; baseline -0.002 -10"><span class='ocrx_word' id='word_1_327' title='bbox 240 2665 395 2706; x_wconf 89' lang='lat' dir='ltr'>nalem</span> <span class='ocrx_word' id='word_1_328' title='bbox 423 2664 658 2716; x_wconf 90' lang='lat' dir='ltr'>Pisanum,</span> <span class='ocrx_word' id='word_1_329' title='bbox 689 2663 765 2716; x_wconf 92' lang='lat' dir='ltr'>qui</span> <span class='ocrx_word' id='word_1_330' title='bbox 794 2663 868 2705; x_wconf 93' lang='lat' dir='ltr'>die</span> <span class='ocrx_word' id='word_1_331' title='bbox 898 2663 1059 2705; x_wconf 91' lang='lat' dir='ltr'>martis</span> <span class='ocrx_word' id='word_1_332' title='bbox 1085 2662 1382 2715; x_wconf 90' lang='lat' dir='ltr'>precedentis</span> <span class='ocrx_word' id='word_1_333' title='bbox 1410 2661 1663 2703; x_wconf 87' lang='lat' dir='ltr'>nominavit</span> <span class='ocrx_word' id='word_1_334' title='bbox 1691 2660 2008 2715; x_wconf 84' lang='lat' dir='ltr'>„fragmenta“</span> 
     </span>
     <span class='ocr_line' id='line_1_37' title="bbox 241 2732 2011 2788; baseline -0.002 -12"><span class='ocrx_word' id='word_1_335' title='bbox 241 2735 436 2788; x_wconf 89' lang='lat' dir='ltr'>aliquos,</span> <span class='ocrx_word' id='word_1_336' title='bbox 470 2735 547 2788; x_wconf 91' lang='lat' dir='ltr'>qui</span> <span class='ocrx_word' id='word_1_337' title='bbox 581 2747 630 2777; x_wconf 92' lang='lat' dir='ltr'>se</span> <span class='ocrx_word' id='word_1_338' title='bbox 665 2747 689 2776; x_wconf 88' lang='lat' dir='ltr'>a</span> <span class='ocrx_word' id='word_1_339' title='bbox 724 2735 820 2777; x_wconf 89' lang='lat' dir='ltr'>suis</span> <span class='ocrx_word' id='word_1_340' title='bbox 851 2733 1126 2776; x_wconf 89' lang='lat' dir='ltr'>nacionibus</span> <span class='ocrx_word' id='word_1_341' title='bbox 1159 2732 1533 2775; x_wconf 89' lang='lat' dir='ltr'>substrahebant.</span> <span class='ocrx_word' id='word_1_342' title='bbox 1580 2732 1844 2775; x_wconf 88' lang='lat' dir='ltr'>Cardinalis</span> <span class='ocrx_word' id='word_1_343' title='bbox 1875 2744 2011 2774; x_wconf 89' lang='lat' dir='ltr'>excu-</span> 
     </span>
     <span class='ocr_line' id='line_1_38' title="bbox 242 2801 2011 2859; baseline -0.002 -12"><span class='ocrx_word' id='word_1_344' title='bbox 242 2807 374 2859; x_wconf 91' lang='lat' dir='ltr'>savit,</span> <span class='ocrx_word' id='word_1_345' title='bbox 405 2806 528 2859; x_wconf 92' lang='lat' dir='ltr'>quod</span> <span class='ocrx_word' id='word_1_346' title='bbox 556 2818 792 2858; x_wconf 89' lang='lat' dir='ltr'>nunquam</span> <span class='ocrx_word' id='word_1_347' title='bbox 824 2804 1007 2846; x_wconf 91' lang='lat' dir='ltr'>dixerat</span> <span class='ocrx_word' id='word_1_348' title='bbox 1035 2804 1092 2845; x_wconf 92' lang='lat' dir='ltr'>de</span> <span class='ocrx_word' id='word_1_349' title='bbox 1123 2804 1312 2857; x_wconf 90' lang='lat' dir='ltr'>regibus</span> <span class='ocrx_word' id='word_1_350' title='bbox 1342 2816 1494 2856; x_wconf 91' lang='lat' dir='ltr'>neque</span> <span class='ocrx_word' id='word_1_351' title='bbox 1526 2815 1687 2845; x_wconf 88' lang='lat' dir='ltr'>eorum</span> <span class='ocrx_word' id='word_1_352' title='bbox 1717 2803 1897 2856; x_wconf 90' lang='lat' dir='ltr'>legatis,</span> <span class='ocrx_word' id='word_1_353' title='bbox 1928 2801 2011 2846; x_wconf 89' lang='lat' dir='ltr'>sed</span> 
     </span>
     <span class='ocr_line' id='line_1_39' title="bbox 242 2873 2010 2930; baseline -0.003 -11"><span class='ocrx_word' id='word_1_354' title='bbox 242 2878 300 2919; x_wconf 93' lang='lat' dir='ltr'>de</span> <span class='ocrx_word' id='word_1_355' title='bbox 336 2877 613 2930; x_wconf 88' lang='lat' dir='ltr'>quibusdam</span> <span class='ocrx_word' id='word_1_356' title='bbox 650 2875 842 2929; x_wconf 90' lang='lat' dir='ltr'>privatis</span> <span class='ocrx_word' id='word_1_357' title='bbox 877 2878 922 2917; x_wconf 94' lang='lat' dir='ltr'>et</span> <span class='ocrx_word' id='word_1_358' title='bbox 958 2874 1287 2928; x_wconf 80' lang='lat' dir='ltr'>singularibus,</span> <span class='ocrx_word' id='word_1_359' title='bbox 1335 2874 1433 2915; x_wconf 87' lang='lat' dir='ltr'>Rex</span> <span class='ocrx_word' id='word_1_360' title='bbox 1469 2874 1553 2915; x_wconf 92' lang='lat' dir='ltr'>hec</span> <span class='ocrx_word' id='word_1_361' title='bbox 1589 2874 1742 2915; x_wconf 90' lang='lat' dir='ltr'>omnia</span> <span class='ocrx_word' id='word_1_362' title='bbox 1778 2873 2010 2925; x_wconf 88' lang='lat' dir='ltr'>audiebat,</span> 
     </span>
     <span class='ocr_line' id='line_1_40' title="bbox 241 2943 2009 3000; baseline -0.002 -11"><span class='ocrx_word' id='word_1_363' title='bbox 241 2948 421 2989; x_wconf 90' lang='lat' dir='ltr'>nullum</span> <span class='ocrx_word' id='word_1_364' title='bbox 450 2946 767 3000; x_wconf 89' lang='lat' dir='ltr'>reprehendit.</span> <span class='ocrx_word' id='word_1_365' title='bbox 809 2945 1074 2988; x_wconf 88' lang='lat' dir='ltr'>Cardinalis</span> <span class='ocrx_word' id='word_1_366' title='bbox 1101 2948 1254 2987; x_wconf 92' lang='lat' dir='ltr'>autem</span> <span class='ocrx_word' id='word_1_367' title='bbox 1283 2944 1342 2986; x_wconf 89' lang='lat' dir='ltr'>ad</span> <span class='ocrx_word' id='word_1_368' title='bbox 1370 2943 1717 2986; x_wconf 80' lang='lat' dir='ltr'>fortificandum</span> <span class='ocrx_word' id='word_1_369' title='bbox 1745 2946 2009 2996; x_wconf 89' lang='lat' dir='ltr'>requestam</span> 
     </span>
    </p>
   </div>
   <div class='ocr_carea' id='block_1_3' title="bbox 349 3032 845 3085">
    <p class='ocr_par' dir='ltr' id='par_1_4' title="bbox 349 3032 845 3085">
     <span class='ocr_line' id='line_1_41' title="bbox 349 3032 845 3085; baseline -0.002 -7"><span class='ocrx_word' id='word_1_370' title='bbox 349 3052 380 3085; x_wconf 87' lang='lat' dir='ltr'>a)</span> <span class='ocrx_word' id='word_1_371' title='bbox 400 3032 435 3078; x_wconf 60' lang='lat' dir='ltr'>et</span> <span class='ocrx_word' id='word_1_372' title='bbox 447 3032 688 3085; x_wconf 48' lang='lat' dir='ltr'>responsuram</span> <span class='ocrx_word' id='word_1_373' title='bbox 707 3050 788 3083; x_wconf 71' lang='lat' dir='ltr'>fehlt</span> <span class='ocrx_word' id='word_1_374' title='bbox 809 3051 845 3077; x_wconf 81' lang='lat' dir='ltr'>B.</span> 
     </span>
    </p>
   </div>
  </div>
 </body>
</html>
