2227 3434
522 208 561 242 E.
608 208 737 243 Briefe
770 219 816 243 zu
849 208 1021 243 Reform·
1052 210 1130 244 und
1166 208 1571 253 Verfassungsfragen.
1614 200 1617 204 ’
1846 210 1930 253 769

162 324 374 378 quiarum
400 325 526 378 regis
548 325 814 379 Aragonum
839 326 913 368 hic
938 325 1086 369 factis.
1124 326 1179 368 Et
1203 327 1269 368 sic
1293 326 1442 369 adhuc
1466 338 1553 379 per
1576 338 1649 367 me
1675 330 1863 379 recepta
1886 330 1931 369 et

162 395 471 437 inventariata
507 399 697 438 manent
732 401 777 440 et
804 386 1024 443 >adiutore
1062 397 1160 439 Deo
1197 397 1299 438 sine
1337 396 1625 439 alienacione
1663 396 1930 449 manebunt,

161 465 322 518 paucis
348 465 578 519 alienatis,
605 467 722 508 sicut
747 466 947 519 predixi,
974 467 1196 520 exceptis.

283 535 395 577 Item
419 540 492 578 est
516 548 693 589 verum,
718 537 841 589 quod
866 549 952 590 ego
977 549 1215 590 nunquam
1241 539 1453 580 recusavi
1478 537 1679 579 reddere
1705 537 1932 580 rationem

163 605 220 648 de
243 606 445 660 receptis
463 619 551 660 per
571 619 646 648 me
668 611 714 649 et
733 607 1070 650 administratis
1093 620 1225 650 sacro
1246 608 1441 650 concilio
1462 620 1549 651 seu
1568 608 1850 661 deputandi-s
1874 608 1932 650 ab

161 688 236 729 eo;
273 677 356 719 sed
389 677 510 719 bene
546 678 758 720 recusavi
794 678 1028 730 aliquibus
1064 679 1407 731 clamatoribus,
1443 680 1521 731 qui
1557 679 1722 720 cotidie
1756 678 1932 732 reperi-

160 750 302 790 untur
328 748 375 789 in
400 748 601 791 tribunis
627 751 672 790 et
698 748 807 801 illis,
835 748 942 790 dum
966 748 1222 801 aliquando
1249 750 1523 803 clamabant,
1553 749 1662 802 dixi,
1691 749 1813 802 quod
1839 761 1932 791 non

160 818 410 860 redderem
437 818 671 861 racionem
699 819 783 871 eis,
813 819 920 872 quia
946 832 1041 860 non
1070 819 1267 861 tenebar
1294 819 1422 861 illam
1450 820 1652 861 reddere
1681 820 1774 862 nisi
1801 819 1933 897 vobis

163 892 242 932 aut
260 889 493 943 deputatis
515 890 573 932 ad
592 890 676 932 hoc
695 902 782 942 per
803 902 884 931 vos
904 903 932 931 v
936 891 979 931 el
1000 902 1086 943 per
1108 902 1289 932 sacrum
1312 890 1568 932 concilium.

280 960 336 1003 Et
368 959 607 1013 noveritis,
645 960 781 1013 quod,
819 964 1068 1013 antequam
1104 960 1283 1003 litteras
1319 964 1499 1003 vestras
1535 961 1582 1002 in
1617 961 1703 1003 hac
1738 961 1933 1003 materia

144 1031 460 1084 recepissem,
492 1043 853 1084 procuraveram
883 1031 1021 1073 michi
1053 1031 1153 1073 dari
1186 1044 1271 1084 per
1302 1032 1517 1074 nationes
1549 1031 1785 1074 auditores
1815 1044 1933 1073 com-

161 1104 374 1155 potorum
414 1114 637 1155 meorum,
677 1114 766 1154 que
807 1102 898 1144 iam
938 1105 1045 1144 sunt
1083 1102 1309 1155 ordinata,
1350 1105 1394 1144 et
1434 1102 1629 1154 obtinui;
1671 1102 1933 1155 faciamque

161 1175 335 1214 tantam
358 1172 660 1226 diligentiam,
684 1172 820 1226 quod,
842 1176 892 1214 ut
914 1173 1047 1215 citius
1068 1175 1246 1226 potero,
1270 1172 1432 1215 videre
1453 1174 1667 1225 poteritis
1690 1172 1934 1215 veritatem

161 1246 207 1285 et
232 1243 578 1286 conclusionem
607 1243 832 1286 dictorum
862 1247 1190 1297 compotorum.
1232 1244 1286 1285 Et
1315 1257 1453 1296 spero
1483 1244 1529 1285 in
1560 1244 1671 1296 Deo,
1701 1243 1824 1296 quod
1852 1243 1934 1285 illa

161 1313 260 1356 visa
282 1313 464 1356 animus
487 1317 643 1357 vester
666 1327 760 1356 non
784 1314 871 1356 erit
894 1314 1234 1357 scandalisatus
1259 1327 1401 1368 super
1425 1327 1511 1373 me7

283 1385 396 1427 Item
430 1386 675 1438 procuravi
710 1397 796 1438 per
828 1386 1044 1428 nationes
1079 1385 1323 1438 deputatos
1358 1385 1494 1427 michi
1530 1385 1631 1427 dari
1667 1385 1725 1427 ad
1758 1384 1934 1426 inveni-

162 1455 334 1498 endum
355 1456 477 1498 viam
500 1460 545 1499 et
567 1456 768 1509 modum,
792 1456 915 1509 quod
939 1456 1107 1498 dictum
1133 1456 1339 1498 debitum
1363 1456 1447 1497 XX
1468 1457 1607 1498 trium
1630 1455 1808 1497 milium
1831 1455 1933 1497 sine

161 1527 291 1579 gravi
317 1526 520 1580 dampno
543 1526 749 1569 Romane
775 1527 971 1569 ecclesie
998 1530 1045 1569 et
1067 1539 1250 1569 camere
1277 1527 1529 1579 apostolice
1555 1526 1865 1579 persolvatur,
1890 1529 1936 1568 et

162 1597 358 1640 obtinui:
392 1597 514 1640 inter
547 1610 662 1651 quos
696 1601 803 1641 sunt
834 1598 876 1640 d.
910 1598 1162 1641 cardinalis
1197 1598 1254 1639 de
1289 1598 1493 1641 Chalanc
1526 1601 1573 1640 et
1606 1597 1647 1640 d.
1682 1596 1934 1639 cardinalis

160 1668 360 1711 Pisanus
380 1681 470 1722 pro
496 1681 628 1712 sacro
653 1669 850 1722 collegio
875 1673 921 1711 et
945 1682 1032 1722 pro
1055 1670 1244 1711 natione
1271 1672 1429 1711 nostra
1457 1672 1562 1711 sunt
1590 1668 1933 1720 Gebennensis,

161 1739 394 1793 Dolensis‚
422 1739 643 1793 episcopi,
672 1740 886 1782 dominus
911 1739 1290 1793 prothonotarius
1318 1739 1491 1782 domini
1520 1739 1772 1781 cardinalis
1798 1739 1934 1780 Viva-

162 1810 348 1869 riensis,
384 1811 606 1864 magister
644 1810 932 1853 Guillermus
969 1810 1312 1864 Pulcrinepotis
1351 1810 1658 1864 ambassiator
1695 1809 1851 1863 regius
1890 1812 1935 1851 et

163 1883 284 1924 circa
309 1881 395 1923 hoc
422 1881 637 1924 similiter
663 1881 827 1924 laboro
854 1885 900 1924 et
925 1881 1164 1924 laborabo.

280 1952 335 1994 Et
365 1951 516 1995 audeo
546 1952 716 2005 dicere,
746 1957 880 2005 pater
910 1952 1321 2004 reverendissime,
1352 1951 1475 2005 quod
1508 1951 1634 1993 Deus
1664 1951 1773 1993 fecit
1802 1950 1935 1993 vobis

161 2022 410 2065 maximam
439 2023 656 2076 graciam,
686 2023 872 2076 quando
903 2023 1203 2065 deliberastis
1234 2023 1402 2065 abhinc
1432 2022 1670 2076 recedere,
1702 2021 1934 2074 quoniam,

163 2093 203 2135 si
226 2093 301 2136 hic
325 2093 550 2146 fuissetis,
575 2097 639 2136 tot
664 2097 710 2136 et
733 2097 859 2136 tanta
883 2093 1013 2146 pirra
1040 2093 1250 2147 angustie
1277 2093 1478 2136 fuissent
1504 2092 1636 2135 vobis
1661 2092 1934 2144 ministrata,

163 2163 287 2217 quod
318 2163 480 2207 forsan
514 2164 738 2207 fecissent
771 2164 903 2207 vobis
937 2164 1121 2218 pondus
1156 2177 1372 2218 magnum
1408 2165 1456 2206 in
1490 2167 1705 2216 stomaco,
1741 2163 1856 2205 sicut
1890 2165 1936 2204 et

163 2233 299 2276 michi
324 2234 551 2277 fecerunt.

280 2304 441 2356 Quoad
466 2305 639 2348 factum
664 2305 808 2359 bulle,
837 2306 894 2348 de
923 2318 1014 2359 quo
1041 2305 1173 2348 vobis
1202 2305 1390 2348 sinistre
1419 2305 1508 2347 fuit
1535 2304 1770 2358 scriptum,
1796 2316 1936 2346 nove-

163 2375 280 2430 ritis,
301 2376 424 2429 quod
443 2389 680 2429 nunquam
701 2376 909 2419 custodia
929 2377 1057 2419 bulle
1079 2376 1167 2419 fuit
1188 2376 1235 2418 in
1254 2379 1482 2430 potestate
1503 2388 1608 2418 mea
1625 2388 1711 2417 nec
1729 2387 1935 2427 unquam

163 2446 255 2488 feci
290 2447 494 2500 aliquam
529 2447 716 2500 bullari,
750 2447 842 2490 nisi
874 2459 964 2500 per
998 2447 1128 2501 prius
1165 2446 1332 2489 fuisset
1369 2447 1633 2489 examinata
1667 2458 1753 2499 per
1788 2444 1934 2498 presi-

164 2516 330 2560 dentes
359 2519 406 2560 et
435 2517 681 2571 deputatos
709 2517 955 2560 nacionum
987 2521 1032 2560 et
1062 2518 1120 2559 de
1151 2518 1388 2560 voluntate
1420 2521 1465 2559 et
1495 2528 1726 2558 consensu
1758 2527 1933 2557 eorum.

165 2587 220 2630 Et
249 2587 314 2630 sic
341 2590 449 2630 tunc
477 2587 584 2641 feci,
613 2587 833 2641 quamdiu
861 2587 929 2630 fui
958 2588 1208 2641 presidens
1238 2587 1577 2641 presidentium
1608 2590 1655 2629 et
1683 2586 1800 2628 illud
1830 2584 1935 2627 offi-

162 2657 282 2699 cium
310 2657 447 2700 michi
475 2657 564 2700 fuit
591 2659 900 2711 commissum,
929 2658 1000 2700 cui
1028 2661 1183 2700 tamen
1214 2661 1470 2711 spontanee
1500 2656 1784 2709 renunciavi,
1814 2667 1935 2708 mag-

163 2739 275 2770 num
299 2729 484 2781 tempus
510 2731 594 2782 est,
619 2732 665 2771 et
691 2729 749 2771 ab
775 2729 858 2771 illo
882 2721 1092 2782 tempore
1119 2729 1233 2771 citra
1258 2740 1351 2770 non
1380 2740 1452 2769 me
1478 2726 1706 2769 intromisi
1731 2727 1790 2768 de
1815 2725 1935 2767 dicto

165 2797 340 2841 officio.
381 2798 449 2851 Et,
479 2799 582 2841 laus
610 2799 723 2852 Deo,
752 2811 915 2841 omnes
943 2799 1097 2841 littere
1127 2811 1212 2852 per
1241 2810 1314 2840 me
1343 2797 1479 2839 modo
1507 2797 1739 2850 premisso
1766 2795 1934 2838 tradite

165 2867 358 2911 fuerunt
383 2868 605 2911 bullatori
632 2872 678 2911 et
706 2872 977 2922 regestrate,
1008 2869 1069 2911 ita
1099 2868 1221 2921 quod
1249 2868 1295 2909 in
1325 2867 1536 2920 registris
1564 2869 1758 2920 possunt
1785 2864 1934 2907 videri

165 2939 356 2981 tenores
375 2938 582 2992 ipsarum
602 2951 689 2992 per
712 2951 785 2981 me
808 2939 1133 2992 expeditarum
1157 2942 1202 2981 et
1222 2950 1461 2990 nunquam
1484 2937 1552 2978 fui
1576 2937 1703 2979 solus
1725 2936 1771 2977 in
1794 2947 1934 2988 expe-

167 3007 363 3061 dicione,
393 3021 499 3061 ymo
527 3009 825 3063 presidentes
857 3012 903 3051 et
933 3008 1140 3062 deputati
1173 3019 1360 3061 semper
1391 3007 1583 3050 fuerunt
1612 3009 1859 3060 presentes
1890 3007 1935 3047 et

167 3077 532 3122 consencientes.
572 3079 626 3122 Et
652 3091 815 3121 verum
842 3078 929 3121 fuit
955 3078 1076 3121 facta
1104 3078 1305 3131 diligens
1333 3076 1576 3131 inquisicio
1603 3079 1760 3119 contra
1789 3088 1861 3118 me
1890 3077 1936 3117 et

237 3168 377 3201 Finke.
397 3170 478 3196 Acta
498 3169 629 3197 concilii
653 3169 932 3197 Constanciensis.
954 3170 990 3198 11.
1667 3160 1722 3201 49
