2102 3444
297 148 382 191 210
833 147 858 180 Ι.
885 146 1095 181 Abschnitt.
1134 145 1533 190 KonzilstagebiIcher.

299 266 455 308 facere
482 268 718 319 renueret,
743 265 1074 318 promittebant
1101 268 1223 307 stare
1252 265 1633 307 determinacioni
1660 264 1855 307 concilii.
1893 264 2069 317 Quibus

301 338 365 379 sic
394 336 527 379 dictis
557 336 598 378 d.
629 349 714 378 rex
744 336 1055 378 Romanorum
1086 336 1201 378 dixit
1232 336 1423 389 eisdem,
1454 336 1577 390 quod
1606 337 1720 389 vias,
1749 348 1835 389 per
1863 348 1981 389 quas
2010 335 2070 378 ad

300 408 519 449 unionem
556 407 766 449 deveniri
803 410 975 460 posset,
1012 407 1296 460 perscrutari
1332 410 1377 449 et
1412 407 1670 461 ymaginari
1708 406 1936 449 deberent
1970 419 2070 449 eas-

299 490 388 531 que
420 479 466 520 in
497 477 682 533 scriptis
711 478 912 519 tradere.
955 478 1152 530 Propter
1182 478 1304 531 quod
1335 478 1380 519 in
1411 479 1661 520 crastinum
1695 477 1980 531 infrascripti
2008 481 2070 520 te-

300 551 427 592 noris
454 548 667 591 cedulam
693 551 1020 602 porrexerunt.

419 620 463 662 Si
486 621 637 673 placet
659 620 785 673 regie
808 620 1038 662 maiestati
1062 654 1069 662 .
1106 654 1114 661 .
1151 654 1158 661 .
1182 620 1548 662 determinandis
1572 620 1617 661 in
1638 619 1801 662 eodem
1824 619 2067 673 concilio.¹)

419 691 569 744 Super
602 704 657 733 eo
690 691 813 744 quod
846 691 939 733 dux
973 691 1233 734 Ludovicus
1267 725 1275 733 .
1311 726 1319 733 .
1356 725 1364 733 .
1399 695 1446 733 ut
1479 691 1648 733 dictum
1683 691 1808 744 est.²)

418 762 504 804 Die
534 761 763 804 dominica
791 762 980 804 XXVII.
1011 763 1187 805 mensis
1216 762 1427 804 <Ianuarii
1459 762 1499 804 d.
1531 762 1739 815 insignes
1768 761 1998 804 Henricus
2027 763 2072 803 et

300 833 596 875 Guilhelmus
625 846 684 875 ex
714 833 975 875 illustribus
1006 833 1201 876 ducibus
1229 833 1424 876 Bavarie
1456 834 1503 874 in
1533 835 1761 886 apparatu
1790 831 2072 886 pulcerrimo

301 907 345 945 et
380 904 587 956 equitum
624 904 920 946 multitudine
957 904 1281 946 Constanciam
1318 907 1423 947 sunt
1460 904 1673 957 ingressi.

418 974 504 1017 Die
541 974 701 1017 martis
736 975 901 1017 XXIX.
938 976 1114 1018 mensis
1140 975 1361 1030 ,eiusdem
1397 978 1607 1017 oratores
1644 975 1912 1028 solempnes
1948 973 2072 1028 regis

300 1045 507 1099 Polonie,
534 1058 730 1098 quorum
758 1046 946 1088 nomina
973 1046 1173 1089 inferius
1201 1046 1542 1100 describuntur,
1569 1045 1738 1099 quibus
1766 1045 2072 1088 obviaverunt

300 1130 385 1169 pro
421 1121 554 1170 parte
591 1117 633 1158 d.
671 1118 818 1159 nostri
855 1129 976 1170 pape
1015 1117 1056 1159 d.
1094 1117 1341 1170 episcopus
1380 1117 1661 1159 Morinensis
1695 1129 1928 1159 cameram
1966 1129 2072 1170 apo-

302 1188 509 1230 stolicam
544 1200 727 1241 regens,
760 1189 905 1241 aliqui
939 1200 997 1229 ex
1032 1188 1242 1230 eiusdem
1277 1189 1317 1229 d.
1352 1188 1497 1230 nostri
1531 1201 1652 1241 pape
1685 1187 1880 1241 familia,
1913 1190 1958 1229 et
1988 1199 2073 1241 pro

302 1262 433 1312 parte
460 1259 502 1301 d.
529 1260 654 1312 regis
680 1259 994 1301 Romanorum
1021 1259 1176 1313 duces,
1203 1259 1392 1302 comites
1418 1263 1464 1301 et
1491 1259 1692 1302 barones
1721 1259 1790 1302 sui
1818 1270 2073 1312 omnesque

301 1330 478 1372 familie
506 1330 797 1372 dominorum
825 1330 1145 1383 cardinalium,
1172 1330 1534 1383 precedentibus
1561 1330 1751 1372 eosdem
1780 1329 2072 1383 septuaginta

303 1402 436 1454 equis
464 1414 566 1443 cum
594 1402 889 1455 septuaginta
917 1401 1099 1444 balistis
1128 1402 1226 1445 sive
1256 1401 1587 1444 stambechinis
1615 1414 1667 1444 ac
1695 1400 1940 1443 duodecim
1969 1399 2074 1443 aliis

302 1473 613 1515 familiaribus
640 1473 938 1525 equestribus
966 1472 1208 1514 duodecim
1235 1485 1379 1525 equos
1407 1472 1728 1525 pulcerrimos,
1756 1484 1951 1525 quorum
1977 1474 2073 1513 tres

302 1547 435 1586 erant
462 1545 637 1597 coperti
666 1544 723 1586 de
752 1543 962 1597 syndone
991 1557 1091 1585 cum
1121 1543 1262 1586 armis
1290 1544 1473 1597 imperii
1502 1543 1905 1596 preeminentibus
1932 1541 2074 1585 armis

302 1615 425 1668 regis
461 1615 652 1656 Polonie
689 1614 1057 1669 adextrantibus,
1093 1614 1414 1657 Constanciam
1450 1614 1496 1655 in
1531 1617 1760 1667 apparatu
1792 1613 2074 1667 pulcerrimo

301 1689 346 1728 et
387 1685 593 1739 equitatu
633 1686 836 1739 plurimo
876 1685 1076 1739 ingressi
1120 1689 1226 1728 sunt
1265 1685 1306 1728 d.
1349 1685 1729 1739 archiepiscopus
1769 1683 2074 1737 Gneznensis,

301 1756 345 1799 d.
381 1757 629 1810 episcopus
664 1756 918 1810 Plocensis,
954 1757 995 1799 d.
1030 1757 1278 1810 episcopus
1314 1755 1663 1809 Poznaniensis‚
1698 1755 1790 1798 duo
1823 1754 1995 1798 milites
2029 1757 2076 1797 et

303 1840 423 1870 unus
449 1827 620 1870 doctor.

422 1899 507 1941 Die
539 1898 767 1941 dominica
798 1898 941 1941 tercia
972 1899 1148 1941 mensis
1179 1895 1424 1940 Februarii
1456 1897 1840 1940 convenientibus
1871 1898 1919 1939 in
1948 1897 2076 1951 pala-

304 1969 373 2012 cio
397 1970 650 2022 apostolico
675 1969 1026 2012 Constanciensi
1052 1968 1210 2011 revmis
1235 1969 1276 2011 d.
1302 1983 1336 2012 s.
1360 1969 1411 2011 R.
1435 1981 1475 2011 e.
1501 1968 1817 2011 cardinalibus
1841 1967 2075 2010 omnibus-

304 2053 394 2093 que
429 2041 625 2094 prelatis
658 2043 702 2082 et
736 2040 999 2083 oratoribus
1034 2053 1194 2093 regum
1229 2043 1273 2082 et
1308 2040 1601 2093 dominorum
1635 2040 1682 2081 in
1717 2051 1849 2082 sacro
1881 2038 2076 2081 concilio

307 2110 659 2153 Constanciensi
696 2110 1030 2153 eststentibus
1068 2114 1292 2164 ceperunt
1331 2111 1451 2153 inter
1489 2123 1538 2153 se
1577 2110 1857 2163 disceptare:
1910 2121 1969 2152 an
2007 2121 2076 2152 se-

305 2181 454 2224 cunda
475 2182 624 2224 sessio
644 2185 891 2234 prorogata
913 2182 971 2223 ad
992 2181 1113 2223 diem
1136 2182 1245 2222 lune
1266 2184 1476 2234 quartam
1498 2182 1673 2223 mensis
1694 2179 1937 2223 Februarii
1957 2180 2076 2222 cele-

308 2252 433 2294 brari
461 2255 505 2295 et
532 2252 644 2306 quid
672 2252 719 2294 in
747 2264 802 2295 ea
831 2252 938 2293 fieri
968 2251 1179 2304 deberet3
1210 2252 1492 2305 tandemque
1519 2255 1712 2305 propter
1740 2251 1923 2304 aliquas
1951 2250 2077 2293 diffi-

306 2324 501 2366 cultates
540 2326 834 2376 emergentes
875 2335 933 2364 ex
970 2325 1101 2376 parte
1142 2323 1352 2365 nacionis
1391 2322 1647 2376 Anglicane
1687 2322 1953 2364 conclusum
1991 2324 2076 2374 est,

305 2394 430 2447 quod
452 2393 705 2436 celebratio
728 2393 953 2436 sessionis
975 2393 1188 2435 eiusdem
1211 2393 1268 2435 ad
1291 2393 1414 2434 diem
1437 2393 1654 2435 mercurii
1678 2395 1856 2436 sextam
1879 2392 2075 2446 predicti

306 2464 480 2507 mensis
508 2465 751 2518 prorogari
781 2463 989 2506 deberet.
1031 2463 1197 2517 Sicque
1227 2464 1269 2505 d.
1299 2466 1457 2506 noster
1486 2476 1607 2517 papa
1635 2463 1877 2506 Johannes
1902 2462 2075 2505 XXIII.

309 2548 440 2578 sacro
473 2535 762 2589 approbante
797 2534 990 2577 concilio
1022 2534 1300 2588 prorogavit.

424 2607 511 2648 Die
541 2605 758 2648 mercurii
789 2608 920 2648 sexta
948 2605 1143 2658 predicti
1174 2605 1349 2647 mensis
1378 2618 1479 2647 cum
1509 2604 1794 2658 crederetur,
1824 2604 1948 2658 quod
1973 2616 2078 2658 pre-

309 2678 428 2720 dicta
465 2677 628 2730 sessio,
664 2679 800 2730 prout
837 2679 1084 2730 prorogata
1122 2676 1289 2729 fuerat,
1327 2675 1558 2718 celebrari
1594 2676 1803 2729 deberet,
1840 2687 2078 2729 comparu-

309 2752 445 2790 erunt
469 2748 614 2801 aliqui
638 2760 724 2801 pro
747 2750 879 2801 parte
904 2746 1141 2789 nationum
1166 2747 1423 2799 Anglicane
1448 2750 1492 2788 et
1516 2746 1793 2789 Germani-ce
1817 2746 2078 2800 protestati-

310 2832 398 2872 que
422 2822 542 2872 sunt,
564 2818 701 2871 quod,
726 2818 763 2861 si
786 2830 871 2871 per
894 2830 1030 2860 voces
1053 2820 1097 2859 et
1120 2817 1269 2870 capita
1291 2817 1338 2858 in
1361 2817 1554 2859 concilio
1575 2816 1924 2871 procederetur,
1947 2816 2078 2858 nullo

309 2890 443 2932 modo
471 2890 517 2931 in
543 2902 599 2931 eo
627 2889 857 2931 interesse
884 2888 1104 2930 volebant
1129 2891 1174 2930 et
1198 2891 1449 2941 propterea
1475 2888 1788 2941 postulabant,
1814 2887 1938 2941 quod
1963 2886 2077 2930 todi·

430 2974 462 3037 ἦ
484 2973 678 3035 aufidii),
701 2995 788 3036 206‚·
814 2994 940 3028 Mansa
965 2992 1123 3035 XXVII,
1148 2992 1254 3036 552?-

428 3053 460 3095 2)
491 3053 611 3087 Har-dt
642 3051 707 3094 11’,
736 3051 822 3095 38?-
