<?xml version="1.0" encoding="UTF-8"?>
<!DOCTYPE html PUBLIC "-//W3C//DTD XHTML 1.0 Transitional//EN"
    "http://www.w3.org/TR/xhtml1/DTD/xhtml1-transitional.dtd">
<html xmlns="http://www.w3.org/1999/xhtml" xml:lang="en" lang="en">
 <head>
  <title>
</title>
<meta http-equiv="Content-Type" content="text/html;charset=utf-8" />
  <meta name='ocr-system' content='tesseract 3.04.00' />
  <meta name='ocr-capabilities' content='ocr_page ocr_carea ocr_par ocr_line ocrx_word'/>
</head>
<body>
  <div class='ocr_page' id='page_1' title='image "./actaconciliicons02counuoft/actaconciliicons02counuoft_0169.png"; bbox 0 0 2227 3434; ppageno 0'>
   <div class='ocr_carea' id='block_1_1' title="bbox 531 188 1888 233">
    <p class='ocr_par' dir='ltr' id='par_1_1' title="bbox 531 188 1888 233">
     <span class='ocr_line' id='line_1_1' title="bbox 531 188 1888 233; baseline -0.001 -9"><span class='ocrx_word' id='word_1_1' title='bbox 531 188 575 224; x_wconf 89' lang='lat' dir='ltr'><strong>A.</strong></span> <span class='ocrx_word' id='word_1_2' title='bbox 615 188 815 224; x_wconf 81' lang='lat' dir='ltr'><strong>Fillastres</strong></span> <span class='ocrx_word' id='word_1_3' title='bbox 843 188 960 224; x_wconf 85' lang='lat' dir='ltr'><strong>Gesta</strong></span> <span class='ocrx_word' id='word_1_4' title='bbox 985 189 1136 224; x_wconf 86' lang='lat' dir='ltr'><strong>concilii</strong></span> <span class='ocrx_word' id='word_1_5' title='bbox 1162 188 1477 225; x_wconf 82' lang='lat' dir='ltr'><strong>Constantiensis.</strong></span> <span class='ocrx_word' id='word_1_6' title='bbox 1805 191 1888 233; x_wconf 86' lang='lat'><strong>155</strong></span> 
     </span>
    </p>
   </div>
   <div class='ocr_carea' id='block_1_2' title="bbox 117 306 1891 2975">
    <p class='ocr_par' dir='ltr' id='par_1_2' title="bbox 121 306 1890 431">
     <span class='ocr_line' id='line_1_2' title="bbox 121 306 1890 360; baseline -0.001 -9"><span class='ocrx_word' id='word_1_7' title='bbox 121 307 220 351; x_wconf 89' lang='lat' dir='ltr'><strong>bris</strong></span> <span class='ocrx_word' id='word_1_8' title='bbox 246 307 538 360; x_wconf 87' lang='lat' dir='ltr'><strong>congregatis</strong></span> <span class='ocrx_word' id='word_1_9' title='bbox 569 306 802 360; x_wconf 89' lang='lat' dir='ltr'><strong>deputatis</strong></span> <span class='ocrx_word' id='word_1_10' title='bbox 832 306 1081 359; x_wconf 83' lang='lat' dir='ltr'><strong>mandavit,</strong></span> <span class='ocrx_word' id='word_1_11' title='bbox 1112 307 1235 360; x_wconf 91' lang='lat' dir='ltr'><strong>quod</strong></span> <span class='ocrx_word' id='word_1_12' title='bbox 1266 307 1326 349; x_wconf 90' lang='lat' dir='ltr'><strong>ita</strong></span> <span class='ocrx_word' id='word_1_13' title='bbox 1357 307 1542 350; x_wconf 92' lang='lat' dir='ltr'><strong>volebat</strong></span> <span class='ocrx_word' id='word_1_14' title='bbox 1572 307 1744 360; x_wconf 82' lang='lat' dir='ltr'><strong>facere,</strong></span> <span class='ocrx_word' id='word_1_15' title='bbox 1774 307 1890 351; x_wconf 89' lang='lat' dir='ltr'><strong>sicut</strong></span> 
     </span>
     <span class='ocr_line' id='line_1_3' title="bbox 122 376 1079 431; baseline -0.001 -11"><span class='ocrx_word' id='word_1_16' title='bbox 122 377 278 421; x_wconf 87' lang='lat' dir='ltr'><strong>fuerat</strong></span> <span class='ocrx_word' id='word_1_17' title='bbox 308 376 585 431; x_wconf 85' lang='lat' dir='ltr'><strong>expositum,</strong></span> <span class='ocrx_word' id='word_1_18' title='bbox 620 380 666 419; x_wconf 88' lang='lat' dir='ltr'><strong>et</strong></span> <span class='ocrx_word' id='word_1_19' title='bbox 698 378 759 420; x_wconf 89' lang='lat' dir='ltr'><strong>ita</strong></span> <span class='ocrx_word' id='word_1_20' title='bbox 791 377 963 420; x_wconf 86' lang='lat' dir='ltr'><strong>factum</strong></span> <span class='ocrx_word' id='word_1_21' title='bbox 996 380 1079 419; x_wconf 90' lang='lat' dir='ltr'><strong>est.</strong></span> 
     </span>
    </p>

    <p class='ocr_par' dir='ltr' id='par_1_3' title="bbox 119 447 1891 1843">
     <span class='ocr_line' id='line_1_4' title="bbox 239 447 1890 491; baseline -0.001 -1"><span class='ocrx_word' id='word_1_22' title='bbox 239 447 326 490; x_wconf 93' lang='lat' dir='ltr'><strong>Die</strong></span> <span class='ocrx_word' id='word_1_23' title='bbox 354 448 463 490; x_wconf 91' lang='lat' dir='ltr'><strong>lune</strong></span> <span class='ocrx_word' id='word_1_24' title='bbox 491 447 620 490; x_wconf 90' lang='lat' dir='ltr'><strong>VIII.</strong></span> <span class='ocrx_word' id='word_1_25' title='bbox 648 447 922 490; x_wconf 89' lang='lat' dir='ltr'><strong>Novembris</strong></span> <span class='ocrx_word' id='word_1_26' title='bbox 949 460 1071 490; x_wconf 91' lang='lat' dir='ltr'><strong>anno</strong></span> <span class='ocrx_word' id='word_1_27' title='bbox 1099 447 1272 489; x_wconf 91' lang='lat' dir='ltr'><strong>domini</strong></span> <span class='ocrx_word' id='word_1_28' title='bbox 1305 448 1687 491; x_wconf 83' lang='lat' dir='ltr'>M⁰CCCC0XV110</span> <span class='ocrx_word' id='word_1_29' title='bbox 1717 451 1761 491; x_wconf 90' lang='lat' dir='ltr'><strong>et</strong></span> <span class='ocrx_word' id='word_1_30' title='bbox 1787 460 1890 490; x_wconf 89' lang='lat' dir='ltr'><strong>con-</strong></span> 
     </span>
     <span class='ocr_line' id='line_1_5' title="bbox 122 518 1890 572; baseline -0.001 -11"><span class='ocrx_word' id='word_1_31' title='bbox 122 518 216 561; x_wconf 89' lang='lat' dir='ltr'><strong>cilii</strong></span> <span class='ocrx_word' id='word_1_32' title='bbox 244 521 408 572; x_wconf 87' lang='lat' dir='ltr'><strong>quarto</strong></span> <span class='ocrx_word' id='word_1_33' title='bbox 439 518 559 560; x_wconf 87' lang='lat' dir='ltr'><strong>sedit</strong></span> <span class='ocrx_word' id='word_1_34' title='bbox 587 518 831 560; x_wconf 87' lang='lat' dir='ltr'><strong>concilium</strong></span> <span class='ocrx_word' id='word_1_35' title='bbox 860 531 945 571; x_wconf 91' lang='lat' dir='ltr'><strong>pro</strong></span> <span class='ocrx_word' id='word_1_36' title='bbox 973 518 1189 571; x_wconf 84' lang='lat' dir='ltr'><strong>ingressu</strong></span> <span class='ocrx_word' id='word_1_37' title='bbox 1217 518 1461 560; x_wconf 79' lang='lat' dir='ltr'><strong>conclavis.</strong></span> <span class='ocrx_word' id='word_1_38' title='bbox 1504 518 1717 561; x_wconf 91' lang='lat' dir='ltr'><strong>Presedit</strong></span> <span class='ocrx_word' id='word_1_39' title='bbox 1744 518 1890 561; x_wconf 88' lang='lat' dir='ltr'><strong>cardi-</strong></span> 
     </span>
     <span class='ocr_line' id='line_1_6' title="bbox 121 588 1889 642; baseline 0 -11"><span class='ocrx_word' id='word_1_40' title='bbox 121 589 244 632; x_wconf 90' lang='lat' dir='ltr'><strong>nalis</strong></span> <span class='ocrx_word' id='word_1_41' title='bbox 266 588 508 631; x_wconf 82' lang='lat' dir='ltr'><strong>Ostiensis.</strong></span> <span class='ocrx_word' id='word_1_42' title='bbox 542 588 642 630; x_wconf 84' lang='lat' dir='ltr'><strong>Rex</strong></span> <span class='ocrx_word' id='word_1_43' title='bbox 666 588 752 630; x_wconf 82' lang='lat' dir='ltr'><strong>fuit</strong></span> <span class='ocrx_word' id='word_1_44' title='bbox 775 601 973 642; x_wconf 84' lang='lat' dir='ltr'><strong>presens</strong></span> <span class='ocrx_word' id='word_1_45' title='bbox 996 601 1097 630; x_wconf 88' lang='lat' dir='ltr'><strong>cum</strong></span> <span class='ocrx_word' id='word_1_46' title='bbox 1122 588 1444 642; x_wconf 84' lang='lat' dir='ltr'><strong>imperialibus</strong></span> <span class='ocrx_word' id='word_1_47' title='bbox 1469 589 1696 642; x_wconf 81' lang='lat' dir='ltr'><strong>insigniis,</strong></span> <span class='ocrx_word' id='word_1_48' title='bbox 1721 602 1889 631; x_wconf 91' lang='lat' dir='ltr'><strong>corona</strong></span> 
     </span>
     <span class='ocr_line' id='line_1_7' title="bbox 122 659 1889 713; baseline -0.001 -11"><span class='ocrx_word' id='word_1_49' title='bbox 122 659 369 713; x_wconf 90' lang='lat' dir='ltr'><strong>imperiali,</strong></span> <span class='ocrx_word' id='word_1_50' title='bbox 409 662 605 713; x_wconf 85' lang='lat' dir='ltr'><strong>sceptro,</strong></span> <span class='ocrx_word' id='word_1_51' title='bbox 644 659 884 712; x_wconf 87' lang='lat' dir='ltr'><strong>mundiali,</strong></span> <span class='ocrx_word' id='word_1_52' title='bbox 924 671 1037 702; x_wconf 92' lang='lat' dir='ltr'><strong>ense</strong></span> <span class='ocrx_word' id='word_1_53' title='bbox 1075 659 1202 701; x_wconf 92' lang='lat' dir='ltr'><strong>nudo</strong></span> <span class='ocrx_word' id='word_1_54' title='bbox 1242 660 1288 701; x_wconf 90' lang='lat' dir='ltr'><strong>in</strong></span> <span class='ocrx_word' id='word_1_55' title='bbox 1329 659 1572 702; x_wconf 90' lang='lat' dir='ltr'><strong>dalmatica</strong></span> <span class='ocrx_word' id='word_1_56' title='bbox 1611 663 1656 702; x_wconf 87' lang='lat' dir='ltr'><strong>et</strong></span> <span class='ocrx_word' id='word_1_57' title='bbox 1694 660 1889 713; x_wconf 87' lang='lat' dir='ltr'><strong>pluviali</strong></span> 
     </span>
     <span class='ocr_line' id='line_1_8' title="bbox 122 729 1889 783; baseline 0 -11"><span class='ocrx_word' id='word_1_58' title='bbox 122 729 281 773; x_wconf 91' lang='lat' dir='ltr'><strong>rubeo.</strong></span> <span class='ocrx_word' id='word_1_59' title='bbox 332 729 579 773; x_wconf 85' lang='lat' dir='ltr'><strong>Celebrata</strong></span> <span class='ocrx_word' id='word_1_60' title='bbox 615 729 765 783; x_wconf 90' lang='lat' dir='ltr'><strong>primo</strong></span> <span class='ocrx_word' id='word_1_61' title='bbox 802 730 945 772; x_wconf 89' lang='lat' dir='ltr'><strong>missa</strong></span> <span class='ocrx_word' id='word_1_62' title='bbox 982 729 1039 772; x_wconf 92' lang='lat' dir='ltr'><strong>de</strong></span> <span class='ocrx_word' id='word_1_63' title='bbox 1079 733 1236 772; x_wconf 87' lang='lat' dir='ltr'><strong>sancto</strong></span> <span class='ocrx_word' id='word_1_64' title='bbox 1273 729 1447 783; x_wconf 86' lang='lat' dir='ltr'><strong>Spiritu</strong></span> <span class='ocrx_word' id='word_1_65' title='bbox 1483 743 1568 783; x_wconf 90' lang='lat' dir='ltr'><strong>per</strong></span> <span class='ocrx_word' id='word_1_66' title='bbox 1605 730 1889 772; x_wconf 86' lang='lat' dir='ltr'><strong>cardinalem</strong></span> 
     </span>
     <span class='ocr_line' id='line_1_9' title="bbox 122 799 1890 855; baseline -0.001 -12"><span class='ocrx_word' id='word_1_67' title='bbox 122 799 267 844; x_wconf 90' lang='lat' dir='ltr'><strong>sancti</strong></span> <span class='ocrx_word' id='word_1_68' title='bbox 293 799 433 843; x_wconf 90' lang='lat' dir='ltr'><strong>Marci</strong></span> <span class='ocrx_word' id='word_1_69' title='bbox 457 803 502 843; x_wconf 90' lang='lat' dir='ltr'><strong>et</strong></span> <span class='ocrx_word' id='word_1_70' title='bbox 525 801 752 854; x_wconf 92' lang='lat' dir='ltr'><strong>completa</strong></span> <span class='ocrx_word' id='word_1_71' title='bbox 777 813 938 843; x_wconf 91' lang='lat' dir='ltr'><strong>omnes</strong></span> <span class='ocrx_word' id='word_1_72' title='bbox 963 800 1220 842; x_wconf 89' lang='lat' dir='ltr'><strong>induebant</strong></span> <span class='ocrx_word' id='word_1_73' title='bbox 1241 801 1428 843; x_wconf 90' lang='lat' dir='ltr'><strong>habitus</strong></span> <span class='ocrx_word' id='word_1_74' title='bbox 1454 801 1765 854; x_wconf 80' lang='lat' dir='ltr'><strong>pontificales,</strong></span> <span class='ocrx_word' id='word_1_75' title='bbox 1790 801 1890 855; x_wconf 94' lang='lat' dir='ltr'><strong>plu-</strong></span> 
     </span>
     <span class='ocr_line' id='line_1_10' title="bbox 119 870 1888 924; baseline 0 -11"><span class='ocrx_word' id='word_1_76' title='bbox 119 871 262 914; x_wconf 89' lang='lat' dir='ltr'><strong>vialia</strong></span> <span class='ocrx_word' id='word_1_77' title='bbox 280 874 328 914; x_wconf 91' lang='lat' dir='ltr'><strong>et</strong></span> <span class='ocrx_word' id='word_1_78' title='bbox 345 871 519 913; x_wconf 89' lang='lat' dir='ltr'><strong>mitras.</strong></span> <span class='ocrx_word' id='word_1_79' title='bbox 554 870 807 914; x_wconf 90' lang='lat' dir='ltr'><strong>Presidens</strong></span> <span class='ocrx_word' id='word_1_80' title='bbox 828 871 954 913; x_wconf 92' lang='lat' dir='ltr'><strong>venit</strong></span> <span class='ocrx_word' id='word_1_81' title='bbox 969 871 1028 913; x_wconf 91' lang='lat' dir='ltr'><strong>ad</strong></span> <span class='ocrx_word' id='word_1_82' title='bbox 1041 870 1378 924; x_wconf 90' lang='lat' dir='ltr'><strong>presidendum</strong></span> <span class='ocrx_word' id='word_1_83' title='bbox 1393 875 1439 913; x_wconf 92' lang='lat' dir='ltr'><strong>et</strong></span> <span class='ocrx_word' id='word_1_84' title='bbox 1454 884 1538 913; x_wconf 88' lang='lat' dir='ltr'><strong>rex</strong></span> <span class='ocrx_word' id='word_1_85' title='bbox 1555 871 1674 913; x_wconf 91' lang='lat' dir='ltr'><strong>sedit</strong></span> <span class='ocrx_word' id='word_1_86' title='bbox 1689 871 1888 913; x_wconf 89' lang='lat' dir='ltr'><strong>induens</strong></span> 
     </span>
     <span class='ocr_line' id='line_1_11' title="bbox 122 941 1889 996; baseline 0 -12"><span class='ocrx_word' id='word_1_87' title='bbox 122 941 240 984; x_wconf 87' lang='lat' dir='ltr'><strong>dicta</strong></span> <span class='ocrx_word' id='word_1_88' title='bbox 277 941 478 995; x_wconf 87' lang='lat' dir='ltr'><strong>insignia</strong></span> <span class='ocrx_word' id='word_1_89' title='bbox 517 941 793 995; x_wconf 89' lang='lat' dir='ltr'><strong>imperialia.</strong></span> <span class='ocrx_word' id='word_1_90' title='bbox 845 942 971 984; x_wconf 88' lang='lat' dir='ltr'><strong>Tunc</strong></span> <span class='ocrx_word' id='word_1_91' title='bbox 1008 941 1157 984; x_wconf 82' lang='lat' dir='ltr'><strong>factus</strong></span> <span class='ocrx_word' id='word_1_92' title='bbox 1195 945 1266 984; x_wconf 88' lang='lat' dir='ltr'><strong>est</strong></span> <span class='ocrx_word' id='word_1_93' title='bbox 1304 955 1457 985; x_wconf 88' lang='lat' dir='ltr'><strong>sermo</strong></span> <span class='ocrx_word' id='word_1_94' title='bbox 1496 955 1581 995; x_wconf 91' lang='lat' dir='ltr'><strong>per</strong></span> <span class='ocrx_word' id='word_1_95' title='bbox 1620 943 1889 996; x_wconf 90' lang='lat' dir='ltr'><strong>episcopum</strong></span> 
     </span>
     <span class='ocr_line' id='line_1_12' title="bbox 120 1011 1888 1067; baseline 0 -13"><span class='ocrx_word' id='word_1_96' title='bbox 120 1011 414 1055; x_wconf 90' lang='lat' dir='ltr'><strong>Laudensem</strong></span> <span class='ocrx_word' id='word_1_97' title='bbox 451 1015 632 1066; x_wconf 90' lang='lat' dir='ltr'><strong>sumpto</strong></span> <span class='ocrx_word' id='word_1_98' title='bbox 666 1012 886 1055; x_wconf 89' lang='lat' dir='ltr'><strong>themate:</strong></span> <span class='ocrx_word' id='word_1_99' title='bbox 937 1012 1104 1065; x_wconf 86' lang='lat' dir='ltr'><strong>Eligite</strong></span> <span class='ocrx_word' id='word_1_100' title='bbox 1139 1013 1436 1067; x_wconf 85' lang='lat' dir='ltr'><strong>meliorem.¹)</strong></span> <span class='ocrx_word' id='word_1_101' title='bbox 1487 1012 1638 1055; x_wconf 88' lang='lat' dir='ltr'><strong>Finito</strong></span> <span class='ocrx_word' id='word_1_102' title='bbox 1674 1025 1888 1057; x_wconf 90' lang='lat' dir='ltr'><strong>sermone</strong></span> 
     </span>
     <span class='ocr_line' id='line_1_13' title="bbox 121 1082 1889 1137; baseline 0 -12"><span class='ocrx_word' id='word_1_103' title='bbox 121 1082 240 1126; x_wconf 87' lang='lat' dir='ltr'><strong>dicta</strong></span> <span class='ocrx_word' id='word_1_104' title='bbox 274 1086 379 1126; x_wconf 90' lang='lat' dir='ltr'><strong>sunt</strong></span> <span class='ocrx_word' id='word_1_105' title='bbox 412 1095 578 1137; x_wconf 81' lang='lat' dir='ltr'><strong>preces</strong></span> <span class='ocrx_word' id='word_1_106' title='bbox 613 1086 658 1126; x_wconf 91' lang='lat' dir='ltr'><strong>et</strong></span> <span class='ocrx_word' id='word_1_107' title='bbox 691 1083 879 1136; x_wconf 90' lang='lat' dir='ltr'><strong>letanie,</strong></span> <span class='ocrx_word' id='word_1_108' title='bbox 913 1083 1207 1136; x_wconf 85' lang='lat' dir='ltr'><strong>evangelium</strong></span> <span class='ocrx_word' id='word_1_109' title='bbox 1241 1086 1287 1125; x_wconf 95' lang='lat' dir='ltr'><strong>et</strong></span> <span class='ocrx_word' id='word_1_110' title='bbox 1320 1083 1439 1125; x_wconf 92' lang='lat' dir='ltr'><strong>Veni</strong></span> <span class='ocrx_word' id='word_1_111' title='bbox 1473 1087 1666 1126; x_wconf 86' lang='lat' dir='ltr'><strong>creator.</strong></span> <span class='ocrx_word' id='word_1_112' title='bbox 1713 1083 1889 1135; x_wconf 88' lang='lat' dir='ltr'><strong>Quibus</strong></span> 
     </span>
     <span class='ocr_line' id='line_1_14' title="bbox 119 1153 1888 1207; baseline 0 -11"><span class='ocrx_word' id='word_1_113' title='bbox 119 1153 268 1196; x_wconf 80' lang='lat' dir='ltr'><strong>finitis</strong></span> <span class='ocrx_word' id='word_1_114' title='bbox 306 1154 453 1196; x_wconf 87' lang='lat' dir='ltr'><strong>vocati</strong></span> <span class='ocrx_word' id='word_1_115' title='bbox 491 1153 682 1196; x_wconf 81' lang='lat' dir='ltr'><strong>fuerunt</strong></span> <span class='ocrx_word' id='word_1_116' title='bbox 719 1153 934 1196; x_wconf 85' lang='lat' dir='ltr'><strong>custodes</strong></span> <span class='ocrx_word' id='word_1_117' title='bbox 972 1153 1153 1196; x_wconf 89' lang='lat' dir='ltr'><strong>concilii</strong></span> <span class='ocrx_word' id='word_1_118' title='bbox 1189 1154 1413 1196; x_wconf 83' lang='lat' dir='ltr'><strong>nominati</strong></span> <span class='ocrx_word' id='word_1_119' title='bbox 1450 1166 1536 1207; x_wconf 90' lang='lat' dir='ltr'><strong>per</strong></span> <span class='ocrx_word' id='word_1_120' title='bbox 1574 1167 1731 1207; x_wconf 84' lang='lat' dir='ltr'><strong>regem</strong></span> <span class='ocrx_word' id='word_1_121' title='bbox 1770 1154 1888 1207; x_wconf 90' lang='lat' dir='ltr'><strong>laici,</strong></span> 
     </span>
     <span class='ocr_line' id='line_1_15' title="bbox 120 1224 1890 1278; baseline 0 -12"><span class='ocrx_word' id='word_1_122' title='bbox 120 1236 235 1278; x_wconf 91' lang='lat' dir='ltr'><strong>quos</strong></span> <span class='ocrx_word' id='word_1_123' title='bbox 267 1225 413 1267; x_wconf 89' lang='lat' dir='ltr'><strong>voluit</strong></span> <span class='ocrx_word' id='word_1_124' title='bbox 443 1224 692 1277; x_wconf 89' lang='lat' dir='ltr'><strong>honorare,</strong></span> <span class='ocrx_word' id='word_1_125' title='bbox 726 1228 772 1266; x_wconf 91' lang='lat' dir='ltr'><strong>et</strong></span> <span class='ocrx_word' id='word_1_126' title='bbox 806 1226 982 1278; x_wconf 88' lang='lat' dir='ltr'><strong>legatos</strong></span> <span class='ocrx_word' id='word_1_127' title='bbox 1018 1237 1179 1278; x_wconf 84' lang='lat' dir='ltr'><strong>regum</strong></span> <span class='ocrx_word' id='word_1_128' title='bbox 1213 1228 1259 1266; x_wconf 90' lang='lat' dir='ltr'><strong>et</strong></span> <span class='ocrx_word' id='word_1_129' title='bbox 1292 1224 1554 1278; x_wconf 90' lang='lat' dir='ltr'><strong>principum</strong></span> <span class='ocrx_word' id='word_1_130' title='bbox 1587 1238 1637 1267; x_wconf 89' lang='lat' dir='ltr'><strong>ac</strong></span> <span class='ocrx_word' id='word_1_131' title='bbox 1671 1224 1890 1278; x_wconf 74' lang='lat' dir='ltr'><strong>magister</strong></span> 
     </span>
     <span class='ocr_line' id='line_1_16' title="bbox 119 1294 1889 1349; baseline 0 -12"><span class='ocrx_word' id='word_1_132' title='bbox 119 1294 250 1348; x_wconf 88' lang='lat' dir='ltr'><strong>Rodi‚</strong></span> <span class='ocrx_word' id='word_1_133' title='bbox 285 1296 364 1349; x_wconf 92' lang='lat' dir='ltr'><strong>qui</strong></span> <span class='ocrx_word' id='word_1_134' title='bbox 397 1295 598 1338; x_wconf 82' lang='lat' dir='ltr'><strong>inferius</strong></span> <span class='ocrx_word' id='word_1_135' title='bbox 633 1294 973 1338; x_wconf 89' lang='lat' dir='ltr'><strong>describuntur.</strong></span> <span class='ocrx_word' id='word_1_136' title='bbox 1020 1295 1112 1337; x_wconf 92' lang='lat' dir='ltr'><strong>Pro</strong></span> <span class='ocrx_word' id='word_1_137' title='bbox 1145 1308 1255 1348; x_wconf 88' lang='lat' dir='ltr'><strong>rege</strong></span> <span class='ocrx_word' id='word_1_138' title='bbox 1291 1298 1444 1338; x_wconf 90' lang='lat' dir='ltr'><strong>autem</strong></span> <span class='ocrx_word' id='word_1_139' title='bbox 1479 1295 1673 1337; x_wconf 90' lang='lat' dir='ltr'><strong>Francie</strong></span> <span class='ocrx_word' id='word_1_140' title='bbox 1708 1296 1889 1349; x_wconf 86' lang='lat' dir='ltr'><strong>legatus</strong></span> 
     </span>
     <span class='ocr_line' id='line_1_17' title="bbox 122 1365 1890 1420; baseline -0.001 -12"><span class='ocrx_word' id='word_1_141' title='bbox 122 1368 223 1408; x_wconf 91' lang='lat' dir='ltr'><strong>erat</strong></span> <span class='ocrx_word' id='word_1_142' title='bbox 243 1365 503 1409; x_wconf 84' lang='lat' dir='ltr'><strong>Ludovicus</strong></span> <span class='ocrx_word' id='word_1_143' title='bbox 527 1366 621 1408; x_wconf 86' lang='lat' dir='ltr'><strong>dux</strong></span> <span class='ocrx_word' id='word_1_144' title='bbox 645 1366 841 1408; x_wconf 89' lang='lat' dir='ltr'><strong>Bavarie</strong></span> <span class='ocrx_word' id='word_1_145' title='bbox 866 1365 1014 1408; x_wconf 83' lang='lat' dir='ltr'><strong>frater</strong></span> <span class='ocrx_word' id='word_1_146' title='bbox 1037 1367 1200 1420; x_wconf 86' lang='lat' dir='ltr'><strong>regine</strong></span> <span class='ocrx_word' id='word_1_147' title='bbox 1225 1365 1434 1419; x_wconf 85' lang='lat' dir='ltr'><strong>Francie,</strong></span> <span class='ocrx_word' id='word_1_148' title='bbox 1459 1367 1536 1419; x_wconf 92' lang='lat' dir='ltr'><strong>qui</strong></span> <span class='ocrx_word' id='word_1_149' title='bbox 1560 1379 1653 1408; x_wconf 94' lang='lat' dir='ltr'><strong>non</strong></span> <span class='ocrx_word' id='word_1_150' title='bbox 1677 1365 1765 1409; x_wconf 83' lang='lat' dir='ltr'><strong>fuit</strong></span> <span class='ocrx_word' id='word_1_151' title='bbox 1786 1378 1890 1419; x_wconf 91' lang='lat' dir='ltr'><strong>pre-</strong></span> 
     </span>
     <span class='ocr_line' id='line_1_18' title="bbox 122 1436 1891 1490; baseline 0.001 -12"><span class='ocrx_word' id='word_1_152' title='bbox 122 1448 246 1489; x_wconf 89' lang='lat' dir='ltr'><strong>sens,</strong></span> <span class='ocrx_word' id='word_1_153' title='bbox 282 1437 391 1490; x_wconf 92' lang='lat' dir='ltr'><strong>quia</strong></span> <span class='ocrx_word' id='word_1_154' title='bbox 427 1436 645 1479; x_wconf 84' lang='lat' dir='ltr'><strong>infirmus</strong></span> <span class='ocrx_word' id='word_1_155' title='bbox 682 1439 783 1479; x_wconf 91' lang='lat' dir='ltr'><strong>erat</strong></span> <span class='ocrx_word' id='word_1_156' title='bbox 818 1450 878 1479; x_wconf 85' lang='lat' dir='ltr'><strong>ex</strong></span> <span class='ocrx_word' id='word_1_157' title='bbox 913 1436 1189 1480; x_wconf 89' lang='lat' dir='ltr'><strong>vulneribus</strong></span> <span class='ocrx_word' id='word_1_158' title='bbox 1227 1436 1315 1479; x_wconf 89' lang='lat' dir='ltr'><strong>sibi</strong></span> <span class='ocrx_word' id='word_1_159' title='bbox 1352 1436 1588 1479; x_wconf 89' lang='lat' dir='ltr'><strong>insidiosis</strong></span> <span class='ocrx_word' id='word_1_160' title='bbox 1626 1436 1769 1479; x_wconf 90' lang='lat' dir='ltr'><strong>illatis</strong></span> <span class='ocrx_word' id='word_1_161' title='bbox 1805 1449 1891 1490; x_wconf 90' lang='lat' dir='ltr'><strong>per</strong></span> 
     </span>
     <span class='ocr_line' id='line_1_19' title="bbox 120 1506 1888 1561; baseline 0 -12"><span class='ocrx_word' id='word_1_162' title='bbox 120 1506 371 1550; x_wconf 89' lang='lat' dir='ltr'><strong>Henricum</strong></span> <span class='ocrx_word' id='word_1_163' title='bbox 410 1507 574 1549; x_wconf 89' lang='lat' dir='ltr'><strong>ducem</strong></span> <span class='ocrx_word' id='word_1_164' title='bbox 611 1507 824 1561; x_wconf 90' lang='lat' dir='ltr'><strong>Bavarie,</strong></span> <span class='ocrx_word' id='word_1_165' title='bbox 864 1511 914 1550; x_wconf 88' lang='lat' dir='ltr'><strong>ut</strong></span> <span class='ocrx_word' id='word_1_166' title='bbox 953 1520 1094 1560; x_wconf 88' lang='lat' dir='ltr'><strong>supra</strong></span> <span class='ocrx_word' id='word_1_167' title='bbox 1135 1507 1351 1550; x_wconf 90' lang='lat' dir='ltr'><strong>scribitur</strong></span> <span class='ocrx_word' id='word_1_168' title='bbox 1391 1508 1531 1561; x_wconf 91' lang='lat' dir='ltr'><strong>paulo</strong></span> <span class='ocrx_word' id='word_1_169' title='bbox 1571 1510 1676 1550; x_wconf 90' lang='lat' dir='ltr'><strong>ante</strong></span> <span class='ocrx_word' id='word_1_170' title='bbox 1718 1507 1888 1549; x_wconf 84' lang='lat' dir='ltr'><strong>festum</strong></span> 
     </span>
     <span class='ocr_line' id='line_1_20' title="bbox 122 1577 1890 1632; baseline -0.001 -12"><span class='ocrx_word' id='word_1_171' title='bbox 122 1577 266 1620; x_wconf 85' lang='lat' dir='ltr'><strong>sancti</strong></span> <span class='ocrx_word' id='word_1_172' title='bbox 293 1577 429 1620; x_wconf 92' lang='lat' dir='ltr'><strong>Luce.</strong></span> <span class='ocrx_word' id='word_1_173' title='bbox 469 1578 612 1621; x_wconf 88' lang='lat' dir='ltr'><strong>Erant</strong></span> <span class='ocrx_word' id='word_1_174' title='bbox 639 1578 785 1620; x_wconf 92' lang='lat' dir='ltr'><strong>eciam</strong></span> <span class='ocrx_word' id='word_1_175' title='bbox 813 1578 1032 1632; x_wconf 84' lang='lat' dir='ltr'><strong>magister</strong></span> <span class='ocrx_word' id='word_1_176' title='bbox 1058 1578 1225 1620; x_wconf 91' lang='lat' dir='ltr'><strong>civium</strong></span> <span class='ocrx_word' id='word_1_177' title='bbox 1253 1582 1297 1620; x_wconf 94' lang='lat' dir='ltr'><strong>et</strong></span> <span class='ocrx_word' id='word_1_178' title='bbox 1324 1578 1553 1621; x_wconf 90' lang='lat' dir='ltr'><strong>consules.</strong></span> <span class='ocrx_word' id='word_1_179' title='bbox 1595 1578 1709 1621; x_wconf 91' lang='lat' dir='ltr'><strong>Cum</strong></span> <span class='ocrx_word' id='word_1_180' title='bbox 1737 1581 1890 1620; x_wconf 89' lang='lat' dir='ltr'><strong>autem</strong></span> 
     </span>
     <span class='ocr_line' id='line_1_21' title="bbox 121 1648 1890 1703; baseline -0.001 -12"><span class='ocrx_word' id='word_1_181' title='bbox 121 1651 397 1691; x_wconf 85' lang='lat' dir='ltr'><strong>vocarentur</strong></span> <span class='ocrx_word' id='word_1_182' title='bbox 439 1648 667 1701; x_wconf 88' lang='lat' dir='ltr'><strong>custodes,</strong></span> <span class='ocrx_word' id='word_1_183' title='bbox 710 1648 1059 1691; x_wconf 87' lang='lat' dir='ltr'><strong>descendebant</strong></span> <span class='ocrx_word' id='word_1_184' title='bbox 1100 1648 1299 1691; x_wconf 85' lang='lat' dir='ltr'><strong>inferius</strong></span> <span class='ocrx_word' id='word_1_185' title='bbox 1340 1652 1444 1691; x_wconf 92' lang='lat' dir='ltr'><strong>ante</strong></span> <span class='ocrx_word' id='word_1_186' title='bbox 1485 1648 1658 1703; x_wconf 87' lang='lat' dir='ltr'><strong>gradus</strong></span> <span class='ocrx_word' id='word_1_187' title='bbox 1700 1649 1746 1690; x_wconf 93' lang='lat' dir='ltr'><strong>in</strong></span> <span class='ocrx_word' id='word_1_188' title='bbox 1788 1661 1890 1691; x_wconf 92' lang='lat' dir='ltr'><strong>con-</strong></span> 
     </span>
     <span class='ocr_line' id='line_1_22' title="bbox 121 1716 1888 1773; baseline 0.001 -13"><span class='ocrx_word' id='word_1_189' title='bbox 121 1722 280 1772; x_wconf 89' lang='lat' dir='ltr'><strong>spectu</strong></span> <span class='ocrx_word' id='word_1_190' title='bbox 313 1718 623 1773; x_wconf 87' lang='lat' dir='ltr'><strong>presedentis.</strong></span> <span class='ocrx_word' id='word_1_191' title='bbox 671 1719 847 1771; x_wconf 87' lang='lat' dir='ltr'><strong>Quibus</strong></span> <span class='ocrx_word' id='word_1_192' title='bbox 882 1719 943 1761; x_wconf 91' lang='lat' dir='ltr'><strong>ibi</strong></span> <span class='ocrx_word' id='word_1_193' title='bbox 982 1719 1210 1763; x_wconf 88' lang='lat' dir='ltr'><strong>stantibus</strong></span> <span class='ocrx_word' id='word_1_194' title='bbox 1245 1719 1333 1761; x_wconf 82' lang='lat' dir='ltr'><strong>fuit</strong></span> <span class='ocrx_word' id='word_1_195' title='bbox 1367 1721 1486 1762; x_wconf 91' lang='lat' dir='ltr'><strong>lecta</strong></span> <span class='ocrx_word' id='word_1_196' title='bbox 1514 1716 1755 1762; x_wconf 86' lang='lat' dir='ltr'><strong>institucio</strong></span> <span class='ocrx_word' id='word_1_197' title='bbox 1789 1719 1888 1762; x_wconf 92' lang='lat' dir='ltr'><strong>Cle-</strong></span> 
     </span>
     <span class='ocr_line' id='line_1_23' title="bbox 121 1789 1665 1843; baseline 0 -12"><span class='ocrx_word' id='word_1_198' title='bbox 121 1789 287 1832; x_wconf 89' lang='lat' dir='ltr'><strong>mentis</strong></span> <span class='ocrx_word' id='word_1_199' title='bbox 311 1790 405 1832; x_wconf 91' lang='lat' dir='ltr'><strong>VI..</strong></span> <span class='ocrx_word' id='word_1_200' title='bbox 433 1790 491 1832; x_wconf 92' lang='lat' dir='ltr'><strong>de</strong></span> <span class='ocrx_word' id='word_1_201' title='bbox 517 1803 607 1843; x_wconf 93' lang='lat' dir='ltr'><strong>qua</strong></span> <span class='ocrx_word' id='word_1_202' title='bbox 634 1803 775 1843; x_wconf 88' lang='lat' dir='ltr'><strong>supra</strong></span> <span class='ocrx_word' id='word_1_203' title='bbox 802 1790 856 1832; x_wconf 82' lang='lat' dir='ltr'><strong>fit</strong></span> <span class='ocrx_word' id='word_1_204' title='bbox 882 1790 1074 1832; x_wconf 89' lang='lat' dir='ltr'><strong>mencio.</strong></span> <span class='ocrx_word' id='word_1_205' title='bbox 1116 1790 1258 1832; x_wconf 91' lang='lat' dir='ltr'><strong>Cuius</strong></span> <span class='ocrx_word' id='word_1_206' title='bbox 1284 1793 1418 1832; x_wconf 90' lang='lat' dir='ltr'><strong>tenor</strong></span> <span class='ocrx_word' id='word_1_207' title='bbox 1444 1790 1552 1833; x_wconf 91' lang='lat' dir='ltr'><strong>talis</strong></span> <span class='ocrx_word' id='word_1_208' title='bbox 1578 1793 1665 1832; x_wconf 87' lang='lat' dir='ltr'><strong>est:</strong></span> 
     </span>
    </p>

    <p class='ocr_par' dir='ltr' id='par_1_4' title="bbox 123 1860 1889 1988">
     <span class='ocr_line' id='line_1_24' title="bbox 238 1860 1889 1914; baseline -0.001 -10"><span class='ocrx_word' id='word_1_209' title='bbox 238 1860 457 1904; x_wconf 90' lang='lat' dir='ltr'><strong>Clemens</strong></span> <span class='ocrx_word' id='word_1_210' title='bbox 499 1861 747 1914; x_wconf 91' lang='lat' dir='ltr'><strong>episcopus</strong></span> <span class='ocrx_word' id='word_1_211' title='bbox 791 1895 799 1904; x_wconf 89' lang='lat'><strong>.</strong></span> <span class='ocrx_word' id='word_1_212' title='bbox 836 1895 843 1903; x_wconf 97' lang='lat'><strong>.</strong></span> <span class='ocrx_word' id='word_1_213' title='bbox 880 1896 888 1904; x_wconf 91' lang='lat'><strong>.</strong></span> <span class='ocrx_word' id='word_1_214' title='bbox 930 1861 1058 1906; x_wconf 89' lang='lat' dir='ltr'><strong>VIII.</strong></span> <span class='ocrx_word' id='word_1_215' title='bbox 1105 1861 1209 1904; x_wconf 91' lang='lat' dir='ltr'><strong>idus</strong></span> <span class='ocrx_word' id='word_1_216' title='bbox 1252 1861 1359 1903; x_wconf 81' lang='lat' dir='ltr'><strong>Dec,</strong></span> <span class='ocrx_word' id='word_1_217' title='bbox 1403 1861 1702 1914; x_wconf 84' lang='lat' dir='ltr'><strong>pontificatus</strong></span> <span class='ocrx_word' id='word_1_218' title='bbox 1743 1861 1889 1903; x_wconf 90' lang='lat' dir='ltr'><strong>nostri</strong></span> 
     </span>
     <span class='ocr_line' id='line_1_25' title="bbox 123 1931 385 1988; baseline 0.004 -15"><span class='ocrx_word' id='word_1_219' title='bbox 123 1943 244 1974; x_wconf 87' lang='lat' dir='ltr'><strong>anno</strong></span> <span class='ocrx_word' id='word_1_220' title='bbox 270 1931 385 1988; x_wconf 86' lang='lat' dir='ltr'><strong>X⁰.²)</strong></span> 
     </span>
    </p>

    <p class='ocr_par' dir='ltr' id='par_1_5' title="bbox 117 2002 1889 2269">
     <span class='ocr_line' id='line_1_26' title="bbox 237 2002 1889 2056; baseline 0 -12"><span class='ocrx_word' id='word_1_221' title='bbox 237 2002 404 2046; x_wconf 90' lang='lat' dir='ltr'><strong>Postea</strong></span> <span class='ocrx_word' id='word_1_222' title='bbox 442 2002 635 2045; x_wconf 83' lang='lat' dir='ltr'><strong>fuerunt</strong></span> <span class='ocrx_word' id='word_1_223' title='bbox 674 2004 791 2045; x_wconf 87' lang='lat' dir='ltr'><strong>lecta</strong></span> <span class='ocrx_word' id='word_1_224' title='bbox 832 2003 1032 2056; x_wconf 90' lang='lat' dir='ltr'><strong>capitula</strong></span> <span class='ocrx_word' id='word_1_225' title='bbox 1071 2003 1355 2056; x_wconf 91' lang='lat' dir='ltr'><strong>pertinentia</strong></span> <span class='ocrx_word' id='word_1_226' title='bbox 1395 2003 1453 2045; x_wconf 91' lang='lat' dir='ltr'><strong>ad</strong></span> <span class='ocrx_word' id='word_1_227' title='bbox 1490 2002 1745 2045; x_wconf 88' lang='lat' dir='ltr'><strong>custodiam</strong></span> <span class='ocrx_word' id='word_1_228' title='bbox 1786 2015 1889 2045; x_wconf 90' lang='lat' dir='ltr'><strong>con-</strong></span> 
     </span>
     <span class='ocr_line' id='line_1_27' title="bbox 117 2072 1887 2127; baseline 0.001 -13"><span class='ocrx_word' id='word_1_229' title='bbox 117 2072 261 2116; x_wconf 86' lang='lat' dir='ltr'><strong>clavis</strong></span> <span class='ocrx_word' id='word_1_230' title='bbox 287 2074 438 2127; x_wconf 91' lang='lat' dir='ltr'><strong>primo</strong></span> <span class='ocrx_word' id='word_1_231' title='bbox 464 2073 511 2115; x_wconf 93' lang='lat' dir='ltr'><strong>in</strong></span> <span class='ocrx_word' id='word_1_232' title='bbox 537 2074 696 2126; x_wconf 92' lang='lat' dir='ltr'><strong>latino,</strong></span> <span class='ocrx_word' id='word_1_233' title='bbox 722 2076 884 2127; x_wconf 85' lang='lat' dir='ltr'><strong>postea</strong></span> <span class='ocrx_word' id='word_1_234' title='bbox 910 2074 957 2115; x_wconf 91' lang='lat' dir='ltr'><strong>in</strong></span> <span class='ocrx_word' id='word_1_235' title='bbox 984 2073 1250 2116; x_wconf 86' lang='lat' dir='ltr'><strong>theutonico</strong></span> <span class='ocrx_word' id='word_1_236' title='bbox 1276 2073 1406 2127; x_wconf 90' lang='lat' dir='ltr'><strong>prius</strong></span> <span class='ocrx_word' id='word_1_237' title='bbox 1433 2073 1752 2126; x_wconf 83' lang='lat' dir='ltr'><strong>interpretata,</strong></span> <span class='ocrx_word' id='word_1_238' title='bbox 1780 2086 1887 2127; x_wconf 90' lang='lat' dir='ltr'><strong>quo-</strong></span> 
     </span>
     <span class='ocr_line' id='line_1_28' title="bbox 121 2143 1887 2205; baseline 0 -20"><span class='ocrx_word' id='word_1_239' title='bbox 121 2155 222 2205; x_wconf 78' lang='lat' dir='ltr'><strong>rum</strong></span> <span class='ocrx_word' id='word_1_240' title='bbox 251 2144 560 2198; x_wconf 90' lang='lat' dir='ltr'><strong>capitulorum</strong></span> <span class='ocrx_word' id='word_1_241' title='bbox 592 2148 726 2187; x_wconf 90' lang='lat' dir='ltr'><strong>tenor</strong></span> <span class='ocrx_word' id='word_1_242' title='bbox 757 2145 865 2188; x_wconf 90' lang='lat' dir='ltr'><strong>talis</strong></span> <span class='ocrx_word' id='word_1_243' title='bbox 896 2148 984 2187; x_wconf 87' lang='lat' dir='ltr'><strong>est:</strong></span> <span class='ocrx_word' id='word_1_244' title='bbox 1033 2145 1126 2187; x_wconf 89' lang='lat' dir='ltr'><strong>Ista</strong></span> <span class='ocrx_word' id='word_1_245' title='bbox 1159 2147 1278 2197; x_wconf 89' lang='lat' dir='ltr'><strong>sunt,</strong></span> <span class='ocrx_word' id='word_1_246' title='bbox 1313 2156 1402 2197; x_wconf 91' lang='lat' dir='ltr'><strong>que</strong></span> <span class='ocrx_word' id='word_1_247' title='bbox 1437 2145 1700 2187; x_wconf 89' lang='lat' dir='ltr'><strong>cardinales</strong></span> <span class='ocrx_word' id='word_1_248' title='bbox 1732 2147 1777 2186; x_wconf 89' lang='lat' dir='ltr'><strong>et</strong></span> <span class='ocrx_word' id='word_1_249' title='bbox 1809 2143 1887 2187; x_wconf 91' lang='lat' dir='ltr'><strong>alii</strong></span> 
     </span>
     <span class='ocr_line' id='line_1_29' title="bbox 124 2213 1083 2269; baseline 0.001 -13"><span class='ocrx_word' id='word_1_250' title='bbox 124 2213 349 2257; x_wconf 84' lang='lat' dir='ltr'><strong>electores</strong></span> <span class='ocrx_word' id='word_1_251' title='bbox 389 2249 397 2257; x_wconf 92' lang='lat'><strong>.</strong></span> <span class='ocrx_word' id='word_1_252' title='bbox 433 2248 441 2256; x_wconf 95' lang='lat'><strong>.</strong></span> <span class='ocrx_word' id='word_1_253' title='bbox 477 2248 485 2257; x_wconf 93' lang='lat'><strong>.</strong></span> <span class='ocrx_word' id='word_1_254' title='bbox 524 2216 721 2257; x_wconf 89' lang='lat' dir='ltr'><strong>coartari</strong></span> <span class='ocrx_word' id='word_1_255' title='bbox 757 2215 1083 2269; x_wconf 82' lang='lat' dir='ltr'><strong>permittent.³)</strong></span> 
     </span>
    </p>

    <p class='ocr_par' dir='ltr' id='par_1_6' title="bbox 122 2285 1890 2975">
     <span class='ocr_line' id='line_1_30' title="bbox 239 2285 1890 2339; baseline 0 -12"><span class='ocrx_word' id='word_1_256' title='bbox 239 2285 405 2329; x_wconf 90' lang='lat' dir='ltr'><strong>Forma</strong></span> <span class='ocrx_word' id='word_1_257' title='bbox 433 2288 586 2328; x_wconf 91' lang='lat' dir='ltr'><strong>autem</strong></span> <span class='ocrx_word' id='word_1_258' title='bbox 616 2286 875 2339; x_wconf 91' lang='lat' dir='ltr'><strong>recipiendi</strong></span> <span class='ocrx_word' id='word_1_259' title='bbox 902 2286 1150 2328; x_wconf 84' lang='lat' dir='ltr'><strong>iuramenti</strong></span> <span class='ocrx_word' id='word_1_260' title='bbox 1177 2286 1361 2328; x_wconf 88' lang='lat' dir='ltr'><strong>videtur</strong></span> <span class='ocrx_word' id='word_1_261' title='bbox 1389 2286 1620 2328; x_wconf 85' lang='lat' dir='ltr'><strong>servanda</strong></span> <span class='ocrx_word' id='word_1_262' title='bbox 1649 2285 1771 2328; x_wconf 91' lang='lat' dir='ltr'><strong>talis:</strong></span> <span class='ocrx_word' id='word_1_263' title='bbox 1813 2285 1890 2327; x_wconf 92' lang='lat' dir='ltr'><strong>Vi-</strong></span> 
     </span>
     <span class='ocr_line' id='line_1_31' title="bbox 122 2354 1889 2410; baseline 0.001 -13"><span class='ocrx_word' id='word_1_264' title='bbox 122 2354 269 2409; x_wconf 90' lang='lat' dir='ltr'><strong>detur,</strong></span> <span class='ocrx_word' id='word_1_265' title='bbox 301 2356 424 2410; x_wconf 93' lang='lat' dir='ltr'><strong>quod</strong></span> <span class='ocrx_word' id='word_1_266' title='bbox 456 2357 495 2399; x_wconf 92' lang='lat' dir='ltr'><strong>si</strong></span> <span class='ocrx_word' id='word_1_267' title='bbox 527 2357 570 2399; x_wconf 89' lang='lat' dir='ltr'><strong>d.</strong></span> <span class='ocrx_word' id='word_1_268' title='bbox 603 2369 687 2398; x_wconf 87' lang='lat' dir='ltr'><strong>rex</strong></span> <span class='ocrx_word' id='word_1_269' title='bbox 720 2360 790 2399; x_wconf 87' lang='lat' dir='ltr'><strong>est</strong></span> <span class='ocrx_word' id='word_1_270' title='bbox 822 2369 1035 2410; x_wconf 91' lang='lat' dir='ltr'><strong>presens,</strong></span> <span class='ocrx_word' id='word_1_271' title='bbox 1068 2356 1208 2399; x_wconf 91' lang='lat' dir='ltr'><strong>debet</strong></span> <span class='ocrx_word' id='word_1_272' title='bbox 1239 2370 1324 2410; x_wconf 93' lang='lat' dir='ltr'><strong>pro</strong></span> <span class='ocrx_word' id='word_1_273' title='bbox 1357 2370 1440 2399; x_wconf 92' lang='lat' dir='ltr'><strong>sue</strong></span> <span class='ocrx_word' id='word_1_274' title='bbox 1472 2356 1727 2399; x_wconf 85' lang='lat' dir='ltr'><strong>maiestatis</strong></span> <span class='ocrx_word' id='word_1_275' title='bbox 1760 2368 1889 2398; x_wconf 88' lang='lat' dir='ltr'><strong>reve-</strong></span> 
     </span>
     <span class='ocr_line' id='line_1_32' title="bbox 122 2427 1889 2481; baseline 0.001 -14"><span class='ocrx_word' id='word_1_276' title='bbox 122 2427 277 2469; x_wconf 87' lang='lat' dir='ltr'><strong>rencia</strong></span> <span class='ocrx_word' id='word_1_277' title='bbox 307 2427 365 2470; x_wconf 90' lang='lat' dir='ltr'><strong>ab</strong></span> <span class='ocrx_word' id='word_1_278' title='bbox 394 2440 451 2470; x_wconf 89' lang='lat' dir='ltr'><strong>eo</strong></span> <span class='ocrx_word' id='word_1_279' title='bbox 481 2427 674 2471; x_wconf 89' lang='lat' dir='ltr'><strong>sedente</strong></span> <span class='ocrx_word' id='word_1_280' title='bbox 704 2427 751 2469; x_wconf 92' lang='lat' dir='ltr'><strong>in</strong></span> <span class='ocrx_word' id='word_1_281' title='bbox 782 2427 894 2470; x_wconf 92' lang='lat' dir='ltr'><strong>sede</strong></span> <span class='ocrx_word' id='word_1_282' title='bbox 925 2440 1008 2470; x_wconf 90' lang='lat' dir='ltr'><strong>sua</strong></span> <span class='ocrx_word' id='word_1_283' title='bbox 1036 2441 1122 2481; x_wconf 93' lang='lat' dir='ltr'><strong>per</strong></span> <span class='ocrx_word' id='word_1_284' title='bbox 1153 2428 1270 2470; x_wconf 91' lang='lat' dir='ltr'><strong>duos</strong></span> <span class='ocrx_word' id='word_1_285' title='bbox 1299 2427 1562 2470; x_wconf 89' lang='lat' dir='ltr'><strong>cardinales</strong></span> <span class='ocrx_word' id='word_1_286' title='bbox 1593 2429 1737 2481; x_wconf 87' lang='lat' dir='ltr'><strong>recipi</strong></span> <span class='ocrx_word' id='word_1_287' title='bbox 1770 2427 1889 2469; x_wconf 91' lang='lat' dir='ltr'><strong>iura-</strong></span> 
     </span>
     <span class='ocr_line' id='line_1_33' title="bbox 123 2496 1887 2552; baseline 0 -13"><span class='ocrx_word' id='word_1_288' title='bbox 123 2499 338 2540; x_wconf 87' lang='lat' dir='ltr'><strong>mentum.</strong></span> <span class='ocrx_word' id='word_1_289' title='bbox 383 2497 589 2540; x_wconf 92' lang='lat' dir='ltr'><strong>Concilio</strong></span> <span class='ocrx_word' id='word_1_290' title='bbox 622 2502 899 2552; x_wconf 86' lang='lat' dir='ltr'><strong>congregato</strong></span> <span class='ocrx_word' id='word_1_291' title='bbox 930 2502 1033 2552; x_wconf 91' lang='lat' dir='ltr'><strong>post</strong></span> <span class='ocrx_word' id='word_1_292' title='bbox 1065 2499 1343 2551; x_wconf 90' lang='lat' dir='ltr'><strong>completum</strong></span> <span class='ocrx_word' id='word_1_293' title='bbox 1376 2498 1584 2541; x_wconf 84' lang='lat' dir='ltr'><strong>officium</strong></span> <span class='ocrx_word' id='word_1_294' title='bbox 1617 2498 1707 2541; x_wconf 89' lang='lat' dir='ltr'><strong>sint</strong></span> <span class='ocrx_word' id='word_1_295' title='bbox 1739 2496 1887 2551; x_wconf 88' lang='lat' dir='ltr'><strong>parati</strong></span> 
     </span>
     <span class='ocr_line' id='line_1_34' title="bbox 122 2568 1887 2612; baseline 0.001 -4"><span class='ocrx_word' id='word_1_296' title='bbox 122 2579 281 2611; x_wconf 87' lang='lat' dir='ltr'><strong>omnes</strong></span> <span class='ocrx_word' id='word_1_297' title='bbox 309 2568 524 2612; x_wconf 90' lang='lat' dir='ltr'><strong>custodes</strong></span> <span class='ocrx_word' id='word_1_298' title='bbox 552 2571 684 2611; x_wconf 88' lang='lat' dir='ltr'><strong>extra</strong></span> <span class='ocrx_word' id='word_1_299' title='bbox 714 2570 863 2611; x_wconf 92' lang='lat' dir='ltr'><strong>locum</strong></span> <span class='ocrx_word' id='word_1_300' title='bbox 893 2569 1118 2611; x_wconf 90' lang='lat' dir='ltr'><strong>sessionis</strong></span> <span class='ocrx_word' id='word_1_301' title='bbox 1149 2570 1195 2610; x_wconf 92' lang='lat' dir='ltr'><strong>in</strong></span> <span class='ocrx_word' id='word_1_302' title='bbox 1222 2569 1571 2612; x_wconf 88' lang='lat' dir='ltr'><strong>honestioribus</strong></span> <span class='ocrx_word' id='word_1_303' title='bbox 1601 2569 1696 2611; x_wconf 90' lang='lat' dir='ltr'><strong>suis</strong></span> <span class='ocrx_word' id='word_1_304' title='bbox 1724 2569 1887 2611; x_wconf 88' lang='lat' dir='ltr'><strong>habiti-</strong></span> 
     </span>
     <span class='ocr_line' id='line_1_35' title="bbox 123 2637 1887 2693; baseline -0.001 -13"><span class='ocrx_word' id='word_1_305' title='bbox 123 2637 208 2680; x_wconf 86' lang='lat' dir='ltr'><strong>bus</strong></span> <span class='ocrx_word' id='word_1_306' title='bbox 232 2642 278 2681; x_wconf 89' lang='lat' dir='ltr'><strong>et</strong></span> <span class='ocrx_word' id='word_1_307' title='bbox 302 2639 450 2682; x_wconf 86' lang='lat' dir='ltr'><strong>vocati</strong></span> <span class='ocrx_word' id='word_1_308' title='bbox 476 2639 649 2682; x_wconf 92' lang='lat' dir='ltr'><strong>intrent</strong></span> <span class='ocrx_word' id='word_1_309' title='bbox 673 2652 759 2693; x_wconf 92' lang='lat' dir='ltr'><strong>per</strong></span> <span class='ocrx_word' id='word_1_310' title='bbox 786 2643 966 2693; x_wconf 90' lang='lat' dir='ltr'><strong>portam</strong></span> <span class='ocrx_word' id='word_1_311' title='bbox 993 2652 1205 2693; x_wconf 88' lang='lat' dir='ltr'><strong>magnam</strong></span> <span class='ocrx_word' id='word_1_312' title='bbox 1233 2640 1382 2682; x_wconf 88' lang='lat' dir='ltr'><strong>locum</strong></span> <span class='ocrx_word' id='word_1_313' title='bbox 1411 2639 1648 2682; x_wconf 89' lang='lat' dir='ltr'><strong>sessionis.</strong></span> <span class='ocrx_word' id='word_1_314' title='bbox 1689 2640 1742 2681; x_wconf 85' lang='lat' dir='ltr'><strong>Et</strong></span> <span class='ocrx_word' id='word_1_315' title='bbox 1769 2638 1887 2681; x_wconf 90' lang='lat' dir='ltr'><strong>ordi-</strong></span> 
     </span>
     <span class='ocr_line' id='line_1_36' title="bbox 122 2709 1885 2764; baseline 0.001 -14"><span class='ocrx_word' id='word_1_316' title='bbox 122 2711 227 2750; x_wconf 90' lang='lat' dir='ltr'><strong>nate</strong></span> <span class='ocrx_word' id='word_1_317' title='bbox 257 2709 353 2751; x_wconf 92' lang='lat' dir='ltr'><strong>bini</strong></span> <span class='ocrx_word' id='word_1_318' title='bbox 383 2710 639 2763; x_wconf 91' lang='lat' dir='ltr'><strong>procedant</strong></span> <span class='ocrx_word' id='word_1_319' title='bbox 667 2722 815 2763; x_wconf 92' lang='lat' dir='ltr'><strong>usque</strong></span> <span class='ocrx_word' id='word_1_320' title='bbox 847 2710 905 2752; x_wconf 91' lang='lat' dir='ltr'><strong>ad</strong></span> <span class='ocrx_word' id='word_1_321' title='bbox 935 2710 1121 2764; x_wconf 78' lang='lat' dir='ltr'><strong>gradUS,</strong></span> <span class='ocrx_word' id='word_1_322' title='bbox 1154 2710 1322 2763; x_wconf 90' lang='lat' dir='ltr'><strong>quibus</strong></span> <span class='ocrx_word' id='word_1_323' title='bbox 1353 2711 1619 2752; x_wconf 87' lang='lat' dir='ltr'><strong>ascenditur</strong></span> <span class='ocrx_word' id='word_1_324' title='bbox 1651 2710 1708 2752; x_wconf 92' lang='lat' dir='ltr'><strong>ad</strong></span> <span class='ocrx_word' id='word_1_325' title='bbox 1738 2711 1885 2752; x_wconf 89' lang='lat' dir='ltr'><strong>locum</strong></span> 
     </span>
     <span class='ocr_line' id='line_1_37' title="bbox 122 2779 1887 2833; baseline -0.001 -12"><span class='ocrx_word' id='word_1_326' title='bbox 122 2779 405 2831; x_wconf 88' lang='lat' dir='ltr'><strong>presidentis</strong></span> <span class='ocrx_word' id='word_1_327' title='bbox 430 2783 476 2823; x_wconf 91' lang='lat' dir='ltr'><strong>et</strong></span> <span class='ocrx_word' id='word_1_328' title='bbox 502 2780 566 2822; x_wconf 89' lang='lat' dir='ltr'><strong>ibi</strong></span> <span class='ocrx_word' id='word_1_329' title='bbox 593 2783 712 2823; x_wconf 92' lang='lat' dir='ltr'><strong>stent</strong></span> <span class='ocrx_word' id='word_1_330' title='bbox 741 2780 954 2823; x_wconf 86' lang='lat' dir='ltr'><strong>inferius.</strong></span> <span class='ocrx_word' id='word_1_331' title='bbox 993 2781 1169 2832; x_wconf 89' lang='lat' dir='ltr'><strong>Quibus</strong></span> <span class='ocrx_word' id='word_1_332' title='bbox 1197 2780 1260 2823; x_wconf 92' lang='lat' dir='ltr'><strong>ibi</strong></span> <span class='ocrx_word' id='word_1_333' title='bbox 1289 2780 1517 2824; x_wconf 90' lang='lat' dir='ltr'><strong>stantibus</strong></span> <span class='ocrx_word' id='word_1_334' title='bbox 1545 2782 1758 2833; x_wconf 86' lang='lat' dir='ltr'><strong>legantur</strong></span> <span class='ocrx_word' id='word_1_335' title='bbox 1785 2792 1887 2833; x_wconf 88' lang='lat' dir='ltr'><strong>pre-</strong></span> 
     </span>
     <span class='ocr_line' id='line_1_38' title="bbox 125 2849 1887 2904; baseline 0.001 -13"><span class='ocrx_word' id='word_1_336' title='bbox 125 2849 264 2892; x_wconf 88' lang='lat' dir='ltr'><strong>missa</strong></span> <span class='ocrx_word' id='word_1_337' title='bbox 286 2851 378 2893; x_wconf 88' lang='lat' dir='ltr'><strong>alta</strong></span> <span class='ocrx_word' id='word_1_338' title='bbox 400 2863 511 2893; x_wconf 90' lang='lat' dir='ltr'><strong>voce</strong></span> <span class='ocrx_word' id='word_1_339' title='bbox 533 2850 579 2892; x_wconf 93' lang='lat' dir='ltr'><strong>in</strong></span> <span class='ocrx_word' id='word_1_340' title='bbox 602 2850 745 2893; x_wconf 89' lang='lat' dir='ltr'><strong>latino</strong></span> <span class='ocrx_word' id='word_1_341' title='bbox 767 2854 812 2893; x_wconf 86' lang='lat' dir='ltr'><strong>et</strong></span> <span class='ocrx_word' id='word_1_342' title='bbox 833 2854 995 2904; x_wconf 90' lang='lat' dir='ltr'><strong>postea</strong></span> <span class='ocrx_word' id='word_1_343' title='bbox 1017 2854 1313 2904; x_wconf 83' lang='lat' dir='ltr'><strong>exponantur</strong></span> <span class='ocrx_word' id='word_1_344' title='bbox 1337 2852 1382 2893; x_wconf 94' lang='lat' dir='ltr'><strong>in</strong></span> <span class='ocrx_word' id='word_1_345' title='bbox 1404 2851 1668 2893; x_wconf 89' lang='lat' dir='ltr'><strong>theutonico</strong></span> <span class='ocrx_word' id='word_1_346' title='bbox 1690 2863 1774 2903; x_wconf 90' lang='lat' dir='ltr'><strong>per</strong></span> <span class='ocrx_word' id='word_1_347' title='bbox 1797 2863 1887 2892; x_wconf 91' lang='lat' dir='ltr'><strong>ma-</strong></span> 
     </span>
     <span class='ocr_line' id='line_1_39' title="bbox 124 2917 1887 2975; baseline 0.001 -14"><span class='ocrx_word' id='word_1_348' title='bbox 124 2917 314 2971; x_wconf 83' lang='lat' dir='ltr'><strong>gistrum</strong></span> <span class='ocrx_word' id='word_1_349' title='bbox 337 2920 426 2964; x_wconf 86' lang='lat' dir='ltr'><strong>Job</strong></span> <span class='ocrx_word' id='word_1_350' title='bbox 449 2922 523 2963; x_wconf 86' lang='lat' dir='ltr'><strong>vel</strong></span> <span class='ocrx_word' id='word_1_351' title='bbox 549 2920 704 2964; x_wconf 89' lang='lat' dir='ltr'><strong>alium.</strong></span> <span class='ocrx_word' id='word_1_352' title='bbox 740 2921 916 2973; x_wconf 90' lang='lat' dir='ltr'><strong>Quibus</strong></span> <span class='ocrx_word' id='word_1_353' title='bbox 940 2921 1073 2964; x_wconf 89' lang='lat' dir='ltr'><strong>lectis</strong></span> <span class='ocrx_word' id='word_1_354' title='bbox 1095 2925 1141 2964; x_wconf 90' lang='lat' dir='ltr'><strong>et</strong></span> <span class='ocrx_word' id='word_1_355' title='bbox 1163 2921 1391 2975; x_wconf 83' lang='lat' dir='ltr'><strong>expositis</strong></span> <span class='ocrx_word' id='word_1_356' title='bbox 1417 2921 1636 2963; x_wconf 90' lang='lat' dir='ltr'><strong>accedant</strong></span> <span class='ocrx_word' id='word_1_357' title='bbox 1660 2921 1717 2963; x_wconf 92' lang='lat' dir='ltr'><strong>ad</strong></span> <span class='ocrx_word' id='word_1_358' title='bbox 1741 2921 1887 2974; x_wconf 91' lang='lat' dir='ltr'><strong>presi-</strong></span> 
     </span>
    </p>
   </div>
   <div class='ocr_carea' id='block_1_3' title="bbox 123 3000 247 3006">
    <p class='ocr_par' dir='ltr' id='par_1_7' title="bbox 123 3000 247 3006">
     <span class='ocr_line' id='line_1_40' title="bbox 123 3000 247 3006; baseline 0 0"><span class='ocrx_word' id='word_1_359' title='bbox 123 3000 247 3006; x_wconf 95' lang='lat' dir='ltr'><strong> </strong></span> 
     </span>
    </p>
   </div>
   <div class='ocr_carea' id='block_1_4' title="bbox 363 3004 469 3007">
    <p class='ocr_par' dir='ltr' id='par_1_8' title="bbox 363 3004 469 3007">
     <span class='ocr_line' id='line_1_41' title="bbox 363 3004 469 3007; baseline 0 0"><span class='ocrx_word' id='word_1_360' title='bbox 363 3004 469 3007; x_wconf 95' lang='lat' dir='ltr'><strong> </strong></span> 
     </span>
    </p>
   </div>
   <div class='ocr_carea' id='block_1_5' title="bbox 239 3003 1676 3127">
    <p class='ocr_par' dir='ltr' id='par_1_9' title="bbox 239 3003 1676 3127">
     <span class='ocr_line' id='line_1_42' title="bbox 239 3003 1676 3069; baseline 0 -10"><span class='ocrx_word' id='word_1_361' title='bbox 239 3003 440 3069; x_wconf 42' lang='lat' dir='ltr'><strong>nimy.</strong></span> <span class='ocrx_word' id='word_1_362' title='bbox 473 3026 527 3067; x_wconf 86' lang='lat'><strong>10,</strong></span> <span class='ocrx_word' id='word_1_363' title='bbox 555 3027 588 3061; x_wconf 88' lang='lat'><strong>3.</strong></span> <span class='ocrx_word' id='word_1_364' title='bbox 619 3042 621 3045; x_wconf 81' lang='lat'><strong>.</strong></span> <span class='ocrx_word' id='word_1_365' title='bbox 733 3025 765 3068; x_wconf 87' lang='lat'><strong>2)</strong></span> <span class='ocrx_word' id='word_1_366' title='bbox 796 3025 918 3060; x_wconf 76' lang='lat' dir='ltr'><strong>Hardt</strong></span> <span class='ocrx_word' id='word_1_367' title='bbox 947 3025 1015 3068; x_wconf 85' lang='lat' dir='ltr'><strong>IV,</strong></span> <span class='ocrx_word' id='word_1_368' title='bbox 1046 3026 1136 3060; x_wconf 84' lang='lat'><strong><em>1463</em></strong></span> <span class='ocrx_word' id='word_1_369' title='bbox 1149 3025 1201 3069; x_wconf 65' lang='lat' dir='ltr'><strong>m</strong></span> <span class='ocrx_word' id='word_1_370' title='bbox 1234 3026 1359 3060; x_wconf 64' lang='lat' dir='ltr'><strong>Mansa·</strong></span> <span class='ocrx_word' id='word_1_371' title='bbox 1388 3025 1546 3067; x_wconf 84' lang='lat' dir='ltr'><em>XXVII,</em></span> <span class='ocrx_word' id='word_1_372' title='bbox 1577 3024 1676 3059; x_wconf 84' lang='lat'><strong>1167.</strong></span> 
     </span>
     <span class='ocr_line' id='line_1_43' title="bbox 239 3081 1253 3127; baseline 0.001 -9"><span class='ocrx_word' id='word_1_373' title='bbox 239 3081 272 3126; x_wconf 78' lang='lat'><strong>⁸)</strong></span> <span class='ocrx_word' id='word_1_374' title='bbox 306 3082 427 3118; x_wconf 75' lang='lat' dir='ltr'><strong>Hardt</strong></span> <span class='ocrx_word' id='word_1_375' title='bbox 459 3082 527 3126; x_wconf 81' lang='grc' dir='ltr'><strong>ιν,</strong></span> <span class='ocrx_word' id='word_1_376' title='bbox 560 3083 763 3127; x_wconf 85' lang='lat'><em>1465—68‚·</em></span> <span class='ocrx_word' id='word_1_377' title='bbox 798 3083 925 3119; x_wconf 68' lang='lat' dir='ltr'><strong>Mansa·</strong></span> <span class='ocrx_word' id='word_1_378' title='bbox 956 3082 1117 3126; x_wconf 76' lang='lat' dir='ltr'><strong>xxm,</strong></span> <span class='ocrx_word' id='word_1_379' title='bbox 1152 3084 1253 3119; x_wconf 87' lang='lat'><strong>1168.</strong></span> 
     </span>
    </p>
   </div>
  </div>
 </body>
</html>
