2102 3444
239 127 295 169 58
760 128 785 161 I.
827 127 1037 162 Abschnitt.
1092 127 1489 173 Konzilstagebiicher.

359 246 411 287 Et
436 246 700 297 notandam,
728 246 849 299 quod
866 259 949 288 rex
967 246 1291 299 Romanorum,
1308 248 1383 300 qui
1403 252 1692 291 remanserat
1709 249 1753 289 in
1771 248 2008 302 Lugduno,

242 315 319 356 ivit
347 316 390 357 in
422 316 659 358 Franciam
686 329 771 369 pro
797 329 909 369 pace
938 329 1097 370 regum
1126 317 1319 359 Francie
1344 322 1389 360 et
1413 319 1580 372 Anglie
1607 322 1651 361 et
1677 319 1900 372 applicuit
1927 319 2008 361 Pa-

240 387 379 429 risius
404 387 552 440 prima
577 387 651 428 die
682 387 893 441 Marciifl)

357 458 442 499 Die
470 459 578 499 lune
607 458 753 500 XVII.
783 459 1025 501 Februarii
1052 463 1098 501 et
1124 463 1230 502 ante
1257 473 1493 502 recessum
1521 461 1625 502 dicti
1653 461 1709 502 de
1737 460 1891 514 Opizis
1918 473 2008 503 am-

240 529 505 571 baxiatores
542 529 665 582 regis
702 530 893 572 Polonie
929 533 974 572 et
1011 530 1140 573 ducis
1176 531 1363 573 Witaldi
1401 531 1646 574 Lithuanie
1682 531 1868 584 publice
1904 545 2007 586 pro-

239 603 494 652 posuerunt
525 601 571 641 in
602 601 795 642 concilio
825 601 971 643 eciam
1001 614 1059 642 ex
1090 605 1221 655 parte
1252 603 1464 655 gencium
1495 602 1829 655 Samaytarum,
1859 602 2009 656 primo

238 671 360 723 quod
391 671 471 713 illa
502 684 617 724 gens
649 670 982 725 Samaytarum‚
1015 685 1105 725 que
1136 676 1205 715 est
1238 686 1403 726 magna
1437 674 1579 727 regio,
1611 677 1659 715 ut
1690 673 1861 727 ferunt,
1894 673 2008 717 sicut

239 741 427 784 dimidia
454 741 621 794 Ytalia,
649 743 745 784 vult
772 743 830 784 ad
858 742 1001 784 fidem
1029 743 1327 786 christianam
1355 745 1559 786 converti
1587 748 1632 785 et
1657 745 1923 797 petiverunt
1948 757 2007 786 ex

237 815 368 865 parte
398 812 521 865 regis
549 816 594 854 et
621 813 756 862 ducis
780 816 917 866 atque
945 814 1096 867 gentis
1124 814 1438 867 predictorum
1467 814 1581 857 mitti
1612 815 1670 856 ad
1699 827 1780 857 eos
1808 815 1934 858 viros
1961 815 2007 857 in

237 883 334 924 fide
369 883 540 935 doctos,
564 884 725 931 ¹zelum
762 885 846 926 Dei
883 888 927 926 et
962 885 1077 927 fidei
1112 885 1341 928 habentes
1378 885 1549 928 Christi
1586 886 1643 928 ad
1680 885 2006 939 baptizandum

237 967 316 996 eos
349 958 393 996 et
427 955 752 996 instruendum
786 956 832 997 in
867 956 962 997 fide
998 956 1182 1008 Christi,
1217 957 1466 1010 erigendas
1499 957 1721 1000 ecclesias
1753 960 1798 999 et
1831 958 1931 1000 loca
1963 960 2008 999 et

236 1029 391 1067 cetera
419 1026 710 1078 pertinencia
739 1026 797 1068 ad
830 1026 914 1068 Dei
943 1027 1128 1069 cultum.

355 1097 705 1150 Proposuerunt
728 1101 891 1150 postea
915 1111 974 1139 ex
999 1102 1130 1151 parte
1156 1100 1280 1152 regis
1306 1099 1495 1140 Polonie
1521 1099 1663 1141 multa
1687 1102 1732 1141 et
1755 1099 1801 1140 in
1825 1099 2008 1152 scriptis

236 1169 341 1221 plus
376 1181 513 1221 quam
548 1168 708 1210 decem
743 1168 857 1211 folia
890 1170 1043 1222 papiri
1080 1170 1248 1212 multas
1284 1170 1503 1222 querelas
1537 1173 1695 1212 contra
1732 1170 2008 1222 Pruthenos,

236 1239 405 1292 quibus
427 1252 485 1281 ex
508 1242 639 1292 parte
664 1239 1007 1281 Pruthenorum
1030 1240 1208 1283 modica
1231 1240 1352 1283 facta
1375 1241 1683 1294 responsione
1706 1241 1793 1283 fuit
1814 1241 2007 1295 petitum

237 1310 330 1353 illis
364 1311 465 1352 dari
499 1311 687 1363 plenam
723 1311 1013 1353 audienciam
1048 1315 1093 1353 et
1126 1312 1184 1353 ad
1216 1312 1300 1353 hoc
1333 1312 1457 1353 diem
1492 1313 1631 1354 aliam
1664 1311 1907 1366 assignari.
1955 1312 2008 1353 Et

237 1384 398 1434 postea
422 1382 613 1424 fuerunt
635 1382 779 1424 auditi
802 1382 1000 1425 XXIIII.
1025 1383 1269 1425 Februarii
1293 1386 1336 1424 et
1361 1383 1573 1425 similiter
1596 1383 1764 1425 multas
1789 1384 2008 1436 querelas
2060 1398 2063 1399 ⁷

235 1456 393 1494 contra
431 1466 589 1506 regem
626 1453 819 1495 Polonie
858 1453 1072 1496 fecerunt
1108 1457 1153 1496 et
1190 1457 1533 1496 excusaverunt
1570 1467 1621 1496 se
1659 1454 1717 1495 de
1754 1454 2007 1508 propositis

237 1527 395 1566 contra
434 1537 514 1566 eos
554 1525 698 1566 eciam
739 1525 784 1566 in
825 1525 1009 1578 scriptis
1048 1528 1138 1567 tam
1177 1525 1390 1578 prolixis,
1429 1525 1553 1578 quod
1591 1526 1746 1567 omnia
1784 1525 1875 1579 legi
1914 1537 2007 1571 non

236 1598 499 1648 potuerunt.

355 1667 439 1709 Die
463 1667 643 1710 sabbati
667 1668 814 1710 XXII.
837 1668 1082 1710 Februarii
1104 1668 1192 1710 fuit
1215 1668 1402 1710 decreta
1425 1669 1623 1710 monicio
1645 1681 1704 1710 ex
1725 1667 1884 1711 officio
1904 1680 2008 1710 con-

235 1739 329 1780 cilii
355 1742 514 1781 contra
542 1739 768 1780 decanum
796 1743 841 1782 et
868 1740 1121 1792 capitulum
1150 1742 1286 1792 atque
1316 1740 1533 1782 consules
1560 1743 1606 1781 et
1633 1739 2007 1781 communitatem

236 1811 506 1863 Argentine,
529 1811 652 1863 quod
675 1811 873 1852 reddant
895 1812 1196 1853 Wilhelmum
1219 1812 1418 1853 electum
1440 1811 1848 1864 Argentinensem,
1870 1823 2007 1864 quem

236 1882 522 1934 detinebant,
552 1885 688 1935 prout
720 1882 936 1934 superius
967 1883 1187 1935 scriptum
1217 1886 1300 1925 est.
1345 1883 1399 1924 Et
1428 1882 1515 1924 fuit
1545 1882 1665 1925 dicta
1694 1882 1892 1924 monicio
1921 1894 2008 1935 per

237 1952 451 2005 edictum,
477 1952 584 2005 quia
608 1965 702 1995 non
727 1953 915 2006 patebat
940 1956 1064 1995 tutus
1089 1966 1304 1996 accessus
1330 1956 1375 1996 et
1399 1953 1546 1996 eciam
1570 1952 1662 1995 nisi
1685 1965 1872 1995 causam
1897 1953 2009 1995 alle-

235 2020 346 2077 gare
375 2024 548 2066 vellent
574 2027 656 2066 etc.

357 2096 440 2137 Die
471 2095 714 2147 dominica,
744 2096 852 2137 Esto
883 2095 1047 2149 mihi‚¹)
1080 2108 1170 2148 que
1200 2096 1285 2137 fuit
1315 2096 1464 2148 prima
1495 2095 1667 2148 Marcii,
1699 2096 1886 2137 intravit
1916 2108 2008 2137 am-

238 2166 447 2208 baxiator
476 2166 598 2219 regis
627 2166 893 2219 Aragonum
922 2166 979 2208 ad
1007 2166 1250 2208 concilium
1280 2166 1527 2219 religiosus
1555 2166 1625 2208 vir
1652 2166 1888 2219 generalis
1916 2178 2007 2208 ma-

237 2239 380 2292 gister
403 2238 580 2280 ordinis
603 2238 736 2279 beate
764 2238 905 2279 Marie
929 2238 984 2279 de
1011 2238 1240 2290 Mercede,
1262 2238 1482 2290 magister
1506 2238 1551 2278 in
1573 2238 1819 2290 theologia.
1855 2237 1909 2279 Et
1931 2237 2006 2279 die

240 2308 346 2350 lune
371 2309 584 2361 sequenti
607 2308 848 2361 proposuit
870 2309 916 2350 in
939 2308 1133 2350 concilio
1155 2311 1432 2361 congregato
1455 2308 1696 2361 eleganter
1719 2307 1940 2350 affectum
1963 2311 2008 2350 et

237 2392 406 2432 operas
434 2380 557 2432 regis
586 2380 851 2433 Aragonum
881 2379 938 2421 ad
967 2380 1186 2421 unionem
1215 2379 1412 2421 ecclesie
1441 2383 1486 2421 et
1515 2379 1638 2432 quod
1666 2392 1772 2421 eum
1800 2379 2007 2422 mittebat

236 2451 294 2492 ad
320 2450 689 2493 consolacionem
716 2451 896 2492 concilii
922 2454 967 2493 et
992 2451 1134 2492 robur
1158 2454 1295 2503 atque
1323 2451 1369 2492 in
1395 2451 1564 2504 pignus
1589 2450 1883 2504 premissum.

355 2522 437 2564 Cui
476 2522 728 2564 cardinalis
765 2522 962 2564 Pisanus
999 2523 1240 2575 eleganter
1276 2522 1518 2575 respondit
1554 2521 1718 2565 laudes
1753 2525 1799 2564 et
1833 2522 2007 2575 gratias

238 2593 501 2637 referendo

357 2664 440 2706 Die
467 2664 576 2705 lune
604 2667 705 2717 post
733 2664 1068 2717 Quasimod02)‚
1096 2677 1184 2717 que
1212 2665 1297 2706 fuit
1324 2664 1514 2706 XXVII.
1541 2664 1732 2717 Aprilis,
1760 2664 1879 2706 sedit
1904 2676 2008 2706 con-

237 2735 391 2776 cilium
417 2735 518 2777 sine
544 2736 823 2777 solennitate
849 2748 933 2788 pro
958 2748 1096 2777 causa
1122 2735 1392 2788 Argentina,
1417 2735 1474 2776 de
1499 2747 1589 2787 qua
1614 2747 1770 2788 supra,
1795 2735 1853 2777 ad
1878 2735 2005 2776 illam

237 2806 358 2847 diem
388 2806 650 2848 continuata
681 2806 738 2848 ad
768 2806 1064 2859 allegandum
1096 2819 1273 2858 causas,
1304 2819 1448 2859 quare
1478 2806 1778 2848 Wilhelmum
1807 2806 2005 2848 electum

237 2881 281 2919 et
325 2880 558 2919 cantorem
603 2878 799 2919 ecclesie
843 2878 1202 2930 Argentinensis
1245 2890 1337 2919 non
1381 2878 1682 2920 restituerent
1725 2877 1919 2919 concilio
1961 2879 2005 2918 et

341 2974 371 2997 a»
394 2950 426 2995 D
441 2950 528 3002 [ὸῖρῖ
538 2949 630 2995 futh]-
651 2970 716 2995 muz
736 2969 957 3003 Konze‘lsjahr.

356 3005 387 3047 1)
415 3006 458 3040 D.
485 3006 740 3049 Quinqnayes.
885 3006 917 3048 2)
946 3006 972 3041 I.
1000 3007 1097 3041 (lom.
1123 3009 1206 3050 pos!
1230 3006 1385 3041 Pascha.
