2102 3444
245 152 327 193 732
681 146 746 180 ΙΙΙ.
780 143 988 179 Abschnitt.
1031 141 1184 176 Reform
1216 142 1294 176 und
1327 141 1574 186 Verfassung.

247 272 328 315 tos,
362 267 480 320 quod
515 278 598 318 per
630 263 873 305 concilium
905 274 998 303 non
1030 259 1361 313 expediuntur,
1393 259 1714 302 verisimiliter
1744 260 1930 303 trahent
1961 273 2012 304 se

247 339 301 380 ad
328 336 601 383 ordinarios,
628 335 794 387 quibus
821 333 877 374 de
903 332 1003 373 iure
1028 332 1112 373 hoc
1138 330 1368 384 competit,
1393 330 1470 383 qui
1492 342 1576 373 eos
1601 330 1946 373 confirmabunt
1968 333 2014 374 et

247 409 444 450 cessabit
483 407 566 448 ista
603 404 865 456 usurpaci0‚
903 415 991 455 que
1029 402 1160 443 nullo
1197 401 1331 443 modo
1369 401 1479 443 facit
1516 401 1601 454 ius,
1639 404 1689 444 ut
1722 404 1920 455 apparet
1955 414 2014 444 ex

249 480 412 519 virtuto
442 476 651 518 vocabuli
682 480 726 518 et
755 487 830 515 res
861 476 1123 515 revertetur
1152 472 1209 514 ad
1236 475 1451 514 naturam
1479 472 1718 525 propriam
1745 475 1792 514 et
1816 484 1904 526 per
1930 472 2015 515 hoc

250 550 449 589 Romana
475 547 669 587 ecclesia
697 545 797 587 istis
819 542 1318 597 confirmacionibusa),
1342 542 1529 595 quando
1553 542 1610 584 de
1634 542 1757 585 facto
1777 555 2016 596 processe-

248 622 365 666 runt,
398 617 667 670 mirabitur.
714 616 768 657 Et
799 615 858 657 ita
893 617 1101 667 apparet,
1135 614 1258 667 quod
1290 613 1520 656 maximus
1551 613 1686 656 favor
1717 617 1789 656 est
1819 613 2015 656 ecclesie

251 691 464 733 Romane,
495 692 537 729 ut
566 689 646 728 hec
674 687 839 728 electio
865 685 1169 727 confirmetur
1194 685 1282 727 hic,

369 760 566 807 Decimo,
620 760 810 810 propter
863 757 1109 799 utilitatem
1152 755 1349 797 ecclesie
1390 755 1615 797 Romane:
1658 755 1854 799 interest
1892 755 2018 798 enim

248 831 442 871 ecclesie
471 829 675 871 Romane
704 827 926 870 ecclesias
956 827 1043 869 sibi
1074 826 1307 869 subiectas
1336 829 1380 869 et
1408 826 1608 869 maxime
1637 826 2019 880 metropolitanas

249 906 292 942 ct
331 900 625 953 primaciales
664 899 840 941 habere
882 898 1154 951 locupletes,
1194 901 1243 940 ut
1282 897 1477 940 uberius
1515 900 1562 940 et
1600 897 1896 951 splendidius
1932 910 2017 941 sue

249 972 378 1013 matri
410 971 605 1012 ecclesie
637 970 842 1011 Romane
873 967 1101 1023 valeant¹¹)
1136 969 1181 1010 in
1212 967 1571 1011 necessitatibus
1602 968 1872 1021 subvenire3
1905 968 2019 1012 sicut

249 1043 330 1083 hec
370 1042 565 1083 ecclesia
607 1041 934 1094 Lugdunensis
975 1039 1191 1082 subvenit
1229 1039 1520 1081 Allexandro
1563 1039 1645 1081 ΙΙΙ.
1687 1039 1744 1081 de
1787 1039 1923 1082 Italia
1960 1039 2018 1082 ad

250 1113 425 1155 Gallias
449 1112 620 1165 fugato,
647 1112 915 1153 Innocentio
940 1111 1047 1153 IIII.
1066 1111 1116 1152 in
1140 1110 1440 1164 deposicione
1464 1110 1704 1153 Frederici
1728 1110 1785 1153 ΙΙ.
1807 1109 2018 1164 Lugduni

248 1183 443 1236 depositi
479 1187 522 1225 et
553 1184 631 1225 toti
666 1184 792 1225 curie.
825 1183 1030 1224 Romane
1063 1181 1276 1235 Lugduni
1311 1175 1558 1235 septennio
1589 1180 1815 1224 residenti
1845 1184 1893 1224 et
1921 1181 2020 1224 uni-

248 1254 418 1296 versali
450 1254 642 1296 concilio
673 1253 845 1295 ibidem
876 1254 922 1294 in
953 1253 1117 1295 eadem
1148 1252 1329 1295 civitate
1361 1253 1567 1306 legitime
1598 1255 1890 1306 congregato,
1920 1252 2020 1296 Cle·
2047 1275 2053 1280 ·

250 1325 389 1367 menti
418 1326 614 1378 quinto0)
646 1324 894 1378 papalibus
923 1325 970 1366 in
997 1324 1162 1366 eadem
1192 1323 1373 1366 civitate
1403 1321 1664 1380 insignitod)
1697 1326 1742 1366 et
1768 1322 2019 1366 novissime

248 1396 503 1438 universali
531 1396 726 1438 ecclesie
754 1399 856 1448 post
882 1396 1067 1448 longam
1094 1399 1139 1437 et
1165 1395 1431 1437 diuturnam
1457 1394 1752 1437 vacacionem
1778 1394 2020 1437 cardinali-

251 1467 333 1509 bus
365 1468 580 1509 conclave
612 1466 658 1508 in
691 1467 855 1509 eadem
887 1467 1070 1509 civitate
1102 1466 1384 1509 intrantibus
1415 1468 1461 1508 et
1491 1465 1728 1508 dominum
1760 1466 2020 1508 Johannem

249 1539 395 1581 XXII.
421 1538 701 1591 eligentibus
727 1538 910 1591 ipsique
937 1538 1124 1580 domino
1149 1537 1351 1580 Johanni
1377 1537 1424 1579 in
1446 1537 1614 1579 eadem
1640 1536 1821 1579 civitate
1843 1537 2020 1590 papali—

249 1610 334 1651 bus
363 1610 596 1663 insignito.

249 1680 516 1732 Undecimo,
572 1684 764 1734 propter
806 1680 1134 1724 necessitatem
1179 1680 1376 1722 ecclesie
1420 1678 1762 1733 Lugdunensis,
1805 1677 2020 1733 quoniam

250 1752 496 1805 episcopus
527 1752 759 1794 Eduensis
790 1751 836 1793 in
868 1751 1189 1804 spiritualibus
1219 1754 1264 1793 et
1292 1750 1634 1804 temporalibus
1660 1750 1803 1793 habet
1832 1749 2022 1793 admini-

252 1824 528 1864 stracionem
569 1826 613 1865 et
655 1823 766 1866 facit
806 1823 984 1866 fructus
1027 1836 1136 1865 suos
1178 1825 1370 1865 vacante
1414 1821 1527 1864 sede
1570 1821 1887 1875 Lugdunensi.
1940 1819 2022 1863 Hic

251 1898 402 1936 autem
428 1893 641 1937 dominus
667 1895 914 1948 episcopus
940 1894 1071 1936 senio
1095 1897 1140 1936 et
1164 1893 1364 1936 diversis
1388 1893 1703 1946 passionibus,
1729 1891 1897 1946 quibus
1919 1903 2021 1934 con-

248 1964 375 2006 tinue
405 1969 637 2018 gravatur,
667 1965 943 2018 confractus,
973 1966 1081 2007 licet
1109 1965 1166 2007 de
1197 1977 1245 2006 se
1275 1964 1426 2007 bonus
1452 1967 1500 2006 et
1524 1964 1785 2017 solempnis
1813 1963 2020 2017 prelatus

251 2037 421 2089 existit,
458 2040 613 2078 tamen
653 2036 915 2089 spiritualia
954 2037 1001 2078 in
1039 2039 1131 2078 tota
1170 2036 1342 2078 diocesi
1382 2036 1503 2078 male
1543 2035 1879 2087 ministrantur,
1917 2033 2021 2076 obe-

250 2107 430 2149 diencia
461 2107 743 2160 dissolvitur,
760 2108 1023 2161 spiritualia
1038 2110 1084 2149 et
1096 2106 1374 2160 temporalia
1390 2106 1493 2148 iura
1507 2107 1696 2148 omnino
1711 2105 2020 2156 dislabuntur3

252 2183 297 2221 et
318 2182 366 2220 ut
390 2179 734 2230 particulariter
758 2179 815 2221 ad
838 2179 960 2221 facta
981 2179 1239 2231 veniamus,
1263 2177 1309 2220 in
1334 2178 1411 2219 die
1434 2190 1548 2219 cene
1573 2176 1748 2219 domini
1769 2175 2019 2219 novissime

251 2250 475 2301 preterIta
501 2250 680 2291 nullum
708 2249 874 2292 crisma
900 2249 987 2292 fuit
1011 2252 1330 2292 consecratum
1356 2248 1403 2290 in
1429 2247 1628 2290 ecclesia
1652 2247 1953 2301 Lugdunensi
1976 2247 2023 2288 et

253 2323 472 2371 quantum
511 2320 677 2362 crisma
715 2321 772 2362 ad
810 2324 1100 2363 sacramenta
1137 2319 1451 2362 ecclesiastica
1487 2319 1807 2362 necessarium
1842 2317 2021 2369 existat,

255 2391 455 2432 iudicent
487 2394 639 2433 ’vestre
673 2391 1068 2434 reverendissime
1101 2391 1421 2445 paternitates.

372 2462 667 2513 Duodecimo,
689 2463 797 2504 licet
817 2462 949 2505 multi
970 2462 1164 2506 abbates
1186 2462 1278 2505 sint
1296 2462 1342 2503 in
1364 2461 1536 2504 diocesi
1558 2459 1859 2514 Lugdunensi
1879 2461 1926 2502 et
1944 2458 2021 2512 qui

253 2535 470 2574 tenentur
502 2533 664 2574 venire
697 2533 754 2575 ad
787 2534 1013 2586 synodum
1046 2532 1399 2587 archiepiscopi,
1430 2533 1590 2575 nullus
1619 2536 1775 2575 tamen
1807 2531 2021 2574 abbatum

255 2603 467 2654 <lignatus
506 2607 574 2645 est
610 2605 771 2645 venire
810 2605 867 2646 ad
906 2605 1147 2657 synodum,
1183 2617 1337 2657 ymmo
1370 2607 1419 2646 et
1449 2602 1724 2657 paucissimi
1760 2599 2021 2656 presbyteri

256 2674 425 2715 ibidem
462 2674 719 2725 afi'ucrunt;
757 2688 958 2728 nemppe
992 2688 1114 2718 unu-s
1149 2675 1294 2717 abbas
1331 2674 1528 2718 diocesis
1561 2673 1888 2727 Lugdunensis
1920 2683 2022 2725 pre-

256 2744 452 2786 tendens
492 2746 722 2796 quendam
763 2759 895 2787 suum
934 2747 1204 2800 religiosum
1244 2758 1472 2799 expresse
1509 2744 1775 2798 professum
1813 2746 1860 2786 et
1893 2753 2022 2796 *pres-

258 2816 466 2866 byterum
510 2817 652 2857 variis
695 2816 966 2860 criminibus
1008 2817 1256 2859 irretitum:
1300 2817 1408 2859 licet
1450 2816 1595 2858 abbas
1635 2816 1815 2857 nullam
1855 2812 2021 2856 habeat

259 2885 635 2939 iurisdictionem,
668 2891 822 2929 tamen
855 2900 961 2929 eum
995 2892 1095 2930 arto
1127 2887 1301 2930 carceri
1335 2886 1590 2940 mancipari
1622 2886 1733 2928 fecit
1764 2888 1810 2927 et
1837 2882 2021 2927 'candem

258 2959 441 2997 vocatus
471 2970 622 2998 coram
653 2958 839 3000 domino
866 2958 1072 3000 Eduensi
1103 2957 1478 3001 administratore
1508 2956 1808 3011 Lugdunensi
1837 2956 1914 2998 aut
1939 2964 2021 2996 suo

363 3053 392 3074 a*
414 3049 542 3081 quando
568 3058 616 3075 «rm
645 3051 776 3083 stando:
796 3052 836 3077 im
866 3051 936 3077 Ter!
958 3051 1071 3078 macke-
1167 3051 1199 3079 b)
1220 3052 1267 3078 Hs
1287 3050 1408 3078 valeat.
1501 3050 1529 3084 c)
1550 3049 1705 3077 universo
1725 3048 1809 3083 solat
1828 3042 2032 3080 aber-flumas

258 3094 289 3120 (li
314 3095 356 3120 Hs
376 3094 549 3127 insui-neto.
