2102 3444
275 136 361 179 224
811 136 835 170 1.
862 136 1072 171 Abschnitt.
1112 136 1512 182 Konzilstagebtieher.

277 254 414 297 ductu
445 255 486 297 d.
519 254 756 297 Frederici
788 255 917 297 ducis
947 256 1149 308 Austrie‚
1183 256 1258 309 qui
1292 256 1337 297 in
1369 256 1568 309 quodam
1601 257 1884 299 monasterio
1914 260 2046 299 extra

277 329 456 378 portam
482 326 762 379 morabatur,
788 329 832 368 et
856 326 933 380 qui
959 339 1114 368 secum
1142 327 1223 369 illa
1249 330 1381 369 nocte
1406 328 1520 370 hora
1546 328 1657 370 satis
1682 327 1814 370 tarda
1838 327 1886 369 in
1910 328 2048 370 collo-

277 397 384 449 quio
415 397 581 449 fuerat,
612 397 918 440 Schafhusam
950 398 1068 439 dicto
1099 398 1201 439 duci
1233 398 1485 440 subiectam
1516 402 1559 440 et
1591 411 1675 451 per
1705 402 1902 451 quatuor
1931 399 2048 440 mili-

277 467 374 510 aria
406 467 670 510 theutonica
703 468 760 510 de
794 468 1070 511 Constancia
1104 469 1351 511 distantem
1383 470 1606 523 porrexit.
1654 469 1742 512 Ubi
1775 482 1876 512 cum
1908 473 2047 522 esset,

277 539 456 582 litteras
488 531 773 593 infrascripti
806 540 983 582 tenoris
1015 540 1057 581 d.
1091 540 1189 593 regi
1221 540 1547 594 Romanorum,
1579 541 1620 582 d.
1655 540 1971 583 cardinalibus
2003 544 2048 582 et

276 609 491 652 omnibus
523 611 570 651 in
602 622 734 652 sacro
764 610 958 653 concilio
987 611 1298 654 existentibus
1328 612 1518 665 propria
1551 624 1690 653 manu
1721 611 1919 665 scripsit.

395 681 634 723 <Iohannes
672 694 794 735 papa
833 682 1004 724 XXIII.
1058 682 1309 724 Carissime
1349 683 1418 724 fili
1460 717 1467 724 .
1505 717 1511 724 .
1549 718 1556 724 .
1597 683 1672 725 die
1713 682 1834 724 XXI.
1874 684 2048 725 mensis

283 751 492 808 Marcii.²)

394 823 563 876 Stupor
592 824 748 877 itaque
777 825 1006 867 maximus
1036 828 1222 868 cunctos
1252 825 1298 866 in
1330 838 1459 867 sacra
1490 824 1666 878 synodo
1696 824 2047 867 Constanciensi

277 894 533 937 existentes
572 898 764 948 propter
804 895 1070 938 huiusmodi
1112 909 1348 938 recessum
1393 897 1559 938 invasit
1600 895 1904 950 diversasque
1945 908 2049 938 sen-

276 965 445 1007 tentias
478 964 648 1018 singuli
680 966 897 1019 proferre
931 970 1165 1020 ceperant.
1210 967 1302 1009 Alii
1337 980 1573 1009 recessum
1607 968 1728 1009 hunc
1760 966 2049 1009 commenda-

277 1039 397 1089 runt,
433 1036 512 1078 alii
548 1039 593 1078 et
627 1037 818 1090 plurimi
853 1037 1267 1091 condempnarunt.
1316 1039 1512 1092 Propter
1548 1038 1671 1092 quod
1707 1038 1749 1080 d.
1785 1037 2049 1080 cardinales

277 1119 472 1149 numero
499 1107 660 1149 decem
688 1111 733 1150 et
757 1120 939 1162 novem,
966 1110 1043 1162 qui
1071 1109 1118 1150 in
1147 1109 1423 1152 Constancia
1450 1112 1792 1162 remanserunt,
1818 1109 2050 1151 delibera—

277 1182 444 1221 verunt
472 1178 709 1221 destinare
740 1179 797 1221 ad
827 1179 868 1221 d.
897 1182 1106 1222 nostrum
1136 1193 1305 1233 papam
1336 1181 1512 1233 legatos
1541 1184 1636 1223 tres
1665 1192 1724 1221 ex
1754 1181 1823 1223 eis
1852 1192 1953 1222 cum
1983 1181 2050 1222 in-

278 1249 622 1304 structionibus,
650 1250 773 1303 quod
800 1250 901 1303 ipse
930 1251 972 1293 d.
999 1254 1158 1294 noster
1185 1264 1308 1305 papa
1334 1254 1661 1305 procuratores
1689 1251 1747 1294 ad
1774 1250 2050 1293 renuncian—

278 1321 385 1362 dum
422 1322 741 1373 constItueret;
779 1321 903 1375 quod
937 1322 1181 1364 concilium
1216 1335 1309 1365 non
1345 1323 1624 1365 dissolveret
1660 1325 1705 1364 et
1740 1322 1864 1376 quod
1898 1322 2048 1364 locum

277 1392 457 1433 concilii
487 1404 580 1434 non
611 1394 823 1435 mutaret.
866 1393 921 1435 Et
950 1393 1196 1447 elegerunt
1226 1394 1402 1447 legatos
1433 1406 1541 1436 suos
1571 1393 1613 1435 d.
1643 1393 1899 1436 Jordanum
1929 1393 2051 1446 epis-

279 1475 442 1516 copum
480 1463 799 1506 Albanensem
837 1464 894 1505 de
932 1463 1131 1517 Ursinis,
1169 1464 1473 1507 Guillelmum
1509 1464 1629 1506 tituli
1668 1477 1703 1506 s.
1745 1464 1884 1506 Marci
1920 1475 2051 1518 pres-

279 1534 491 1587 byterum
519 1538 564 1577 et
592 1535 850 1577 Amedeum
881 1549 915 1578 3.
948 1535 1091 1577 Marie
1119 1548 1237 1577 nove
1268 1535 1524 1588 dyaconum
1553 1535 1611 1577 de
1639 1535 1836 1578 Saluciis
1865 1547 1900 1577 s.
1929 1535 1980 1578 R.
2011 1547 2050 1577 e.

279 1605 557 1660 cardinales,
590 1606 668 1659 qui
699 1606 988 1660 legacionem
1022 1609 1316 1660 acceptantes
1347 1606 1730 1650 deliberaverunt
1761 1606 1836 1648 die
1870 1605 2051 1649 sabbati

280 1677 327 1718 in
357 1678 609 1719 crastinum
638 1677 726 1720 iter
755 1677 980 1731 arripere.

399 1747 484 1790 Die
515 1748 672 1802 itaque
703 1749 884 1792 sabbati
912 1749 1085 1791 XXIII.
1116 1749 1292 1792 mensis
1327 1749 1485 1791 Marcii
1514 1761 1616 1791 cum
1646 1747 1753 1791 dicti
1781 1751 1878 1791 tres
1907 1747 2053 1790 cardi-

278 1820 411 1862 nales
437 1820 578 1873 legati
606 1818 665 1862 ad
691 1819 780 1862 iter
808 1832 860 1863 se
886 1823 1124 1874 pararent,
1150 1820 1239 1862 fuit
1267 1820 1525 1862 intimatum
1554 1820 1595 1862 d.
1625 1819 1942 1862 cardinalibus
1968 1831 2053 1872 pro

279 1893 412 1943 parte
445 1890 570 1944 regis
603 1890 915 1933 Romanorum
948 1894 993 1933 et
1026 1891 1287 1944 nacionum,
1321 1891 1444 1945 quod
1476 1892 1686 1945 placeret
1717 1891 1787 1934 eis
1821 1891 2051 1933 interesse

254 1961 421 2018 vfnisse
451 1961 597 2004 sancti
626 1962 818 2015 spiritus
847 1962 1130 2004 celebrande
1154 1975 1244 2016 pro
1273 1965 1431 2005 sancta
1460 1962 1632 2004 unione
1661 1965 1707 2004 et
1735 1961 2052 2015 extirpacione

279 2033 515 2085 presentis
549 2032 795 2085 scismatis;
831 2036 1024 2087 propter
1059 2034 1182 2087 quod
1212 2034 1479 2076 cardinales
1513 2033 1650 2076 valide
1684 2032 1899 2076 admirati
1933 2035 2053 2086 sunt,

280 2104 497 2146 timentes
533 2116 592 2145 ne
630 2103 874 2146 concilium
912 2104 1089 2157 aliquid
1127 2105 1306 2147 furiose
1344 2107 1641 2158 attemptaret
1674 2106 1834 2146 contra
1871 2103 1913 2146 d.
1949 2115 2054 2146 nos-

280 2177 401 2216 trum
439 2187 622 2228 papam.
676 2175 872 2228 Propter
911 2175 1034 2228 quod
1075 2175 1457 2218 deliberaverunt
1495 2175 1636 2218 misse
1674 2187 1767 2217 non
1807 2175 2051 2217 interesse.

285 2245 413 2288 Infra
456 2248 613 2288 tamen
657 2246 847 2288 missam
892 2246 1115 2288 accersito
1159 2246 1200 2288 d.
1247 2258 1357 2300 rege
1403 2246 1716 2289 Romanorum
1761 2245 1808 2287 in
1853 2245 2052 2299 quadam

282 2317 463 2369 capella
502 2316 698 2359 ecclesie
739 2316 1118 2359 Constanciensis
1157 2329 1312 2359 secum
1352 2317 1497 2371 loquti
1538 2319 1656 2360 sunt.
1709 2316 1860 2359 Finita
1896 2317 2052 2370 itaque

281 2387 423 2430 missa
457 2387 693 2430 celebrata
725 2399 810 2441 per
844 2388 886 2430 d.
920 2388 1230 2441 patriarcham
1266 2387 1606 2430 Anthiocenum
1639 2387 1923 2441 recitatoque
1956 2399 2053 2429 ser-

281 2470 416 2500 mone
447 2470 533 2512 per
564 2458 796 2511 quendam
829 2459 1062 2500 doctorem
1095 2458 1151 2500 de
1184 2458 1487 2501 universitate
1518 2458 1774 2501 Parisiensi
1805 2459 1854 2500 in
1884 2457 2053 2501 confir-

282 2530 538 2571 macionem
577 2529 758 2571 concilii
795 2533 839 2572 et
878 2529 1233 2582 derogacionem
1272 2529 1579 2572 iuridictionis
1617 2529 1869 2582 apostolice
1905 2529 2054 2571 nullo—

282 2612 370 2653 que
402 2600 494 2643 alio
523 2603 625 2643 actu
653 2600 826 2642 ibidem
857 2600 978 2642 facto
1007 2600 1204 2654 predicti
1234 2603 1330 2642 tres
1360 2600 1623 2643 cardinales
1653 2600 1794 2654 legati
1823 2599 1911 2642 iter
1940 2599 2053 2642 arri-

284 2675 485 2724 puerunt
511 2683 677 2714 versus
703 2671 745 2713 d.
773 2674 983 2714 nostrum
1009 2683 1192 2724 papam.

402 2742 487 2784 Die
519 2741 747 2785 dominica
778 2742 975 2784 XXIIII.
1007 2742 1182 2784 mensis
1217 2741 1415 2796 Marciiss)
1451 2741 1587 2783 revmi
1617 2753 1660 2795 p.
1692 2741 1734 2784 d.
1764 2741 2054 2784 Alamannus

285 2813 483 2856 Pisanus
527 2817 572 2855 et
615 2812 801 2856 Branda
847 2812 1146 2855 Placentinus
1191 2812 1248 2854 de
1294 2824 1428 2854 mane
1473 2813 1657 2866 hospite
1703 2812 1953 2855 insalutato
1996 2811 2053 2854 de

286 2883 562 2927 Constancia
597 2887 905 2928 recesserunt.
957 2883 1088 2926 Circa
1123 2883 1285 2926 horam
1319 2882 1506 2937 prandii
1541 2883 1583 2926 d.
1618 2883 1671 2926 A.
1708 2883 1961 2927 cardinalis
1996 2882 2054 2925 de

390 3002 419 3032 a)
442 3004 464 3025 (¹
483 3000 567 3034 sulm
592 3002 624 3027 et
645 3001 696 3028 die
720 3001 796 3028 lune
816 3000 905 3028 XXV.
926 3000 1050 3027 mensis
1070 2999 1194 3027 Marcii.

403 3050 433 3091 1)
461 3049 579 3084 Harclt
605 3048 654 3091 ΙΙ,
677 3049 762 3092 252;
791 3049 916 3083 Mansi
943 3048 1100 3090 XXVII,
1126 3048 1204 3083 577.
1241 3047 1381 3082 Datum
1409 3048 1491 3081 hier
1516 3048 1661 3091 ricletiy.
