2102 3444
273 142 355 185 188
805 141 831 176 1.
858 141 1068 177 Abschnitt.
1106 141 1505 186 Konzilstagebiioher.

390 260 474 302 Die
507 261 667 302 martis
699 259 795 302 XX.
827 261 1003 303 mensis
1035 260 1309 303 Novembris
1340 263 1630 315 congregatis
1664 261 1821 303 revmis
1854 262 1901 303 in
1934 261 2039 305 Chr.

273 344 314 383 p.
338 331 378 372 d.
403 334 558 373 sancte
581 331 630 372 R.
654 344 693 373 e.
715 331 1032 374 cardinalibus
1053 344 1249 373 numero
1269 332 1429 373 decem
1452 335 1497 374 et
1517 336 1628 385 octo,
1650 332 1858 385 prelatis,
1880 345 2041 386 procu-

272 401 504 444 ratoribus
531 401 836 454 dominorum,
866 402 1096 455 magistris
1124 406 1168 444 et
1195 402 1300 445 aliis
1328 403 1373 444 in
1401 415 1532 445 sacro
1559 403 1912 446 Constanciensi
1939 415 2042 445 con-

273 472 378 514 cilio
421 473 732 533 existentibus
778 474 822 514 in
868 474 974 515 aula
1021 473 1232 515 inferiori
1278 474 1444 526 palacii
1490 474 1731 527 apostolici
1774 486 1860 526 pro
1901 486 2040 516 causa

272 543 550 596 supradicta,
582 556 682 585 cum
716 556 857 596 super
890 557 944 586 ea
977 557 1061 597 per
1093 557 1234 586 unum
1267 557 1325 586 ex
1357 544 1398 586 d.
1431 544 1748 587 cardinalibus
1780 543 2042 598 proposicio

274 613 424 666 fieret,
450 614 577 656 varie
604 615 724 656 inter
750 627 831 657 eos
857 616 991 656 fuere
1019 616 1268 657 sententie:
1309 615 1413 657 aliis
1440 615 1760 658 asserentibus
1786 627 1914 657 arma
1938 627 2042 668 pre-

272 684 390 726 dicta
417 686 620 738 appendi
650 685 746 727 sive
775 685 907 739 affigi
935 686 1142 739 potuisse
1170 689 1214 728 et
1239 699 1324 739 per
1351 698 1656 739 consequens,
1685 698 1743 727 ex
1771 698 1861 739 quo
1887 685 2042 728 deleta

272 755 472 809 fuerant,
501 756 664 808 reponi
693 756 887 808 debere;
916 760 962 799 et
988 756 1125 799 huius
1154 758 1391 799 sentencie
1420 758 1611 799 fuerunt
1639 757 1680 798 d.
1711 757 1970 799 Feltrensis
1998 759 2044 799 et

273 826 630 871 Concordiensis
655 827 861 881 episcopi
888 831 932 869 et
957 828 1119 881 plures
1144 828 1242 880 alii;
1270 828 1376 870 aliis
1400 841 1512 870 vero
1537 827 1858 870 asserentibus
1883 840 2043 881 supra-

272 897 391 939 dicta
426 910 554 939 arma
588 897 633 938 in
669 899 781 940 locis
814 898 1038 951 predictis
1073 899 1118 940 in
1153 899 1425 941 obediencia
1462 899 1503 940 d.
1537 899 1683 941 nostri
1717 911 1838 952 pape
1873 899 2043 941 Johan-

272 968 343 1010 nis
367 968 539 1010 XXIII.
565 968 824 1011 constitutis
848 970 1051 1022 appendi
1079 971 1176 1012 sive
1203 969 1336 1023 affigi
1361 983 1453 1011 non
1478 969 1685 1023 potuisse
1709 972 1754 1011 et
1777 982 1862 1023 per
1884 981 2043 1012 conse-

272 1051 434 1091 quens,
462 1052 519 1080 ex
549 1051 640 1092 quo
668 1040 821 1082 deleta
851 1040 1052 1093 fuerant,
1081 1041 1245 1094 reponi
1274 1053 1366 1082 non
1396 1041 1590 1092 debere;
1621 1043 1666 1082 et
1692 1040 1831 1083 huius
1859 1043 2043 1083 senten-

253 1111 330 1157 tie
360 1110 446 1153 fuit
474 1111 515 1152 d.
543 1111 809 1163 patriarcha
836 1111 1094 1153 Gradensis
1123 1115 1168 1154 et
1195 1111 1291 1164 alii;
1322 1113 1393 1153 cui
1421 1113 1583 1165 plures
1611 1124 1747 1165 quam
1777 1112 1912 1154 alteri
1941 1124 2044 1154 sen-

270 1181 414 1223 tentie
466 1181 767 1234 adheserunt,
821 1182 1042 1235 dicentes,
1084 1183 1174 1224 nisi
1217 1183 1425 1236 Angelus
1469 1182 1686 1225 Corrario
1728 1183 2043 1236 personaliter

271 1252 440 1305 veniat,
463 1252 610 1305 ipsius
635 1265 764 1295 arma
787 1253 959 1295 ibidem
983 1266 1075 1295 non
1100 1253 1275 1295 debere
1300 1253 1502 1307 depingi.
1539 1254 1689 1307 Super
1711 1253 1798 1296 hoc
1818 1257 1974 1296 tamen
1998 1256 2043 1295 et

272 1336 413 1376 super
441 1336 510 1375 eo,
541 1324 664 1376 quod
692 1323 738 1365 in
768 1324 972 1366 secunda
1002 1325 1214 1367 sessione
1243 1324 1389 1366 XVII.
1419 1324 1593 1367 mensis
1623 1324 1896 1367 Decembris
1924 1324 2043 1367 cele—

270 1394 449 1437 branda
478 1394 690 1436 fiendum
718 1398 832 1447 erat,
861 1395 982 1448 quod
1011 1395 1148 1437 etiam
1176 1396 1465 1448 propositum
1495 1395 1663 1448 fuerat,
1693 1395 1912 1437 dixerunt
1940 1407 2044 1437 con-

269 1466 445 1518 gregati
475 1479 525 1508 se
553 1465 676 1508 velle
705 1466 987 1508 deliberare.

388 1536 473 1578 Die
509 1537 669 1579 martis
703 1537 894 1579 XXVII.
930 1538 1104 1580 mensis
1140 1537 1412 1579 Novembris
1448 1550 1601 1580 comes
1637 1537 1794 1592 Ciliea)
1834 1549 1966 1580 socer
1999 1536 2041 1579 d.

271 1609 394 1660 regis
421 1607 732 1649 Romanorum
761 1621 862 1650 cum
891 1608 1106 1661 pluribus
1134 1607 1370 1650 nobilibus
1400 1612 1444 1650 et
1472 1607 1788 1661 pulcherrimo
1815 1611 2042 1662 apparatu

271 1678 500 1721 civitatem
527 1679 802 1721 Constancie
828 1680 1069 1732 ingressus
1094 1682 1164 1721 est
1189 1682 1234 1721 et
1259 1692 1315 1722 ea
1340 1679 1414 1721 die
1441 1679 1482 1722 d.
1509 1682 1720 1722 nostrum
1744 1691 1914 1733 papam
1938 1691 2042 1733 per-

271 1750 495 1792 sonaliter
527 1750 729 1792 visitavit
763 1750 1008 1803 ipsumque
1042 1750 1082 1792 d.
1116 1763 1238 1804 papa
1270 1753 1508 1803 gratanter
1540 1753 1584 1792 et
1618 1749 1834 1792 alacriter
1866 1750 2044 1803 recepit

270 1832 469 1872 eumque
496 1821 686 1873 rogavit,
712 1825 760 1862 ut
785 1821 958 1862 ibidem
985 1821 1026 1864 d.
1052 1834 1210 1875 regem
1237 1819 1530 1875 prestolari¹’)
1559 1821 1714 1863 vellet.
1752 1820 1844 1864 Sua
1869 1821 2042 1863 etenim

271 1891 516 1943 presencia
540 1892 664 1945 regis
688 1892 952 1934 absenciam
978 1895 1341 1945 representaret.
1381 1892 1522 1934 Cuius
1548 1892 1767 1934 absencia
1790 1891 1975 1946 prefato
1998 1891 2040 1933 d.

270 1966 428 2004 nostro
456 1976 593 2016 pape,
624 1963 665 2004 d.
696 1963 1012 2005 cardinalibus
1041 1964 1215 2016 totique
1245 1963 1438 2005 concilio
1469 1962 1746 2016 displicebat
1773 1965 1819 2005 et
1847 1965 1948 2005 erat
1977 1963 2043 2004 in-

271 2034 507 2076 commoda
543 2034 693 2076 valde.
742 2034 795 2076 Et
831 2034 915 2075 hoc
951 2034 986 2075 si
1024 2034 1172 2076 dictus
1208 2047 1361 2076 comes
1397 2035 1586 2088 faceret,
1623 2046 1800 2076 summe
1833 2034 2042 2087 placeret

271 2104 462 2146 eisdem.
511 2105 614 2158 Ipse
645 2108 796 2147 autem
828 2117 981 2147 comes
1011 2105 1267 2158 respondit,
1298 2117 1347 2147 se
1376 2108 1510 2146 nocte
1541 2105 1755 2158 sequenti
1786 2117 1929 2158 super
1957 2104 2042 2146 hoc

270 2176 392 2217 velle
427 2175 708 2218 deliberare.
754 2176 807 2218 Et
840 2176 941 2218 eius
977 2176 1210 2228 interpres
1242 2175 1344 2227 fuit,
1379 2177 1486 2229 quia
1520 2175 1796 2230 nesciebatc)
1833 2175 2042 2227 latinum,

271 2247 312 2287 d.
348 2246 624 2289 Fredericus
658 2247 906 2300 episcopus
939 2247 1262 2299 Augustensis.

393 2318 504 2360 Item
532 2318 697 2360 eadem
727 2318 801 2360 die
832 2319 1031 2371 ingressi
1061 2321 1167 2360 sunt
1197 2317 1520 2360 Constanciam
1550 2320 1760 2360 oratores
1789 2317 2042 2378 sollemnes

271 2392 315 2430 et
346 2390 392 2430 in
421 2389 738 2442 pulcherrimo
768 2392 996 2442 apparatu
1026 2388 1067 2431 d.
1099 2388 1226 2430 ducis
1258 2388 1437 2430 Alberti
1470 2388 1665 2431 iunioris
1696 2388 1824 2431 ducis
1854 2387 2040 2431 Austrie

272 2464 317 2502 et
353 2461 514 2513 generi
556 2461 680 2514 regis
720 2458 1074 2514 Romanorumd)
1115 2463 1160 2501 et
1200 2459 1320 2501 inter
1359 2460 1476 2501 alios
1516 2462 1768 2512 apparatus
1809 2458 2042 2502 duxerunt

272 2534 450 2584 septem
481 2543 657 2573 currus.
1100 2564 1103 2568 ⁷

393 2602 505 2644 Item
541 2601 706 2644 eadem
745 2602 820 2643 die
859 2601 1058 2655 ingressi
1096 2604 1202 2643 sunt
1239 2600 1561 2643 Constanciam
1599 2604 1795 2654 quatuor
1831 2603 2042 2643 oratores

273 2674 507 2715 solemnes
545 2673 586 2715 d.
627 2673 755 2714 ducis
794 2673 850 2714 de
891 2672 1017 2714 Deck
1055 2672 1189 2714 electi
1230 2673 1274 2713 in
1313 2671 1624 2724 patriarcham
1661 2671 2040 2725 Aquilegensem.

391 2743 474 2785 Die
510 2744 727 2785 mercurii
762 2743 977 2785 XXVIII.
1012 2743 1187 2785 mensis
1222 2741 1494 2784 Novembris
1529 2754 1623 2784 rev.
1659 2743 1706 2784 in
1742 2741 1848 2785 Chr.
1883 2744 2041 2795 patres

273 2814 313 2856 d.
337 2814 716 2867 archiepiscopus
735 2813 1094 2867 Saleburgensis
1113 2826 1198 2867 per
1220 2814 1368 2855 lacum
1390 2816 1434 2854 et
1455 2813 1702 2866 episcopus
1722 2812 2042 2855 Brixsinensis

272 2897 356 2937 per
384 2888 556 2927 terram
587 2885 910 2927 Constanciam
940 2884 1138 2938 ingressi
1167 2887 1274 2925 sunt
1301 2895 1401 2926 cum
1430 2883 1773 2936 pulcherrimus
1801 2883 2040 2926 comitivis.

377 3014 406 3040 al
429 3013 465 3039 ('.·
487 3011 610 3041 s'iciliu,
648 3013 680 3043 l»
700 3014 736 3039 ('.·
759 3013 930 3047 postulari.
971 3019 998 3040 ‹x›
1021 3016 1058 3039 cs:
1081 3011 1250 3038 nesciebat
1271 3010 1361 3045 loqui
1383 3010 1438 3037 lat.
1478 3011 1510 3043 d)
1531 3013 1561 3037 et
1585 3031 1589 3036 ,
1611 3032 1614 3036 ,
1636 3031 1641 3037 .
1663 3010 1881 3038 Romanorum
1906 3010 2042 3037 Bnach-

269 3061 427 3092 acernam».
