2227 3434
714 101 805 136 1417
825 111 888 136 um
910 101 999 136 Nov.
1021 102 1043 136 8
1063 122 1103 126 -
1126 101 1216 135 Nov.
1237 100 1291 134 11.
1803 101 1887 143 519

121 222 394 276 principalis
428 220 633 274 tangitur
666 219 748 262 ibi:
796 214 1026 270 dominus,
1061 231 1199 261 causa
1235 218 1490 260 materialis
1525 218 1606 259 ibi:
1656 221 1715 269 te,
1751 230 1887 259 causa

121 292 333 335 formalis
355 291 437 334 ibi:
474 291 631 344 elegit,
653 302 791 333 causa
812 289 972 331 finalis
996 290 1076 331 ibi:
1113 293 1161 331 ut
1183 288 1392 331 edifices.
1429 288 1538 330 Dico
1559 288 1726 341 primo;
1751 300 1886 329 causa

122 362 350 406 autentica
377 400 383 406 .
421 396 429 404 .
465 396 474 404 .
499 362 611 403 Nam
637 361 744 403 licet
769 360 918 403 omnis
942 372 1052 402 vera
1079 360 1251 401 eleccio
1278 360 1442 401 summi
1470 358 1706 411 pontificis
1730 358 1890 399 habuit

121 432 376 476 autenticos
406 432 649 483 electores,
679 431 764 473 hec
794 434 947 472 tamen
980 431 1096 472 alias
1129 430 1394 483 supervicit.
1439 430 1574 471 Facta
1605 441 1773 482 nempe
1804 427 1889 469 fuit

120 516 213 546 non
241 515 327 557 per
355 503 504 545 solum
534 501 862 555 imperatorem
891 500 1113 543 Karolum
1144 513 1357 553 magnum
1387 500 1459 541 vel
1491 499 1702 542 Ottonem
1732 511 1889 552 regem

121 574 524 625 Theutonicorum,
552 575 602 615 ut
626 572 673 614 in
701 584 799 625 cap.
827 571 1062 613 Adrianus
1082 571 1185 612 IIet
1199 571 1401 623 capitulo
1417 571 1630 623 sequenti
1647 568 1890 619 LXIIIdi.,

120 657 213 687 non
245 643 394 686 solum
425 656 511 697 per
541 643 716 684 clerum
747 645 791 684 et
820 643 1043 695 populum
1074 641 1345 691 Romanum,
1376 644 1424 683 ut
1456 642 1501 682 in
1532 653 1571 682 c:
1617 641 1712 693 Ego
1743 639 1890 681 Lude-

121 716 262 758 wicus
288 714 452 757 eadem
480 713 788 765 distinctione,
813 725 907 755 non
935 713 1083 755 solum
1110 725 1195 765 per
1221 724 1401 753 sacrum
1430 711 1720 753 dominorum
1745 710 1891 752 cardi-

120 785 296 828 nalium
326 785 587 838 collegium,
615 787 665 826 ut
691 783 738 826 in
766 783 986 836 capitulo:
1031 783 1158 825 Licet
1184 783 1245 824 de
1273 781 1475 824 vitanda.
1517 782 1659 824 Extra
1688 781 1745 823 de
1774 781 1892 822 elec-

122 856 267 909 cione,
291 867 445 908 ymmo
468 854 590 898 facta
615 854 702 897 fuit
726 866 812 908 per
836 853 1152 895 universalem
1179 854 1424 895 ecclesiam
1452 853 1497 894 in
1522 853 1607 894 hoc
1633 864 1763 894 sacro
1789 864 1892 893 con-

122 927 229 970 cilio
264 929 588 980 congregatam
623 928 668 967 et
701 925 787 967 hoc
821 937 907 978 per
942 923 1300 977 disposicionem
1336 923 1436 966 eius
1472 923 1518 964 in
1555 935 1638 964 sex
1675 924 1891 975 agregata

123 1010 207 1040 seu
230 1001 403 1051 partes,
429 997 475 1038 in
501 996 669 1049 quibus
694 998 739 1038 et
762 998 858 1038 tres
884 995 1006 1048 olym
1033 994 1305 1036 obediencie
1333 997 1377 1036 et
1402 995 1552 1047 ipsum
1575 994 1823 1046 collegium
1848 995 1893 1034 et

122 1081 284 1112 omnes
318 1067 528 1110 catholici
561 1066 722 1120 populi
755 1066 976 1109 naciones
1010 1064 1341 1107 universaliter
1375 1064 1505 1117 adeo,
1540 1064 1664 1117 quod
1696 1076 1789 1106 non
1823 1065 1894 1105 est

122 1140 256 1182 nacio
274 1139 349 1181 vel
369 1137 656 1190 obediencia,
678 1150 767 1190 que
788 1150 881 1179 non
898 1136 1249 1190 participaverit
1270 1137 1316 1177 in
1335 1136 1420 1178 hac
1440 1136 1676 1177 eleccione
1699 1137 1891 1177 sacrata.

122 1210 225 1253 Jam
246 1222 340 1252 non
361 1212 433 1252 est
451 1209 580 1251 locus
602 1207 876 1250 rebellionis
898 1207 973 1249 vel
996 1206 1236 1259 scismatis,
1260 1207 1368 1260 quia
1388 1206 1609 1248 naciones
1631 1218 1806 1257 omnes,
1831 1239 1839 1247 .
1858 1239 1865 1247 .
1884 1239 1892 1247 .

124 1292 261 1334 reges
302 1282 347 1322 et
388 1279 625 1333 principes
668 1278 908 1321 christiani
951 1291 1036 1331 per
1081 1291 1187 1320 suos
1232 1277 1476 1330 deputatos
1520 1277 1626 1318 huic
1669 1276 1891 1318 eleccioni

123 1363 310 1394 manum
343 1353 390 1393 et
421 1350 625 1393 animum
659 1349 952 1403 prebuerunt
983 1352 1041 1401 et,
1077 1348 1200 1402 quod
1230 1349 1339 1402 plus
1374 1350 1457 1400 est,
1491 1360 1584 1390 non
1619 1348 1768 1389 solum
1803 1346 1892 1388 due

123 1424 282 1475 partes
316 1420 500 1475 collegii
536 1425 582 1464 et
618 1420 867 1462 cuiuslibet
903 1419 1095 1462 alterius
1135 1420 1355 1473 agregati,
1394 1418 1516 1471 quod
1553 1418 1712 1471 utique
1749 1417 1894 1460 suffe-

123 1491 274 1546 cisset,
302 1491 386 1535 sed
412 1503 574 1534 omnes
601 1494 648 1533 et
674 1491 844 1544 singuli
872 1493 930 1543 te,
958 1494 1092 1544 pater
1120 1493 1291 1542 sancte,
1319 1489 1609 1532 concorditer
1636 1489 1893 1542 elegerunt,

123 1575 275 1616 ymmo
305 1563 465 1606 verius
497 1562 624 1605 iuxta
655 1561 811 1604 thema
844 1561 944 1614 ipse
979 1561 1193 1603 dominus
1225 1564 1269 1602 te
1303 1561 1456 1614 elegit.
1501 1559 1611 1611 Quis
1645 1559 1768 1601 enim
1801 1570 1893 1599 non

124 1633 280 1678 videat
304 1633 491 1677 attentis
516 1633 769 1675 electorum
795 1633 1020 1675 varietate
1049 1636 1094 1675 et
1120 1631 1414 1673 multitudine
1443 1634 1488 1672 et
1514 1630 1664 1672 forma
1690 1629 1895 1683 eligendi

125 1704 312 1747 decreta
335 1704 383 1746 in
407 1704 592 1757 publica
619 1704 830 1747 sessione
854 1703 993 1746 huius
1019 1702 1267 1745 eleccionis
1313 1700 1603 1744 concordiam
1627 1701 1895 1743 humanitus

125 1774 456 1817 difficillimam
480 1774 704 1817 extitisse.
740 1774 851 1826 Quis
874 1787 985 1827 ergo
1007 1773 1112 1815 huic
1137 1772 1404 1815 difficultati
1427 1775 1601 1814 tantam
1625 1771 1894 1813 facilitatem

125 1845 354 1899 opposuit,
384 1845 474 1888 nisi
508 1845 700 1898 spiritus
733 1848 918 1887 sanctus
952 1880 959 1887 .
997 1882 1002 1888 .
1041 1879 1048 1886 .
1094 1845 1173 1886 Est
1205 1843 1420 1885 mirabile
1453 1843 1499 1884 in
1532 1843 1677 1885 oculis
1710 1841 1895 1884 nostris.

126 1916 195 1958 Ex
224 1929 315 1970 quo
346 1917 569 1969 sequitur,
599 1916 735 1969 quod,
767 1915 805 1959 si
835 1916 911 1969 qui
943 1928 992 1959 se
1023 1915 1192 1957 iactant
1222 1914 1278 1956 de
1309 1917 1498 1967 papatu:
1544 1914 1640 1966 Ego
1670 1912 1760 1955 feci
1790 1924 1895 1954 eum

126 1998 309 2041 papam,
331 1987 506 2030 scilicet
527 1999 632 2030 meo
651 1989 847 2029 tractatu
868 1987 943 2028 vel
967 1989 1064 2028 arte
1089 1985 1153 2027 sic
1174 1985 1345 2027 factum
1368 1987 1451 2037 est,
1475 1984 1725 2026 offendunt
1746 1984 1897 2037 primo

128 2058 291 2111 Deum,
324 2057 413 2100 sibi
445 2058 533 2111 ipsi
568 2057 874 2100 attribuentes
905 2057 1115 2111 glori-am,
1149 2069 1239 2109 que
1273 2056 1413 2098 debet
1445 2054 1632 2097 attribui
1661 2054 1751 2096 <soli
1785 2054 1897 2103 Deo,

128 2127 333 2172 secundo
366 2131 568 2171 vestram
605 2127 907 2180 sanctitatem,
943 2127 1049 2181 quia
1085 2139 1171 2180 per
1204 2127 1316 2169 talia
1350 2126 1494 2168 verba
1529 2125 1671 2167 vestri
1709 2125 1898 2167 sinceri-

126 2201 267 2242 tatem
291 2199 541 2242 eleccionis
567 2198 854 2241 fermentare
881 2198 1099 2240 videntur
1127 2233 1134 2240 .
1171 2232 1179 2239 .
1216 2232 1223 2240 .

246 2269 353 2312 Dixi
378 2270 582 2313 secundo
607 2273 689 2312 etc.
717 2304 725 2312 .
761 2303 769 2312 .
806 2304 813 2312 .
849 2269 933 2311 Hic
958 2273 1029 2312 est
1052 2281 1162 2311 vere
1189 2269 1416 2310 Martinus
1440 2268 1617 2310 electus
1641 2267 1726 2308 Dei
1751 2265 1898 2319 ponti-

129 2341 223 2383 fex.
264 2340 347 2383 Hic
373 2343 423 2384 ut
452 2340 679 2384 Martinus
708 2353 888 2394 pauper
915 2343 960 2382 et
989 2339 1196 2383 modicus
1224 2340 1401 2381 electus
1431 2337 1515 2380 Dei
1544 2338 1693 2379 celum
1724 2337 1900 2379 scilicet

130 2411 420 2455 celsitudinis
453 2412 636 2464 papalis
671 2411 803 2454 dives
838 2411 1097 2464 ingreditur
1130 2413 1213 2452 etc.
1251 2444 1258 2451 .
1295 2443 1303 2451 .
1339 2443 1347 2451 .

248 2481 354 2524 Dixi
380 2483 526 2525 tercio
550 2485 633 2525 etc.
662 2516 670 2524 .
706 2516 713 2524 .
750 2516 758 2524 .
797 2481 968 2524 Contra
993 2482 1110 2523 hanc
1137 2481 1419 2522 eleccionem
1445 2478 1684 2532 potissime
1713 2479 1898 2520 racione

131 2565 213 2595 sue
247 2553 397 2596 forme
433 2556 617 2595 cessant
651 2557 922 2606 argumenta
958 2553 1127 2604 omnia,
1162 2564 1253 2604 que
1288 2553 1445 2593 contra
1482 2549 1742 2592 elecciones
1777 2549 1897 2601 olym

133 2623 304 2666 domini
341 2623 595 2666 Clementis
627 2627 673 2666 et
706 2623 882 2666 Urbani
918 2636 1003 2676 per
1036 2626 1100 2665 tot
1134 2634 1359 2664 annorum
1393 2621 1625 2662 curricula
1658 2631 1900 2662 concurre-

133 2698 252 2748 runt,
291 2697 448 2737 contra
489 2694 791 2746 Clementem,
830 2693 951 2747 quod
990 2694 1167 2736 electus
1204 2692 1374 2734 fuisset
1412 2691 1523 2734 sede
1562 2703 1655 2732 non
1693 2692 1899 2740 vacante,

133 2768 289 2808 contra
315 2765 571 2818 Urbanum,
598 2765 721 2818 quod
748 2778 805 2807 ex
835 2763 1158 2817 impressione,
1186 2763 1246 2805 ita
1275 2762 1397 2815 quod
1424 2762 1601 2804 electus
1627 2773 1719 2802 non
1747 2759 1901 2801 fuerat

134 2847 264 2888 pure,
297 2835 495 2889 gratuite
530 2839 574 2877 et
607 2835 803 2878 sincere.
849 2835 928 2878 Set
957 2847 1050 2877 non
1086 2834 1149 2877 sic
1183 2834 1228 2875 in
1259 2833 1502 2886 proposito
1533 2831 1769 2873 celebrata
1803 2864 1811 2872 .
1847 2867 1854 2874 .
1891 2863 1899 2871 .

136 2905 381 2949 Celebrata
414 2909 485 2949 est
514 2906 637 2948 enim
672 2906 716 2947 in
749 2908 874 2948 tanta
907 2905 1122 2947 libertate
1155 2907 1201 2946 et
1231 2916 1359 2957 pace,
1392 2902 1513 2955 quod
1546 2914 1629 2943 nec
1662 2901 1784 2943 intus
1816 2912 1901 2941 nec

135 2980 266 3021 extra
306 2977 525 3021 conclave
562 2976 768 3020 cuiusvis
808 2976 1035 3020 violencie
1076 2976 1149 3017 vel
1193 2972 1514 3028 impressionis
1554 2973 1700 3027 potuit
1740 2970 1900 3015 sentiri
