2227 3434
547 173 591 207 A.
632 172 830 208 Fillastres
858 173 974 208 Gesta
1001 173 1151 208 concilii
1179 173 1493 209 Constantiensis.
1849 176 1905 219 33

257 292 370 335 Item
393 293 586 345 insuper
609 292 731 333 idem
754 292 970 334 dominus
992 296 1152 334 noster
1174 305 1296 346 papa
1319 293 1558 335 Johannes
1582 293 1754 335 XXIII.
1778 294 1904 336 dedit

135 375 279 416 super
299 364 511 405 cessione
533 363 733 416 simplici
753 375 839 416 per
860 376 967 405 eum
988 363 1142 405 fienda
1164 363 1390 415 cedulam,
1412 377 1497 416 per
1519 377 1656 417 quam
1678 365 1903 417 promisit,

134 434 303 476 iuravit
328 437 374 476 et
399 434 521 476 vovit
548 434 677 476 illam
702 434 859 476 facere
889 435 935 475 in
961 434 1112 476 forma
1140 435 1259 476 dicte
1287 435 1451 476 cedule
1480 447 1619 476 manu
1647 448 1729 477 sua
1755 439 1800 477 et
1826 448 1903 477 no-

133 504 257 547 mine
285 505 559 558 subscripte.
600 504 742 547 Cuius
768 508 902 547 tenor
929 506 1037 547 talis
1064 506 1193 558 estf)
1241 505 1291 546 In
1317 505 1503 547 nomine
1532 509 1689 547 sancte
1717 509 1762 547 et
1789 505 1904 547 indi-

134 576 274 618 vidue
308 576 528 618 trinitatis
561 579 646 618 etc.
694 575 807 618 Cum
842 576 1025 629 pridem
1060 589 1144 618 nos
1179 576 1419 619 Johannes
1454 589 1577 629 papa
1611 576 1769 618 XXIII
1807 610 1814 618 .
1851 610 1859 618 .
1896 611 1903 617 .

251 646 365 689 Cum
394 648 481 690 ista
508 647 674 689 cedula
701 648 857 688 nuncii
887 649 1066 688 reversi
1097 650 1202 689 sunt
1231 647 1567 699 Constanciam,
1598 647 1674 689 ubi
1703 648 1904 700 aplicue-

133 721 240 760 runt
268 718 345 761 die
371 717 588 760 mercurii
619 717 769 771 prima
799 718 906 760 Maii
937 722 1101 770 quarta
1128 719 1244 760 hora
1271 721 1375 771 post
1404 718 1660 760 meridiem.
1702 719 1799 770 Qua
1829 718 1903 759 die

133 789 248 832 hora
285 802 408 831 nona
445 792 552 832 ante
590 789 849 841 meridiem,
888 790 1063 831 scilicet
1101 793 1205 842 post·
1243 789 1444 830 mediam
1480 793 1675 841 noctem,
1714 789 1905 830 fuerunt

133 861 350 914 completi
370 861 461 902 XII
482 860 583 903 dies
603 861 825 913 assignati
848 861 1031 901 nunciis
1052 873 1137 913 pro
1159 860 1411 913 legacione.
1446 861 1500 902 Et
1523 860 1904 913 significaverunt

133 932 232 986 regi
266 935 311 973 et
343 931 618 974 nacionibus
653 931 902 973 adventum
936 944 1098 973 eorum
1133 935 1179 973 et
1212 931 1335 983 quod
1368 931 1518 984 parati
1553 934 1685 972 erant
1720 931 1903 972 referre

132 1007 263 1056 gesta
296 1003 564 1057 legacionis.
611 1002 688 1045 Set
724 1003 805 1045 illo
839 1003 914 1044 die
950 1015 1043 1044 non
1078 1002 1270 1044 fuerunt
1303 1002 1460 1044 auditi.
1512 1003 1607 1043 Iam
1642 1001 1767 1043 enim
1801 1014 1904 1043 con-

131 1074 287 1116 cilium
319 1074 665 1116 deliberaverat
699 1074 774 1115 die
807 1074 922 1115 iovis
956 1074 1185 1126 sequenti,
1223 1073 1278 1114 II.
1318 1073 1437 1125 Maii,
1471 1073 1638 1116 sedere
1670 1076 1715 1115 et
1747 1073 1904 1114 decer-

132 1157 246 1188 nere
281 1145 552 1187 citacionem
588 1145 887 1198 personalem
923 1148 967 1186 et
1002 1157 1087 1197 per
1123 1144 1321 1186 edictum
1358 1145 1594 1197 publicum
1632 1147 1679 1185 ut
1714 1143 1760 1184 in
1797 1144 1904 1185 albo

131 1219 292 1259 contra
327 1229 496 1269 papam
534 1229 676 1269 super
711 1216 999 1268 criminibus,
1037 1215 1403 1268 dislapidacione
1441 1219 1487 1257 et
1522 1215 1627 1257 aliis
1664 1218 1709 1256 et
1745 1217 1903 1256 contra

132 1288 222 1330 sibi
254 1287 538 1335 adherentes
568 1287 778 1330 fautores
811 1291 855 1329 et
888 1290 1219 1339 receptatores,
1252 1290 1388 1339 prout
1419 1286 1645 1328 fecerunt.

251 1359 336 1401 Die
362 1358 479 1401 iovis
505 1359 563 1401 de
590 1371 725 1400 mane
752 1358 894 1411 paulo
920 1361 1026 1400 ante
1054 1358 1312 1400 sessionem
1340 1370 1424 1398 rex
1450 1360 1494 1399 et
1521 1357 1728 1409 deputati
1754 1355 1905 1397 nacio-

131 1443 244 1473 num
267 1431 315 1472 in
338 1430 548 1473 sacristia
570 1430 769 1472 ecclesie
793 1430 1074 1472 audiverunt
1096 1430 1291 1471 nuncios
1315 1428 1545 1482 premissa
1568 1427 1721 1470 omnia
1744 1430 1789 1468 et
1813 1426 1904 1468 alia

130 1505 263 1556 gesta
292 1501 570 1546 referentes.
616 1502 671 1543 Et
702 1501 790 1543 fuit
822 1502 940 1543 lecta
970 1501 1135 1542 cedula
1167 1500 1423 1542 oblacionis
1454 1499 1682 1541 cessionis
1712 1498 1770 1539 de
1802 1509 1905 1550 pre-

133 1573 255 1629 senti
290 1573 566 1627 prescripta.
615 1573 694 1616 Set
730 1585 816 1614 rex
853 1572 1008 1614 omnia
1045 1571 1126 1614 1113
1164 1570 1456 1624 improbavit.
1507 1569 1726 1623 Deputati
1762 1568 1904 1610 nichil

132 1644 367 1698 dixerunt,
394 1647 465 1687 set
489 1645 576 1686 visi
604 1647 709 1687 sunt
735 1644 889 1686 omnia
917 1646 1214 1685 contemnere
1241 1645 1286 1684 et
1311 1655 1396 1695 pro
1421 1641 1596 1683 nichilo
1620 1641 1811 1682 habere.
1851 1640 1905 1681 Et

132 1728 192 1758 ex
219 1719 327 1758 tunc
353 1719 687 1770 processerunt
716 1715 775 1758 ad
805 1715 1078 1756 sessionem.
1120 1714 1223 1756 Jam
1252 1714 1377 1755 enim
1407 1725 1494 1766 pro
1521 1713 1603 1754 illa
1633 1715 1733 1753 erat
1763 1712 1904 1753 missa

134 1788 318 1841 incepta
345 1790 391 1829 et
419 1787 588 1841 prelati
618 1799 668 1829 ac
697 1786 840 1828 ceteri
869 1786 915 1827 in
945 1785 1041 1828 suis
1070 1785 1262 1827 sedibus
1291 1783 1514 1826 collocati.
1555 1783 1784 1835 Nullaque
1814 1781 1904 1824 alia

133 1859 308 1901 relacio
333 1858 456 1901 facta
482 1858 569 1900 fuit
596 1858 791 1900 concilio
816 1869 969 1910 neque
997 1856 1105 1898 i'ieri
1133 1857 1279 1909 potuit
1307 1855 1551 1908 premissis
1579 1854 1780 1896 attentis.

251 1930 570 1973 Sacrosancta:
624 1929 810 1970 Pridem
847 1931 951 1982 post
989 1965 996 1972 .
1034 1962 1042 1969 .
1078 1962 1086 1970 .
1125 1928 1338 1980 quinto.‘·’)
1399 1926 1489 1968 Ista
1526 1924 1748 1967 citacione
1788 1925 1904 1966 lecta

133 2004 331 2055 quatuor
359 2000 529 2055 prelati
556 2003 752 2053 quatuor
781 1999 1026 2041 nacionum
1055 2001 1232 2041 stantes
1260 2010 1406 2051 prope
1437 1998 1657 2039 lectorem
1686 1995 1905 2037 dixerunt

134 2071 331 2126 quilibet
353 2084 440 2125 pro
464 2084 548 2114 sua
571 2071 784 2112 nacione:
825 2070 994 2112 Placet.

252 2142 531 2186 Cardinales
552 2145 720 2195 autem,
740 2141 848 2183 licet
869 2143 1116 2194 presentes
1139 2141 1186 2182 in
1209 2140 1420 2182 sessione
1440 2138 1646 2190 fuerunt,
1668 2148 1905 2189 nunquam

135 2215 265 2258 illam
291 2214 489 2256 formam
515 2213 742 2255 viderant.
782 2212 957 2254 Eadem
984 2212 1110 2253 enim
1137 2211 1212 2253 die
1240 2210 1360 2252 circa
1385 2210 1548 2252 horam
1575 2209 1820 2262 septimam
1847 2207 1905 2248 de

134 2298 272 2328 mane
294 2285 384 2327 fuit
407 2285 514 2328 data
540 2284 765 2327 cardinali
791 2283 995 2326 Ostiensi
1019 2295 1105 2336 pro
1130 2281 1276 2335 anisa)
1305 2281 1438 2335 copia
1463 2280 1522 2322 ad
1548 2278 1904 2322 deliberandum

135 2369 278 2411 super
311 2356 407 2409 illa,
440 2368 542 2398 cum
577 2356 668 2398 iam
701 2356 863 2409 plures
895 2346 1065 2408 prelati
1102 2352 1322 2396 sederent
1355 2355 1401 2395 et
1434 2352 1698 2393 immineret
1733 2349 1906 2391 relacio

135 2428 409 2471 nunciorum
443 2426 597 2469 fienda
631 2427 728 2480 regi
764 2429 809 2468 et
843 2425 1076 2478 deputatis
1110 2424 1356 2466 nacionum
1390 2423 1438 2465 in
1473 2422 1698 2474 sacristia,
1732 2421 1780 2462 in
1815 2431 1905 2473 qua

135 2498 371 2542 relacione
393 2501 641 2552 presentes
662 2498 810 2539 suere.
846 2497 936 2538 Nec
959 2498 1210 2549 potuerunt
1232 2495 1360 2536 illam
1384 2494 1582 2535 formam
1604 2492 1780 2543 videre,
1803 2503 1904 2533 cum

7 2573 17 2586 “·
83 2599 86 2602 -
136 2571 290 2614 statim
316 2570 438 2613 facta
462 2569 691 2611 relatione
718 2571 995 2622 perventum
1021 2570 1092 2609 est
1118 2566 1176 2608 ad
1203 2565 1480 2616 sessionen1;
1509 2576 1598 2617 que
1628 2564 1718 2605 iam
1743 2564 1905 2616 parata

65 2659 72 2664 ·
135 2644 250 2695 erat,
274 2644 320 2683 et
345 2641 408 2683 ita
432 2652 554 2694 pene
581 2640 627 2681 in
653 2639 868 2681 omnibus
894 2637 1094 2680 decretis
1120 2636 1302 2678 concilii
1328 2635 1500 2678 factum
1526 2637 1609 2676 est.
1649 2631 1905 2676 Cardinali-

135 2711 223 2755 bus
251 2713 313 2755 ita
341 2714 441 2754 arto
465 2714 511 2753 et
539 2710 669 2752 brevi
695 2713 905 2762 tempore
933 2712 1121 2751 ostensa
1149 2710 1254 2750 sunt
1282 2707 1469 2749 decreta
1494 2705 1586 2759 J’am
1614 2704 1829 2746 conclusa
1858 2703 1905 2743 in

135 2782 423 2835 nacionibus,
448 2785 496 2823 ut
520 2794 614 2823 non
639 2781 781 2822 fuerit
807 2780 854 2822 in
878 2792 1041 2822 eorum
1066 2781 1294 2832 potestate
1321 2789 1463 2830 super
1489 2776 1584 2818 illis
1610 2775 1904 2818 sufficienter

136 2853 419 2896 deliberare.
456 2852 573 2895 Ymo
598 2853 646 2895 in
672 2864 888 2905 magnum
913 2853 1224 2902 contemptum
1249 2848 1394 2891 habiti
1421 2850 1539 2890 sunt.

240 2945 272 2976 a)
293 2946 325 2977 Ο,
346 2945 385 2972 D.
404 2945 490 2972 Data
509 2944 557 2972 eis
578 2943 681 2978 copia.

255 2995 287 3038 1)
314 2994 522 3037 Bouryeoz's
545 2994 594 3029 de
618 2987 824 3028 Chasienet
846 3002 882 3036 p.
906 2991 986 3028 354.

254 3054 287 3097 ²)
312 3054 434 3089 Hardt
458 3052 525 3095 IV,
550 3053 634 3095 143,·
661 3052 787 3087 Mansa·
812 3049 972 3092 XXVII,
996 3048 1169 3085 625-27.

205 3122 357 3157 Finke,
376 3123 459 3150 Aeta
479 3119 612 3149 concilii
632 3119 909 3149 constanciensis,
930 3119 969 3148 11.
1669 3102 1693 3143 3
