2227 3434
706 158 795 192 1415
821 158 897 192 Dez
923 158 966 192 29
994 179 1034 182 —
1061 158 1151 192 1416
1175 158 1259 193 Jan.
1287 158 1340 192 12.
1821 161 1904 202 427

257 275 468 317 Tercium
496 275 717 317 triduum:
751 276 796 328 1)
829 275 1010 318 heresis
1039 276 1296 328 extirpacio
1324 276 1369 329 2)
1404 277 1599 318 ecclesie
1631 277 1907 319 reformacio

139 344 187 398 3)
216 346 459 393 indubitati
485 346 719 399 pontificis
744 350 790 388 et
814 347 1097 389 universalis
1121 347 1300 389 electio.

261 429 312 470 In
335 429 484 481 prima
507 429 582 470 die
605 428 800 481 prodeat
825 428 1041 470 iudicium
1065 428 1178 470 fidei
1204 463 1211 470 .
1248 463 1255 470 .
1292 463 1299 470 .
1324 433 1475 470 utrum
1501 430 1634 472 liceat
1657 430 1908 472 ordinariis

139 502 183 540 et
210 499 563 552 inquisitoribus
589 499 791 541 heretice
818 499 1058 551 pravitatis
1085 503 1129 541 et
1155 500 1217 542 sic
1245 500 1489 552 opiniones
1515 502 1587 541 vel
1616 501 1907 542 asserciones

138 569 343 612 nondum
375 582 460 623 per
492 569 807 611 universalem
839 570 1084 611 ecclesiam
1118 571 1189 611 vel
1226 571 1384 612 sedem
1419 571 1717 623 apostolicam
1752 583 1908 624 repro-

139 639 270 683 batas
297 645 345 683 ut
372 641 418 682 in
446 640 542 682 fide
571 653 797 682 erroneas
823 641 896 681 vel
926 641 1156 683 hereticas
1185 641 1463 682 iudicialiter
1492 642 1835 695 condempnare
1864 645 1908 684 et

140 711 204 753 sic
228 711 447 753 iudicium
474 711 588 753 fidei
614 711 866 753 terminare
895 745 902 753 .
939 745 947 752 .
984 745 991 752 .

256 793 468 836 Secunda
489 794 591 836 dies
611 797 681 836 est
703 794 980 836 reformacio
1004 807 1196 846 morum,
1221 795 1276 835 de
1300 808 1390 847 qua
1413 796 1568 837 recolo
1589 808 1660 836 me
1684 799 1906 837 tractasse

139 864 256 907 alias
280 865 326 906 in
349 876 579 917 sermone,
603 877 739 917 quem
763 864 853 906 feci
877 865 934 906 de
958 865 1078 907 libro
1100 866 1425 918 generacionis
1449 866 1595 908 Jhesu
1618 866 1804 917 Christi,
1828 867 1906 918 qui

139 935 246 977 fieri
271 935 410 977 debet
431 936 670 977 caritative
695 939 740 977 et
764 948 848 989 per
875 936 994 987 illos,
1019 936 1095 988 qui
1120 940 1350 978 noverunt
1375 937 1659 989 speculative
1684 940 1728 978 et
1754 938 1790 979 si
1816 949 1907 978 non

138 1007 337 1059 practice
372 1006 707 1059 deformitates,
742 1019 831 1059 que
867 1006 1039 1048 debent
1073 1007 1130 1048 ab
1165 1008 1362 1049 ecclesia
1398 1009 1616 1049 reserari.
1664 1007 1721 1049 Ut
1755 1011 1906 1049 autem

139 1078 307 1120 melius
332 1077 578 1119 videantur
605 1077 928 1120 deformitates
955 1078 1012 1120 ab
1039 1078 1236 1120 ecclesia
1265 1079 1535 1129 resecande,
1563 1079 1787 1120 adducam
1815 1091 1909 1119 car-

138 1147 262 1190 mina
291 1148 582 1200 quorundam
613 1148 999 1201 versificatorum,
1029 1161 1224 1201 quorum
1254 1150 1386 1202 prius
1416 1149 1495 1191 sic:

195 1242 492 1295 Frigescente
519 1244 724 1286 caritatis

199 1313 248 1355 In
277 1314 417 1356 terris
447 1314 647 1367 igniculo

195 1383 424 1426 Universe
462 1385 679 1426 vanitatis

196 1455 318 1498 Fons
351 1455 585 1498 inundans
620 1456 777 1497 seculo

195 1525 422 1568 Audietur
444 1526 602 1568 brevis
625 1527 710 1569 sub
735 1527 927 1569 articulo

194 1596 421 1638 Audietur
444 1597 671 1640 vastitatis

195 1666 404 1711 Gemitus
440 1668 486 1709 in
523 1669 709 1721 populo.

194 1738 385 1780 Florent
416 1739 505 1780 iam
538 1752 657 1780 nunc
690 1739 956 1780 venditores

194 1808 429 1862 Spiritalis
454 1810 608 1863 gracie

195 1880 463 1922 Antichristi
502 1893 805 1933 precursores

196 1951 412 1993 Pastores
443 1952 638 1993 ecclesie

197 2021 342 2063 Fures
374 2022 623 2064 eucaristie

194 2092 325 2134 Novit
364 2093 470 2134 inde
508 2106 802 2136 successores

195 2162 428 2205 Christum
459 2164 665 2206 vendunt
693 2165 844 2206 hodie.

197 2233 374 2276 Martha
400 2234 515 2277 foris
539 2239 787 2288 occupatur

195 2303 328 2346 Lucri
365 2317 569 2358 querens
603 2306 804 2359 graciam

194 2374 334 2417 Soror
372 2375 549 2418 Marthe
586 2378 924 2430 contemplatur

194 2445 410 2489 Nummos
446 2450 492 2488 et
528 2448 771 2500 pecuniam

1118 1243 1293 1285 Uniunt
1324 1244 1381 1285 ad
1411 1245 1621 1296 gloriam.

1118 1314 1294 1356 Aurum
1328 1314 1497 1356 Christi
1531 1315 1823 1356 conculcatur

1117 1385 1315 1427 Versum
1348 1388 1418 1427 est
1448 1385 1493 1426 in
1527 1385 1734 1429 scoriam.

1118 1455 1266 1498 Silent
1294 1457 1437 1509 leges,
1467 1456 1567 1498 iura
1596 1459 1747 1498 tacent

1118 1527 1278 1569 Nullos
1309 1527 1426 1569 fulta
1459 1527 1627 1580 stipite.

1119 1598 1275 1639 Luxus
1311 1601 1355 1639 et
1391 1598 1555 1650 rapina
1590 1598 1788 1651 placent,

1124 1669 1170 1709 ln
1205 1669 1288 1710 hoc
1320 1668 1491 1710 mundo
1523 1669 1706 1710 tramite

1119 1739 1253 1781 Errat
1278 1739 1414 1792 plebs
1439 1752 1540 1780 cum
1568 1739 1726 1781 milite.

1118 1810 1412 1862 Lapidesque
1445 1811 1586 1852 sancti
1621 1810 1770 1852 iacent

1120 1882 1171 1922 In
1207 1881 1410 1922 virorum
1447 1881 1608 1933 capite.

1118 1952 1211 1993 Hoc
1247 1951 1449 1994 sanxivit
1484 1965 1581 1993 mos
1617 1952 1850 1993 Romanus

1117 2023 1211 2064 Hoc
1242 2023 1477 2065 decretum
1507 2023 1690 2075 legitur,

1118 2094 1175 2135 Ut
1204 2094 1261 2136 sit
1289 2094 1448 2146 presul
1480 2094 1550 2135 vel
1585 2093 1787 2135 decanus

1124 2165 1178 2216 Is,
1207 2177 1232 2206 a
1261 2178 1351 2217 quo
1379 2165 1484 2217 plus
1514 2164 1712 2206 dabitur.

1117 2234 1268 2286 Quare
1294 2238 1418 2276 recte
1444 2235 1610 2276 dicitur

1118 2307 1258 2348 Roma
1295 2306 1427 2358 quasi
1464 2306 1635 2348 rodens
1672 2318 1848 2357 manuS,

1117 2378 1153 2417 A
1180 2390 1270 2429 qua
1296 2376 1494 2419 mundus
1519 2376 1710 2418 roditur.

255 2538 339 2582 Cui
364 2544 586 2582 consonat
611 2540 797 2593 quidam
825 2541 972 2582 dictus
998 2540 1238 2583 tIohannes
1264 2541 1320 2582 de
1349 2541 1550 2593 Clodio¹)
1580 2540 1797 2593 inquiens
1823 2552 1906 2592 per

138 2608 222 2651 hec
251 2609 411 2652 verba:

194 2691 341 2734 Jhesu
368 2693 502 2745 bone,
528 2693 638 2746 quid
665 2694 830 2736 faciam

194 2762 334 2805 Totus
364 2764 562 2805 mundus
591 2766 901 2817 corrumpitur

193 2832 402 2876 Sectatur
433 2834 694 2887 avariciam,

194 2903 412 2957 Quisquis
437 2905 587 2947 malus
612 2905 832 2958 accipitur

1119 2695 1263 2736 Fraus
1295 2695 1562 2747 supplantat
1596 2693 1818 2735 iusticiam

1116 2765 1277 2806 Totum
1315 2764 1474 2806 orbem
1512 2764 1842 2815 complectitur.

1116 2835 1287 2877 Omnes
1315 2834 1643 2876 universaliter

1117 2905 1318 2947 Vanitati
1352 2904 1621 2946 deserviunt

265 3058 294 3099 ¹)
331 3056 524 3091 stellein-ht
546 3056 642 3091 Jeme
665 3057 714 3091 cle
737 3057 864 3100 C'one,
889 3056 1173 3097 Benediklincr,
1200 3056 1270 3099 091,
1294 3055 1422 3089 Herae
1448 3055 1693 3089 Benedicle‘ne
1719 3053 1802 3086 XII.
1826 3054 1903 3087 4:56.
