2102 3444
229 133 316 178 260
764 135 790 168 Ι.
817 134 1027 169 Abschnitt.
1066 134 1467 179 Konzilstagebiicher.

229 252 506 295 Serenitatis
537 255 692 295 vestre
724 252 903 296 litteras
934 253 1086 306 hylari
1118 252 1271 295 fronte
1304 253 1580 307 recepimus,
1612 265 1809 306 quarum
1838 255 2001 296 tenore

230 324 417 375 plenius
449 323 648 376 gratuito
680 324 834 366 animo
865 324 1102 366 intellecto
1132 325 1389 378 contextu⁸)
1424 324 1689 366 huiusmodi
1722 323 2002 376 intimamus,

231 394 353 446 quod
382 394 439 436 de
469 394 741 436 infirmitate
771 407 821 436 ac
850 394 951 437 diro
978 398 1135 437 nostre
1164 395 1442 448 egritudinis
1470 395 1664 438 articulo
1691 398 1736 437 et
1763 394 2003 437 nonnullis

231 465 336 508 aliis
367 466 456 508 iam
485 478 567 507 vos
595 469 641 507 et
663 465 909 526 intimante
942 466 1074 507 fideli
1106 465 1373 508 consiliario
1403 470 1448 508 et
1477 466 1814 508 ambassia-tore
1844 468 2003 508 nostro

233 536 370 578 Petro
393 536 450 578 de
472 536 639 578 Falchs
662 537 815 589 legum
841 536 1027 578 doctore
1049 540 1094 578 et
1117 537 1289 580 nostris
1312 537 1511 580 diversis
1535 538 1704 580 litteris
1727 536 1840 580 satis
1859 536 2001 590 plene

231 606 521 650 reddidimus
551 607 794 650 cerciores.
838 608 893 650 Et
923 608 1043 661 licet,
1073 608 1466 650 excellentissime
1497 609 1732 661 princeps,
1762 607 1930 649 medici
1959 610 2004 650 et

231 678 309 719 alii
337 679 483 720 nostri
514 677 765 720 accidentis
793 678 1022 722 habentes
1051 679 1265 722 noticiam
1295 691 1530 722 recessum
1559 682 1768 721 nostrum
1797 681 1889 721 tam
1917 690 2003 732 per

231 760 358 791 mare
391 761 528 801 quam
559 761 645 802 per
676 752 849 791 terram
881 762 974 792 non
1007 751 1107 792 sine
1139 750 1558 803 protestacionibus
1592 749 1909 803 dissuadeant,
1940 749 2004 791 di-

232 832 367 861 versa
391 820 637 873 profutura
659 824 817 863 nostre
840 833 1043 874 persone
1066 822 1277 874 pericula
1298 821 1615 875 previdentes,
1639 833 1800 863 eorum
1823 833 2004 862 verum-

230 894 385 932 tamen
407 903 495 944 pro
516 894 644 934 tanto
667 892 753 933 Dei
777 892 974 934 servicio
998 895 1155 945 spreto
1177 892 1372 935 consilio
1396 892 1519 935 infra
1544 891 1852 934 ebdomadam
1876 904 2004 934 secu-

229 965 380 1004 turam
409 962 665 1004 auxiliante
695 962 808 1016 Deo,
838 963 1144 1017 quodcunque
1173 976 1314 1017 grave
1344 963 1582 1005 immineat
1609 963 1884 1017 periculum,
1913 961 2005 1009 avi-

232 1031 412 1074 dissimi
438 1036 483 1074 et
507 1032 741 1086 inceptum
765 1034 1055 1087 propositum
1081 1047 1262 1076 sacrum
1288 1035 1509 1088 prosequi
1537 1047 1589 1077 ac
1613 1045 1864 1087 personam
1889 1033 2003 1076 tanti

230 1103 454 1157 principis
476 1104 653 1157 videre,
675 1104 799 1158 quod
821 1117 999 1147 summe
1022 1108 1248 1159 optamus,
1270 1106 1600 1159 proposuimus
1621 1117 1707 1159 per
1730 1117 1873 1158 mare,
1895 1103 2004 1159 quia

231 1174 432 1218 celerius
456 1176 558 1228 iter,
583 1176 760 1229 absque
787 1176 879 1218 alia
905 1176 1171 1219 diversione
1196 1176 1431 1230 proficisci
1454 1180 1502 1218 et
1526 1176 1585 1218 ad
1608 1176 1767 1219 villam
1793 1175 2005 1230 Pyrpini-

204 1268 208 1272 -
232 1247 308 1288 ani
340 1245 441 1288 sine
473 1246 655 1290 itineris
685 1247 783 1290 ulla
812 1246 1079 1290 reflexione
1108 1247 1422 1301 personaliter
1453 1260 1538 1290 nos
1568 1247 1801 1300 conferre,
1833 1247 1895 1289 ita
1925 1246 2006 1288 fir·
2072 1287 2082 1299 κ

233 1317 368 1359 miter
393 1321 639 1371 sperantes
666 1318 713 1359 in
739 1318 939 1371 domino,
964 1319 1096 1361 cuius
1121 1331 1198 1362 res
1225 1318 1387 1372 agitur,
1414 1318 1537 1372 quod
1563 1318 1620 1361 ab
1646 1318 1771 1361 omni
1795 1317 2006 1372 periculo

231 1401 315 1431 nos
343 1388 548 1431 servabit
575 1389 775 1432 illesum.
815 1390 870 1432 Et
896 1389 1042 1432 eciam
1069 1390 1107 1433 si
1135 1391 1343 1443 placeret
1369 1390 1596 1432 altissimo
1623 1389 1767 1433 aliter,
1785 1389 1843 1431 de
1869 1388 2006 1431 nobis

232 1459 499 1513 disponere,
525 1472 620 1503 non
647 1460 915 1502 verebimur
941 1473 1028 1514 pro
1055 1464 1147 1503 tam
1175 1461 1298 1503 almo
1322 1461 1609 1514 redemptori
1635 1463 1808 1514 nostro,
1834 1462 1884 1502 ut
1910 1471 2006 1502 cre—

233 1530 397 1583 dimus,
436 1531 757 1584 acceptissimo
794 1531 1023 1574 famulatu
1059 1544 1310 1585 personam
1349 1535 1394 1574 et
1430 1532 1570 1574 vitam
1607 1534 1814 1574 nostram
1852 1530 2006 1573 eidem

229 1605 278 1644 ut
299 1601 529 1644 victimam
545 1603 809 1651 immolare.
846 1603 941 1644 Hec
963 1603 1166 1658 quidem,
1190 1602 1575 1645 christianissime
1597 1596 1832 1657 princeps,
1855 1601 2004 1644 frater

232 1673 368 1716 nobis
401 1674 656 1727 carissime,
688 1676 842 1716 vestre
875 1675 1163 1716 excellencie
1196 1673 1467 1717 deducimus
1498 1686 1592 1716 non
1624 1673 1891 1728 ambiguum
1923 1672 2007 1715 sed

233 1743 493 1787 iocundum.
543 1744 687 1796 Quam
724 1745 908 1788 interno
944 1757 1162 1799 rogamus
1197 1744 1387 1799 affectu,
1425 1745 1642 1798 quatinus
1678 1757 1765 1798 pro
1801 1744 1926 1787 bono
1960 1746 2007 1786 et

232 1814 487 1857 directione
512 1815 704 1869 negocii,
731 1815 769 1859 si
795 1816 885 1858 iam
911 1816 1143 1858 civitatem
1169 1816 1384 1858 Narbone
1411 1815 1670 1869 attigeritis,
1696 1815 1878 1869 placeat
1901 1827 2004 1857 cum

232 1886 524 1929 sanctissimo
551 1886 591 1930 d.
620 1886 872 1929 Benedicto
896 1899 1020 1940 papa
1045 1887 1174 1929 XIII.
1203 1899 1287 1930 seu
1313 1887 1419 1929 aliis
1445 1886 1688 1940 quibusvis
1711 1886 1845 1929 nullo
1868 1885 2006 1928 modo

232 1956 474 1999 materiam
503 1957 690 2001 unionis
722 1958 919 2000 ecclesie
952 1961 1244 2001 sacrosancte
1277 1959 1325 2000 in
1356 1958 1629 2012 particulari
1661 1957 1817 2010 aliqua
1848 1955 2005 2010 specie

232 2027 502 2081 practicare,
533 2040 774 2081 quousque
804 2041 889 2071 nos
918 2029 981 2071 ibi
1010 2028 1248 2072 aderimus
1275 2029 1567 2082 personales,
1595 2031 1645 2071 ut
1672 2041 1731 2071 eo
1756 2031 1864 2071 tunc
1893 2027 2006 2070 divi-

235 2111 344 2141 num
368 2098 658 2152 obsequium,
683 2100 741 2141 ad
765 2100 887 2152 quod
910 2100 1157 2143 unanimes
1180 2099 1470 2152 anhelamus,
1493 2100 1678 2153 gracius
1698 2102 1746 2141 et
1768 2098 2008 2152 accepcius

231 2181 585 2223 prosequamur.
630 2170 685 2212 Et
716 2171 754 2212 si
786 2182 889 2223 qua,
922 2170 1224 2212 serenissime
1254 2171 1489 2224 princeps,
1521 2170 1669 2213 frater
1699 2169 1835 2212 nobis
1867 2169 2005 2212 caris-

233 2238 362 2293 sime,
394 2240 451 2283 de
482 2241 642 2294 regnis
671 2244 715 2283 et
743 2241 882 2284 terris
912 2241 1084 2284 nostris
1113 2244 1244 2295 grata
1273 2242 1406 2284 vobis
1436 2243 1692 2294 occurrant,
1720 2239 2006 2283 nobisfidu-

236 2311 414 2354 cialiter
435 2311 670 2354 intimetis.
706 2311 804 2356 Dat.
828 2312 1050 2354 Valencie
1075 2312 1160 2355 sub
1182 2315 1342 2354 nostro
1365 2312 1520 2365 sigillo
1543 2314 1737 2364 secreto,
1758 2311 1907 2354 XVII.
1930 2310 2006 2353 die

232 2382 426 2435 Augusti
454 2394 576 2424 anno
602 2395 627 2424 3
653 2382 891 2424 nativitate
919 2382 1094 2425 domini
1121 2382 1370 2439 millesimo
1398 2381 1647 2425 CCCCXV.

352 2452 664 2496 Serenissimo
703 2453 903 2506 principi
944 2453 1228 2506 Sigismundi
1270 2487 1278 2495 .
1314 2487 1322 2495 .
1358 2487 1366 2495 .
1408 2453 1542 2495 fratri
1582 2456 1742 2496 nostro
1780 2451 2008 2506 precaris-

235 2522 364 2577 simo,
388 2523 716 2566 Ferdinandus
739 2524 903 2566 eadem
927 2524 1080 2577 gracia
1105 2536 1189 2565 rex
1213 2524 1494 2577 Aragonum,
1519 2523 1676 2566 Sicilie
1699 2526 1783 2566 etc.
1808 2523 2005 2566 salutem

232 2598 278 2637 et
323 2595 481 2648 operis
528 2594 718 2648 gloriosi
764 2595 1055 2647 propositum
1103 2594 1255 2636 votivo
1299 2595 1430 2636 exitu
1475 2606 1812 2637 consummare.
1872 2593 2006 2636 Sere-

233 2666 426 2707 nissime
460 2666 694 2718 princeps,
728 2665 875 2707 frater
908 2665 1044 2707 nobis
1077 2665 1424 2718 precarissime!
1477 2665 1528 2706 In
1560 2664 1826 2708 huiusmodi
1858 2665 2005 2707 noctis

234 2737 509 2790 crepusculo
551 2739 657 2778 ante
700 2736 848 2778 locum
893 2735 1022 2778 Covit
1063 2736 1108 2777 in
1150 2738 1309 2778 nostra
1350 2736 1485 2789 galea
1527 2738 1653 2778 recto
1690 2736 1875 2778 tramite
1916 2735 2006 2778 iter

234 2810 441 2850 nostrum
481 2806 804 2850 continuantes
841 2809 1021 2849 vestras
1060 2807 1322 2859 recepimus
1360 2806 1542 2849 litteras
1575 2807 1749 2849 nostris
1786 2805 1891 2849 aliis
1926 2818 2006 2848 no-

234 2878 437 2920 vissimis
467 2878 782 2931 responsivas,
813 2889 1008 2930 quarum
1038 2877 1247 2930 graciosa
1279 2880 1496 2919 contextu
1526 2877 1734 2930 perlecto
1764 2875 2005 2919 serenitati

235 2951 389 2991 vestre
414 2949 716 3001 presentibus
740 2949 1020 3001 intimamus,
1046 2947 1169 3001 quod
1194 2947 1268 2989 die
1295 2947 1511 2989 mercurii
1537 2947 1748 3001 proxime
1773 2949 2005 2990 transacta

341 3059 370 3081 a!
395 3053 431 3085 R,
455 3054 492 3080 C:
527 3054 690 3079 contestu.
