2227 3434
823 154 913 188 1416
943 153 1033 188 Nov.
1062 154 1116 188 29.
1767 154 1852 195 475

86 271 305 323 Tertium,
337 271 460 324 quod
491 271 613 313 idem
644 271 922 313 Benedictus
953 271 1161 314 existens
1193 271 1444 313 cardinalis
1475 271 1595 312 viam
1628 271 1853 312 cessionis

87 341 292 384 laudavit
319 345 364 383 et
392 345 554 394 postea
585 342 630 382 in
659 341 878 392 conclavi,
908 341 954 382 in
984 354 1075 393 quo
1102 341 1188 384 fuit
1218 342 1407 393 electus,
1438 341 1657 394 prosequi
1687 341 1854 382 iuravit

86 415 131 454 et
162 413 298 464 vovit,
330 412 554 465 probatur
585 412 642 453 de
675 412 869 453 veritate
903 412 1124 464 precipue
1159 412 1215 453 de
1249 412 1429 453 duobus
1461 411 1704 464 premissis
1736 411 1855 453 iura-

88 483 256 524 mentis
294 494 380 536 per
418 482 533 524 duos
573 482 850 533 cardin-ales,
890 482 966 534 qui
1007 482 1197 523 fuerunt
1237 486 1342 524 tunc
1384 483 1428 523 in
1468 482 1672 523 conclavi
1713 485 1757 523 et
1798 482 1854 522 de

85 555 248 594 tenore
277 552 441 594 zedule
473 565 614 605 super
644 553 728 594 hoc
757 552 966 594 confecte
997 553 1235 605 deponunt
1265 553 1321 593 de
1353 553 1612 594 iuramento
1643 556 1687 593 et
1718 552 1855 593 etiam

85 627 190 676 post
217 623 493 665 electionem
525 623 731 676 prestito,
763 623 870 676 quia
900 626 1146 675 presentes
1176 622 1379 664 fuerunt.
1428 623 1538 664 Item
1569 623 1626 664 de
1659 622 1857 664 notorie-

87 696 179 736 tate
204 693 530 746 predictorum,
558 694 637 735 alii
664 693 825 746 plures
851 694 1019 746 prelati
1047 698 1092 735 et
1118 694 1196 735 alii
1224 694 1281 734 de
1308 693 1536 734 communi
1563 694 1855 746 reputatione

85 767 131 806 et
151 764 275 806 fama
295 768 341 806 et
361 764 502 816 aliqui
524 765 662 807 etiam
685 763 741 805 de
762 765 955 806 notorio.
989 764 1209 815 Quartum
1232 764 1288 805 de
1312 764 1702 816 requisicionibus
1723 763 1857 805 factis

86 846 172 887 per
198 846 334 888 reges
361 837 459 887 etc„
486 838 705 887 quantum
734 835 791 876 ad
819 834 1149 887 requisitiones
1176 833 1322 876 factas
1349 847 1433 886 per
1461 846 1618 887 regem
1648 834 1856 885 Francie‚

86 905 438 946 universitatem
469 904 784 947 Parisiensem
813 908 859 946 et
887 917 972 958 per
1002 904 1265 947 cardinales
1295 917 1376 946 sue
1408 904 1695 946 obediencie.
1743 904 1855 945 Item

88 978 309 1028 quantum
358 976 416 1017 ad
462 975 814 1028 requisitionem
860 988 944 1028 pro
992 978 1124 1028 parte
1172 976 1296 1028 regis
1345 975 1552 1027 Francie,
1600 974 1766 1027 Anglie
1815 977 1858 1015 et

87 1045 291 1088 Castelle
323 1050 368 1088 et
399 1046 678 1099 Aragonum.
726 1047 840 1088 Item
873 1049 1093 1098 quantum
1125 1046 1183 1087 ad
1215 1045 1568 1098 requisitionem
1600 1058 1686 1098 per
1717 1045 1857 1086 domi-

87 1129 196 1158 num
233 1117 519 1159 cardinalem
557 1116 943 1165 Gamerae-ensem
982 1130 1040 1159 ex
1077 1120 1208 1169 parte
1246 1116 1369 1169 regis
1406 1117 1717 1158 Romanorum
1754 1129 1857 1168 pro-

87 1187 264 1242 batura)
299 1199 461 1230 verum
495 1191 540 1229 et
573 1187 803 1229 notorium
836 1200 922 1240 per
955 1187 1071 1229 duos
1104 1187 1382 1239 cardinales,
1419 1187 1496 1239 qui
1529 1186 1858 1238 interfuerunt,

89 1258 197 1300 item
220 1270 311 1312 per
337 1258 507 1301 multos
533 1259 738 1311 prelatos
767 1261 812 1300 et
840 1258 970 1309 alios,
999 1257 1076 1310 qui
1104 1257 1433 1309 interfuerunt,
1461 1257 1679 1310 quoniam
1708 1257 1860 1309 requi-

88 1329 282 1371 sitiones
317 1329 525 1381 predicte
560 1328 680 1371 i'acte
715 1329 905 1370 fuerunt
940 1328 1124 1381 publice
1161 1341 1315 1370 coram
1351 1328 1508 1370 multis
1543 1331 1586 1369 et
1621 1327 1776 1380 alique
1812 1328 1857 1368 in

89 1399 299 1452 generali
334 1399 620 1452 consistorio,
657 1400 702 1440 in
737 1412 828 1452 quo
861 1399 1000 1441 etiarn
1035 1399 1156 1440 idem
1192 1399 1471 1441 Benedictus
1506 1411 1590 1451 per
1625 1398 1859 1439 dominum

89 1469 378 1512 Bonifacium
406 1469 463 1511 de
492 1470 746 1523 Amanatis,
774 1473 880 1512 tunc
907 1470 1193 1521 advocatum,
1222 1482 1359 1522 quem
1387 1472 1549 1522 postea
1578 1468 1688 1510 fecit
1716 1467 1860 1510 cardi-

87 1541 258 1593 nalem,
291 1539 401 1582 fecit
434 1540 620 1593 publice
655 1540 914 1593 reprobari.
961 1540 1191 1592 Quintum,
1227 1544 1448 1592 quantum
1483 1540 1539 1581 de
1574 1539 1859 1592 repeticione

90 1610 352 1664 iuramenti,
388 1614 610 1663 quantum
647 1611 703 1653 ad
739 1611 982 1653 concilium
1019 1610 1305 1663 Perpiniani,
1341 1610 1564 1663 probatur
1598 1622 1684 1663 per
1720 1622 1860 1650 unum

91 1681 375 1724 cardinalem
411 1685 456 1723 et
490 1682 652 1734 plures
686 1682 892 1734 prelatos
927 1685 972 1724 et
1007 1682 1137 1723 alios.
1187 1681 1241 1723 Et
1275 1681 1398 1733 quod
1433 1684 1552 1733 tunc,
1589 1678 1731 1735 cumb)
1771 1680 1860 1721 due

90 1752 254 1794 zedule
279 1764 426 1806 «super
455 1752 666 1794 cessione
696 1751 815 1794 facte
847 1751 1059 1803 fuissent,
1091 1764 1182 1794 una
1212 1764 1297 1804 per
1327 1751 1571 1804 deputatos
1603 1751 1728 1792 illius
1759 1763 1860 1792 con-

89 1823 199 1875 cilii,
228 1823 375 1865 altera
403 1835 488 1875 per
520 1823 669 1875 ipsum
700 1822 998 1864 Benedictum
1030 1835 1113 1864 seu
1142 1835 1264 1874 suos,
1294 1825 1342 1863 ut
1370 1821 1674 1863 communiter
1704 1820 1860 1862 crede-

93 1893 242 1946 batur,
269 1906 361 1935 non
389 1893 599 1946 permisit
628 1894 824 1945 primam
853 1893 899 1934 in
928 1894 1139 1935 sessione
1169 1893 1274 1946 legi,
1302 1896 1371 1934 set
1400 1892 1617 1943 secunda,
1646 1904 1735 1944 que
1764 1894 1863 1932 erat

94 1964 281 2006 omnino
320 1964 564 2017 contraria.
619 1964 672 2005 Et
713 1964 819 2016 qula
859 1964 882 2005 7
923 1964 1090 2016 prelati
1133 1964 1315 2005 stabant
1356 1963 1401 2004 in
1441 1963 1604 2016 prima,
1647 1962 1754 2004 lecit
1794 1963 1862 2003 eis

93 2035 362 2076 comminari
395 2047 479 2087 per
511 2047 649 2076 unum
682 2033 913 2086 prelatum
944 2037 989 2076 et
1019 2034 1119 2087 ipse
1154 2034 1199 2075 In
1229 2034 1419 2086 propria
1451 2046 1652 2086 persona
1681 2033 1863 2074 commi-

93 2108 230 2148 natus
254 2108 324 2148 est
349 2093 428 2147 uni
455 2105 676 2158 ipsorum,
704 2105 840 2157 quod,
867 2105 955 2147 nisi
984 2108 1171 2156 taceret,
1199 2104 1389 2156 faceret,
1416 2104 1539 2156 quod
1565 2116 1657 2145 non
1686 2103 1863 2144 videret

94 2176 239 2218 solem
267 2175 387 2218 forte
415 2179 508 2217 toto
535 2179 743 2228 tempore
773 2175 863 2217 vite
893 2188 989 2217 sue.
1035 2175 1161 2228 Item,
1190 2178 1410 2228 quantum
1440 2174 1497 2216 ad
1526 2174 1699 2216 obitum
1732 2174 1863 2214 Inno-

94 2246 237 2288 cencii
266 2249 310 2288 et
336 2245 595 2288 cessionem
625 2245 839 2299 Gregorii
866 2249 911 2287 et
939 2245 1213 2287 eiectionem
1241 2245 1469 2287 Johannis
1497 2257 1580 2298 per
1610 2245 1777 2286 multos
1807 2244 1863 2285 de

94 2317 288 2358 notorio.
335 2316 391 2359 Et
423 2317 529 2369 qula
565 2317 714 2358 cessio
749 2320 793 2358 et
827 2316 993 2358 eiectio
1026 2316 1254 2369 premisse
1290 2316 1408 2357 facte
1446 2319 1551 2358 sunt
1585 2315 1631 2356 in
1666 2314 1864 2367 publicis

95 2387 384 2430 sessionibus
413 2387 459 2428 in
489 2388 572 2429 hac
603 2387 792 2440 synodo.
836 2387 948 2428 Item
980 2387 1036 2428 de
1067 2387 1277 2428 cessione
1309 2386 1536 2428 Johannis
1565 2399 1650 2438 per
1679 2384 1863 2438 publica

95 2457 382 2500 documenta.
431 2457 621 2500 Sextum
659 2458 715 2499 de
755 2457 1137 2510 requisitionibus
1175 2457 1485 2498 Romanorum
1525 2456 1647 2509 regis
1684 2460 1728 2498 et
1765 2468 1864 2498 ora-

93 2531 243 2570 torum
272 2531 532 2571 vestrorum
564 2532 609 2570 et
638 2541 722 2581 pro
753 2531 884 2581 parte
917 2540 1075 2581 regum
1107 2531 1152 2569 et
1183 2527 1444 2580 principum
1477 2539 1558 2569 sue
1590 2526 1862 2568 obediencie

97 2603 141 2641 et
177 2600 294 2642 alios
329 2600 552 2652 probatur
587 2600 644 2640 de
680 2599 860 2641 notorio
896 2602 940 2640 et
976 2611 1060 2651 per
1096 2599 1281 2651 publica
1318 2598 1605 2640 documenta.
1660 2597 1769 2638 Item
1808 2596 1863 2637 de

95 2682 187 2711 non
209 2673 304 2712 tuto
327 2682 513 2712 accessu
537 2682 622 2723 per
644 2669 813 2711 famam
839 2673 883 2711 et
905 2681 1194 2711 communem
1218 2669 1572 2721 reputationem.
1609 2667 1861 2720 Septimum

95 2740 152 2782 de
183 2740 416 2783 scandalis
445 2744 490 2782 et
518 2740 726 2794 periculo
756 2740 1013 2782 animarum
1041 2743 1125 2781 etc.
1158 2739 1379 2792 probatur
1408 2751 1494 2791 per
1523 2738 1690 2779 multos
1720 2736 1863 2778 cardi-

95 2811 228 2853 nales
261 2814 306 2853 et
340 2811 457 2853 alios
489 2811 545 2852 de
580 2811 760 2852 notorio
794 2814 838 2852 et
874 2810 940 2851 rei
975 2809 1216 2851 evidencia
1249 2813 1294 2852 et
1328 2809 1383 2850 de
1420 2809 1711 2861 reputatione
1747 2819 1863 2848 com-

96 2882 237 2935 muni,
286 2881 409 2934 quod
457 2882 514 2923 sit
563 2884 804 2934 reputatus
853 2880 1138 2923 scismaticus
1188 2879 1472 2921 inveteratus
1520 2878 1746 2919 enutritor
1794 2881 1863 2918 etc

95 2955 141 2994 et
174 2951 419 2995 hereticus.
466 2951 682 2994 Octavum
719 2951 776 2993 de
812 2951 991 2993 notorio
1027 2950 1360 3003 premissorum
1396 2962 1481 3002 per
1517 2949 1683 2991 multos
1718 2948 1863 2989 cardi-

120 3036 123 3037 γ
170 3036 216 3086 Va)
235 3036 431 3090 HTpmbffl'
495 3056 526 3081 h»
552 3055 595 3081 lls
616 3035 698 3089 sulm
720 3062 802 3082 cuin.
