2227 3434
517 182 560 216 A.
602 182 799 218 Fillastres
829 184 944 219 Gesta
971 185 1120 220 concilii
1148 185 1462 222 Constantiensis.
1817 191 1872 234 37

109 302 153 340 et
177 299 322 342 sancti
351 299 488 342 Marci
514 304 651 353 atque
677 302 936 355 episcopos,
963 303 1156 346 abbates
1181 308 1226 346 et
1251 306 1495 358 magistros
1520 311 1633 360 octo,
1659 309 1874 351 videlicet

108 369 166 410 de
197 370 405 423 qualibet
435 371 629 413 nacione
661 372 790 425 duos,
823 373 881 415 ad
911 374 1231 426 recipiendum
1263 379 1308 418 et
1339 378 1700 420 examinandum
1731 383 1874 422 testes

109 452 251 493 super
299 440 641 494 dilapidacione
691 446 735 484 et
786 445 907 486 mala
955 445 1363 489 administracione
1414 451 1550 500 atque
1601 449 1875 493 scandalosa

110 522 266 553 rerum
305 512 724 555 ecclesiasticarum
763 527 849 567 per
887 515 1056 557 dictum
1095 516 1137 558 d.
1178 517 1440 559 Johannem
1478 531 1647 572 papam
1686 523 1731 562 et
1770 521 1875 563 aliis

108 582 380 626 criminibus
409 587 455 625 et
482 585 759 626 notorietate
791 586 991 628 illorum.

227 653 464 696 Commisit
497 655 644 696 eciam
682 655 776 697 IIII
809 657 1016 709 prelatos
1051 658 1228 700 iudices
1263 671 1522 712 causarum,
1557 673 1646 713 que
1682 662 1740 703 ad
1774 674 1877 703 con-

108 723 263 766 cilium
297 724 585 768 deferentur.
630 725 915 780 Constituita)
951 729 1098 770 eciam
1130 729 1369 783 quosdam,
1402 743 1518 783 quos
1548 735 1678 774 vocat
1710 733 1877 774 sessio-

108 793 279 846 narios,
309 795 355 836 id
381 799 452 838 est
480 796 600 849 illos,
629 797 707 850 qui
738 798 905 839 sedere
934 798 1162 842 debentes
1190 800 1236 841 in
1265 800 1458 843 concilio
1487 801 1656 844 debitis
1686 802 1877 845 sedibus

109 863 403 908 collocarent.

226 936 362 980 Anno
395 950 421 980 a
455 938 694 981 nativitate
730 939 903 981 domini
939 940 1187 983 millesimo
1223 942 1684 996 quadrIngentesimo
1719 944 1878 997 quinto

110 1007 289 1050 decimo
325 1008 576 1051 indictione
611 1013 770 1052 octava
805 1010 879 1052 die
916 1012 1025 1052 lune
1061 1013 1205 1054 tercia
1240 1013 1419 1055 decima
1458 1013 1563 1055 Maii
1598 1013 1644 1056 in
1681 1014 1878 1056 ecclesia

111 1077 273 1120 maiori
306 1078 658 1122 Constanciensi
691 1081 738 1122 in
771 1082 884 1135 loco,
917 1082 996 1124 ubi
1029 1083 1266 1126 sessiones
1297 1085 1546 1137 generales
1578 1098 1664 1138 per
1697 1098 1878 1127 sacrum

111 1149 467 1192 Constantiense
498 1151 741 1193 concilium
772 1152 1003 1195 celebrari
1034 1154 1199 1206 solent,
1230 1154 1317 1196 fuit
1348 1156 1497 1197 sessio
1527 1157 1764 1209 generalis
1793 1169 1879 1209 per

111 1219 279 1263 dictum
322 1234 502 1264 sacrum
544 1222 789 1265 concilium
831 1224 1136 1277 solempniter
1177 1225 1426 1278 celebrata,
1469 1227 1516 1267 in
1558 1239 1648 1279 qua
1691 1226 1878 1280 quidem

113 1291 322 1335 sessione
363 1292 555 1336 fuerunt
593 1295 808 1336 nonnulli
849 1295 1030 1336 articuli
1073 1296 1178 1337 lecti
1219 1299 1265 1338 et
1304 1296 1539 1349 publicati.
1598 1297 1722 1339 Inter
1763 1310 1879 1350 quos

113 1363 330 1406 articulos
354 1376 557 1417 sequens
582 1365 804 1407 articulus
826 1366 972 1408 lectus
997 1369 1042 1408 et
1064 1367 1327 1419 publicatus
1350 1367 1437 1409 fuit
1460 1368 1507 1409 in
1529 1368 1650 1410 hunc
1674 1368 1877 1410 modum:

231 1434 346 1476 Item
374 1434 494 1477 dicta
523 1438 681 1478 sancta
709 1436 914 1488 synodus
943 1437 1178 1479 constituit
1206 1440 1250 1479 et
1280 1437 1470 1492 deputat
1498 1439 1546 1479 in
1574 1438 1753 1481 iudices
1782 1472 1791 1480 .
1827 1471 1835 1480 .
1871 1472 1879 1480 .

112 1504 405 1560 exclusive.¹)

228 1575 581 1630 Subsequenter
613 1590 725 1620 vero
760 1591 896 1631 anno,
931 1578 1031 1621 loco
1064 1582 1109 1620 et
1144 1579 1401 1621 indiccione
1435 1579 1658 1633 predictis
1692 1580 1882 1622 fuerunt

115 1647 328 1690 similiter
351 1649 514 1702 plures
538 1648 719 1691 articuli
744 1650 851 1691 lecti
875 1653 921 1691 et
945 1650 1180 1702 publicati,
1207 1651 1328 1692 inter
1353 1663 1469 1703 quos
1495 1651 1713 1693 articulos
1736 1650 1882 1693 eciam

114 1718 201 1761 fuit
235 1731 438 1772 sequens
470 1720 693 1763 articulus
727 1721 887 1773 lectus,
921 1721 1197 1773 publicatus,
1232 1721 1474 1764 ordinatus
1508 1724 1553 1764 et
1586 1721 1801 1764 decretus
1836 1723 1883 1763 in

113 1789 248 1843 hunc,
275 1791 353 1844 qui
381 1791 604 1844 sequitur,
634 1792 834 1845 modum,
861 1791 1078 1833 videlicet
1106 1792 1180 1833 die
1208 1792 1353 1834 XVII.
1383 1792 1558 1835 mensis
1584 1793 1797 1846 Augusti:

231 1861 387 1914 Nuper
421 1865 714 1904 sacrosancta
748 1865 793 1904 et
826 1862 1108 1905 universalis
1144 1862 1348 1915 synodus
1384 1862 1755 1906 Constantiensis
1788 1875 1882 1904 rev.

116 1931 162 1974 in
191 1931 296 1975 Chr.
324 1945 369 1986 p.
398 1933 439 1975 d.
470 1932 803 1975 Pistoriensem
834 1967 842 1975 .
878 1967 887 1975 .
923 1967 931 1975 .
960 1933 1222 1987 decernit.²)

233 2003 408 2046 Eodem
431 2004 507 2046 die
530 2005 834 2046 commissarii
860 2004 1067 2058 deputati
1090 2005 1149 2046 ad
1170 2007 1314 2047 testes
1336 2005 1688 2058 examinandos,
1713 2008 1760 2047 ut
1781 2017 1885 2058 pre-

117 2074 280 2128 fertur,
304 2078 624 2117 convenerunt
650 2075 697 2116 in
724 2075 860 2118 domo
886 2075 1081 2117 fratrum
1113 2076 1340 2117 Minorum
1367 2079 1412 2118 et
1438 2076 1666 2118 miserunt
1692 2075 1750 2118 ad
1777 2088 1885 2128 que-

74 2140 77 2143 *
118 2145 314 2188 rendum
352 2145 468 2188 duos
505 2146 768 2188 cardinales
807 2146 864 2188 de
902 2146 1088 2188 Ursinis
1125 2150 1170 2188 et
1209 2146 1353 2189 sancti
1393 2146 1548 2199 Marci,
1585 2147 1663 2199 qui
1702 2145 1886 2187 iverunt

117 2219 162 2258 et
206 2220 486 2270 repererunt
530 2218 636 2259 illos
682 2218 885 2270 collegas
930 2220 974 2259 et
1018 2217 1272 2259 Henricum
1318 2216 1376 2258 de
1421 2216 1529 2259 Piro
1573 2219 1885 2270 promotorem

117 2287 312 2341 concilii,
344 2289 422 2341 qui
454 2288 761 2341 componebat
793 2289 1012 2330 articulos
1044 2288 1102 2330 ad
1134 2291 1278 2331 testes
1310 2287 1661 2332 examinandos.
1708 2288 1762 2329 Et
1795 2288 1886 2329 iam

118 2362 261 2402 testes
292 2359 476 2401 adducti
507 2362 640 2401 erant
671 2359 730 2402 ad
761 2359 1054 2412 probandum
1087 2358 1501 2412 dislapidacionem
1533 2361 1579 2400 et
1609 2358 1778 2400 malam
1810 2357 1886 2400 ad-

120 2429 512 2472 ministracionem
549 2443 670 2483 pape
707 2433 753 2472 et
791 2431 838 2472 in
874 2429 1221 2483 provisionibus
1258 2430 1576 2482 ecclesiarum,
1616 2429 1886 2471 monasteri-

120 2513 250 2543 orum
278 2504 324 2543 et
352 2501 692 2544 beneficiorum
722 2514 807 2555 per
837 2501 1093 2554 symoniam
1123 2504 1168 2543 et
1198 2500 1362 2543 sordes
1390 2503 1474 2542 etc.
1506 2501 1699 2553 insuper
1729 2511 1886 2541 rerum

120 2571 537 2615 ecclesiasticarum
569 2572 905 2615 alienacionem
937 2571 1234 2614 temerariam
1266 2574 1310 2613 et
1341 2571 1400 2614 ad
1431 2574 1645 2624 questum
1678 2583 1811 2612 suum
1842 2572 1886 2611 et

122 2641 213 2685 alia
240 2642 496 2696 dampnosa
524 2646 570 2686 et
599 2643 874 2686 scandalosa
904 2642 950 2684 in
983 2655 1065 2685 sua
1094 2641 1503 2684 administracione
1533 2640 1591 2684 ad
1621 2640 1759 2682 finem
1790 2653 1887 2682 sus-

122 2713 361 2765 pensionis
385 2715 487 2756 eius
514 2715 571 2756 ab
597 2714 721 2756 omni
748 2710 1214 2767 administracioneb)

243 2785 368 2827 Inter
387 2786 473 2827 hec
495 2785 612 2827 lecta
635 2785 723 2827 fuit
747 2785 793 2826 in
815 2784 1082 2826 nationibus
1105 2783 1305 2836 quedam
1328 2783 1457 2826 bulla
1479 2782 1647 2836 Angeli
1670 2781 1886 2824 Corrario

125 2854 230 2898 dicti
253 2855 467 2909 Gregorii
491 2856 594 2898 XII.
631 2856 774 2899 Cuius
796 2858 930 2897 tenor
952 2855 1059 2897 talis
1081 2857 1168 2896 est:

228 2960 258 2990 α)
277 2939 509 2992 Sugamb-
546 2959 580 2991 b)
603 2960 640 2984 (':
661 2961 695 2986 et
714 2958 782 2986 alia
802 2957 942 2993 dampna
963 2957 995 2985 in
1017 2965 1076 2985 sna
1094 2957 1395 2985 administratione.

245 3007 276 3049 ¹)
305 3006 533 3050 Einsetzunf]
557 3008 627 3042 der
651 3008 796 3042 iudices
821 3016 1032 3047 causarum,
1058 3006 1178 3041 Hardt
1203 3006 1269 3047 IV,
1297 3004 1381 3048 172;
1409 3005 1534 3039 Mansz'
1560 3004 1628 3038 XX
1642 3002 1717 3043 VII,
1743 3003 1820 3037 643.

242 3054 274 3095 ²)
307 3054 533 3098 Besa-quisse
561 3054 691 3089 dieser
720 3054 884 3096 iudices;
913 3054 1033 3088 Har-dt
1063 3053 1128 3094 IV,
1156 3053 1244 3095 492,-
1276 3052 1401 3087 Mansi
1430 3051 1500 3085 XX
1512 3050 1588 3092 VII,
1619 3050 1686 3085 784
1699 3049 1725 3092 f.
