2227 3434
698 150 788 184 1416
813 149 892 185 Juli
916 150 937 183 4
962 170 1002 174 —
1031 149 1175 193 August
1199 149 1231 183 9.
1762 149 1848 191 455

85 268 192 310 dum
252 268 604 321 prohibencium
664 267 996 310 correctionem
1055 270 1247 320 propter
1308 267 1576 309 scandalum
1637 267 1850 318 ecclesie,

85 339 277 380 tercium
314 338 642 381 infamancium
678 339 905 380 zelatores
940 337 1244 380 correccionis
1280 337 1556 389 symoniace.
1604 336 1849 379 Sciendum

85 422 170 462 pro
196 410 360 463 primo,
388 409 511 462 quod
538 408 799 451 huiusmodi
829 409 1080 450 suadentes
1109 408 1384 450 dilacionem
1412 407 1675 460 penitencie
1704 418 1850 459 usque

87 480 144 522 ad
169 479 374 522 futurum
401 492 568 533 papam
594 483 784 533 peccant
807 484 964 522 contra
991 479 1264 532 scripturam
1292 479 1494 521 divinam
1520 481 1564 519 et
1589 478 1851 519 humanam.

88 584 96 592 .
133 584 140 592 .
177 585 185 592 .
210 551 278 592 En
302 550 492 593 morbus
517 549 807 602 symoniacus
832 550 1124 592 continuatus
1149 562 1233 602 per
1260 561 1406 591 annos
1431 548 1675 590 XXXVIII
1698 547 1853 601 perni-

87 620 196 663 ciosi
247 621 474 663 scismatis
522 624 625 674 eget
673 633 764 662 non
813 621 962 662 solum
1010 620 1192 661 levibus
1242 620 1524 662 medicorum
1577 618 1762 672 syrupis
1809 622 1854 660 et

87 692 354 745 emplastris
377 695 426 734 et
449 692 713 745 glysderiis,
741 694 810 734 set
838 691 1078 733 acerrimis
1105 690 1299 743 insuper
1325 691 1668 743 cyrurgicorum
1696 689 1855 731 inscis-

89 762 210 805 suris
237 766 283 805 et
307 762 538 815 cauteriis,
567 763 752 815 qualem
777 762 1094 814 expertissimi
1125 761 1290 802 medici
1318 761 1363 802 in
1391 761 1475 804 hoc
1504 773 1635 803 sacro
1662 759 1855 802 concilio

88 834 255 887 spiritu
279 836 436 876 sancto
459 833 724 886 congregati
747 845 903 875 curam
927 835 1151 874 conantur
1175 843 1427 884 apponere,
1450 835 1683 884 tamquam
1707 830 1855 872 morbi

90 904 215 947 illius
243 907 389 946 tractu
418 903 641 956 temporis
670 903 929 955 scientifici,
959 907 1003 946 et
1034 903 1101 944 illi
1131 902 1409 944 defensores
1439 902 1643 955 allegant
1672 901 1857 943 dilacio-

89 987 195 1017 nem
216 987 302 1028 pro
325 975 481 1017 futuro
503 974 724 1027 pontifice
746 987 866 1016 novo
890 974 1067 1016 medico
1091 977 1134 1015 et
1158 974 1459 1026 singulariter
1482 973 1741 1025 inexperto,
1765 972 1856 1025 qui,

89 1046 175 1088 etsi
210 1049 334 1088 tante
369 1045 491 1087 foret
523 1045 850 1099 perfeccionis,
886 1049 934 1087 ut
968 1057 1067 1087 cum
1106 1045 1240 1086 beato
1276 1044 1413 1085 Petro
1448 1043 1859 1087 anathematizaret

90 1116 359 1169 preteritam
388 1117 644 1169 symoniam
673 1119 718 1158 et
747 1116 965 1168 futuram,
996 1115 1143 1158 adhuc
1172 1118 1264 1157 tam
1295 1127 1406 1157 sane
1438 1114 1614 1156 mederi
1643 1113 1859 1167 nequiret

89 1190 280 1241 propter
304 1187 557 1229 zelatorum
582 1186 847 1229 absenciam
871 1190 915 1229 et
940 1187 1226 1239 singularem
1251 1185 1308 1228 ad
1333 1185 1486 1228 omnia
1510 1185 1857 1238 experienciam

89 1258 205 1301 sicut
232 1258 317 1300 hoc
344 1270 526 1300 sacrum
555 1257 796 1300 concilium
824 1261 1015 1311 propter
1043 1257 1325 1298 medicorum
1354 1255 1741 1308 habundanciam,
1767 1255 1858 1297 nisi

91 1341 192 1370 cum
216 1328 357 1371 Petro
378 1329 597 1381 exemplo
622 1329 803 1370 Ananie
829 1341 929 1370 cum
958 1328 1157 1381 Zaphira
1186 1328 1303 1381 (Act.
1330 1327 1404 1380 V.)
1435 1327 1570 1369 simul
1598 1325 1861 1367 destrueret

90 1402 303 1442 naturam
331 1412 432 1442 cum
460 1399 622 1442 morbo
650 1434 658 1441 .
694 1433 702 1441 .
739 1434 746 1441 .

94 1541 205 1585 1416
238 1541 418 1595 August
450 1541 489 1584 9.
528 1568 576 1572 —-
614 1541 897 1583 Andreas
964 1553 1071 1582 ron
1137 1539 1410 1582 Escobur
1473 1538 1519 1581 Ο.
1572 1539 1614 1581 S.
1668 1538 1713 1579 B.
1778 1549 1860 1589 ep.

446 1611 884 1654 Civitatensis.

210 1682 336 1716 Tea-1
357 1692 367 1716 .·
404 1682 473 1716 Hei
496 1683 541 1717 48
563 1682 589 1725 Ῐ.
615 1683 668 1716 29.

210 1740 598 1783 Abscondita
648 1744 788 1783 sunt
838 1741 907 1782 ab
957 1740 1162 1782 oculis
1209 1739 1336 1781 tuis
1386 1738 1712 1780 sacratissima.
1766 1736 1862 1787 Que

93 1813 279 1865 eloquia
322 1812 495 1854 domini
539 1812 708 1865 scripta
752 1811 1042 1864 originaliter
1085 1811 1190 1852 Luc.
1236 1810 1303 1862 19,
1347 1809 1415 1862 42,
1458 1811 1773 1861 transsumpta
1819 1807 1862 1847 in

93 1884 351 1937 ewangelio
379 1882 619 1936 hodierno,
648 1882 911 1936 diriguntur
940 1883 997 1924 ad
1025 1886 1083 1935 te,
1112 1895 1137 1923 o
1166 1884 1321 1924 sancta
1351 1884 1497 1922 mater
1525 1880 1736 1930 ecclesia,
1767 1912 1774 1919 .
1811 1911 1818 1918 .
1855 1911 1862 1918 .

220 1954 265 1996 In
294 1954 374 1996 illa
400 1958 493 1997 tam
519 1953 929 2006 excellentissima,
957 1957 1048 1995 tam
1078 1953 1216 2004 clara,
1243 1956 1334 1994 tam
1366 1950 1733 2004 supereminenti
1763 1949 1863 1991 luce

96 2025 251 2068 divina
289 2026 490 2067 humane
528 2026 696 2067 mentis
734 2024 856 2067 acies
894 2037 985 2066 non
1023 2024 1197 2077 figitur,
1235 2023 1325 2065 nisi
1362 2035 1446 2076 per
1484 2022 1709 2064 iusticiam
1748 2020 1862 2062 fidei

95 2096 360 2149 inundetur,
387 2109 471 2138 nec
499 2096 554 2138 ad
583 2109 665 2138 sua
691 2096 877 2138 decreta
905 2095 1173 2138 abscondita
1202 2107 1227 2137 a
1255 2093 1424 2135 seculis
1449 2093 1619 2146 poterit
1647 2126 1654 2133 .
1691 2125 1698 2133 .
1735 2125 1742 2132 .
1771 2103 1865 2132 cre-

96 2170 198 2211 atus
232 2168 482 2221 pervenire
518 2180 602 2209 nec
640 2166 1131 2220 incomprehensibilia
1169 2165 1336 2206 iudicia
1373 2164 1472 2205 eius
1509 2167 1585 2205 aut
1621 2162 1866 2214 investiga-

97 2238 219 2282 biles
241 2238 340 2282 vias
360 2238 464 2281 eius
488 2250 781 2291 cognoscere,
803 2237 893 2279 nisi
917 2238 993 2279 det
1018 2236 1133 2278 illud
1156 2237 1356 2289 primum
1380 2247 1465 2276 ens
1488 2237 1532 2276 et
1553 2234 1705 2287 prima
1728 2245 1865 2274 causa

97 2309 242 2351 tocius
270 2321 390 2362 esse,
419 2310 605 2362 plenam
634 2308 969 2361 perfectionem
999 2307 1261 2360 possidenS,
1291 2306 1465 2348 scilicet
1493 2305 1632 2356 Deus,
1662 2303 1739 2356 qui
1768 2303 1866 2345 alti-

98 2380 284 2423 tudines
312 2380 541 2422 moncium
573 2379 807 2432 conspicit,
839 2379 915 2431 qui
947 2378 1272 2431 congniciones
1305 2377 1540 2419 hominum
1573 2374 1867 2417 absconditas

98 2451 194 2493 scit.
238 2451 351 2503 Quis
382 2450 618 2493 hominum
652 2450 874 2502 mortalis,
907 2462 995 2502 que
1031 2449 1184 2491 anima
1218 2447 1464 2490 racionalis
1497 2446 1665 2499 poterit
1699 2444 1865 2487 intueri

100 2522 226 2564 illam
256 2522 404 2564 lucem
436 2520 970 2574 incomprehensibilem,
1001 2531 1278 2573 cognoscere
1311 2519 1441 2560 illum
1471 2517 1720 2559 candorem
1751 2518 1868 2556 eter-

99 2592 268 2645 naIem,
314 2591 672 2645 apprehendere
721 2591 835 2633 illud
883 2591 1122 2643 speculum
1171 2588 1503 2640 absconditum,
1551 2587 1671 2640 quod
1721 2587 1866 2627 lucem

100 2663 241 2706 habet
265 2663 651 2714 inaccessibilem,
675 2662 796 2715 quod
823 2663 981 2703 nullus
1004 2660 1240 2703 hominum
1267 2660 1529 2701 mortalium
1556 2657 1666 2699 vidit
1692 2656 1866 2698 oculis‘.>

101 2733 382 2776 Abscondita
413 2745 524 2786 ergo
555 2737 659 2775 sunt
689 2736 868 2774 secreta
899 2731 1088 2774 celestia
1120 2732 1178 2773 ab
1208 2731 1353 2772 oculis
1385 2730 1485 2771 eius
1518 2762 1526 2769 .
1563 2762 1570 2769 .
1607 2762 1614 2769 .

221 2815 446 2857 Ecclesia:
483 2815 518 2857 O
540 2815 694 2857 anima
807 2814 940 2856 michi
966 2814 1070 2855 data
1094 2816 1165 2855 est
1185 2815 1391 2865 potestas
1417 2812 1461 2852 in
1486 2811 1585 2852 celo
1608 2813 1651 2850 et
1676 2809 1721 2849 in
1746 2812 1869 2850 terra

103 2898 187 2939 per
216 2885 408 2928 Jhesum
441 2884 687 2938 Christum,
719 2884 848 2926 cuius
878 2896 1046 2925 nomen
1078 2883 1361 2935 divulgatum
1394 2893 1540 2933 usque
1572 2880 1629 2921 ad
1659 2878 1867 2920 ultimum

104 2959 228 2998 terre
250 2960 299 2999 et
321 2968 410 3009 *per
435 2955 581 3008 ipsius
607 2955 854 2997 adventum
881 2955 1131 2996 translatas
1157 2956 1226 2994 est
1251 2953 1335 2993 hec
1363 2954 1566 3004 potestas
1593 2950 1637 2990 in
1663 2948 1870 2990 christia-

102 3038 267 3068 norum
296 3025 556 3068 ecclesiam.
602 3025 656 3067 Et
688 3025 796 3067 dicit
827 3024 1089 3067 Hostiensis
1119 3023 1237 3065 hanc
1269 3021 1534 3075 opinionem
1568 3019 1869 3073 approbatam
