2227 3434
128 337 203 408 Β.
269 337 419 407 Der
453 335 644 407 liber
676 337 1074 423 gestorum
1114 337 1251 408 des
1289 337 1774 410 Cerretanus,

190 479 244 521 In
276 478 446 522 Christi
478 479 665 521 nomine
698 491 846 523 amen.
891 479 1026 521 Anno
1057 492 1082 521 a
1113 480 1352 522 nativitate
1385 481 1559 523 domini
1590 482 1838 525 millesimo

0 589 2 594 .
71 549 532 604 quadringentesimo
577 550 720 591 tercio
768 549 959 602 decimo,
1006 550 1306 602 pontificatus
1354 551 1395 593 d.
1444 551 1671 595 <Iohannis
1716 566 1837 607 pape

70 619 243 663 XXIII.
272 632 395 663 anno
422 622 600 673 quarto.

0 678 7 746 s
187 690 406 745 Sequitur
431 690 553 733 liber
581 690 677 734 sive
706 694 965 744 regestrum
993 691 1197 733 omnium
1224 695 1473 745 gestorum,
1500 697 1593 736 tam
1621 698 1726 736 ante
1753 708 1839 748 pro

0 785 4 798 τ
70 763 188 805 sacri
222 761 404 804 concilii
437 761 673 815 generalis
707 761 1045 814 celebracione,
1081 775 1219 815 quam
1256 764 1301 804 in
1339 764 1440 816 ipso
1477 777 1607 806 sacro
1643 765 1836 808 concilio

0 828 3 880 ξ
70 832 422 876 Constanciensi
459 831 645 874 iniciato
681 832 757 874 die
792 832 944 885 prima
980 832 1155 875 mensis
1191 833 1466 877 Novembris
1503 848 1624 877 anno
1661 835 1835 878 domini

0 919 2 921 ·
68 903 304 946 millesimi
328 902 776 956 quadringentesimi
800 903 951 955 quarti
975 903 1155 956 decimi,
1180 904 1478 956 pontificatus
1501 905 1672 958 prefati
1698 906 1738 948 d.
1763 907 1837 949 Jo-

0 1027 2 1030 ,
61 973 232 1018 hannis
250 973 423 1016 XXIII.
445 986 567 1016 anno
582 974 741 1026 quinto
757 973 1036 1027 compositus
1052 985 1138 1026 per
1152 985 1225 1015 me
1242 974 1269 1016 J
1272 974 1464 1016 acobum
1481 974 1537 1018 de
1555 974 1837 1020 Cerretanis.

186 1044 426 1087 Johannes
449 1045 698 1098 episcopus
724 1057 888 1088 servus
913 1057 1152 1088 servorum
1180 1046 1264 1087 Dei
1291 1046 1471 1090 dilectis
1495 1047 1612 1090 filiis
1636 1048 1837 1090 Antonio

0 1133 4 1149 ⁸»
69 1115 187 1158 tituli
223 1118 380 1158 sancte
415 1115 588 1158 Cecilie
621 1115 899 1168 presbytero
933 1119 979 1158 et
1013 1116 1260 1158 Francisco
1295 1120 1555 1159 sanctorum
1591 1118 1757 1160 Cosme
1793 1122 1838 1161 et

0 1185 1 1190 ’
70 1186 283 1229 Damiani
312 1185 518 1239 diacono,
547 1200 581 1229 s.
609 1186 660 1228 R.
691 1199 730 1228 e.
760 1176 1092 1239 cardinalibus,
1123 1176 1374 1240 apostolice
1405 1187 1530 1231 sedis
1558 1190 1724 1242 legatis
1752 1202 1836 1231 nec

68 1269 162 1300 non
184 1256 354 1300 dilecto
375 1257 479 1300 filio
500 1257 647 1299 nobili
671 1257 771 1299 viro
799 1257 1001 1299 Manueli
1026 1257 1333 1310 Chryssolora
1357 1259 1490 1301 militi
1517 1259 1838 1302 Constantino—

69 1328 275 1382 politano
302 1327 500 1371 salutem
527 1331 572 1370 et
600 1329 900 1381 apostolicam
928 1328 1315 1371 benedictionem.
1357 1329 1469 1372 Cum
1497 1342 1582 1373 nos
1608 1330 1765 1374 multis
1792 1334 1837 1373 et

69 1398 237 1442 validis
261 1398 520 1442 rationibus
544 1398 731 1451 inducti,
754 1412 840 1452 pro
864 1398 1117 1441 directione
1142 1402 1188 1442 et
1209 1400 1500 1443 exaltacione
1525 1402 1670 1444 status
1692 1401 1837 1443 60016-

68 1470 136 1512 sie
164 1472 209 1512 et
236 1469 535 1512 ordinacione
563 1469 799 1524 generalis
827 1469 1008 1512 concilii
1035 1473 1081 1512 et
1109 1471 1215 1513 aliis
1243 1470 1399 1513 multis
1428 1483 1478 1513 ac
1507 1470 1665 1513 arduis
1694 1471 1836 1514 rebus

6 1564 12 1568 -
70 1543 253 1583 auctore
288 1539 474 1583 domino
506 1540 790 1594 peragendis
824 1541 881 1583 ab
915 1540 1088 1583 intimis
1123 1540 1503 1584 affectaverimus
1535 1542 1759 1584 hactenus
1793 1545 1837 1584 et

67 1611 415 1665 presentialiter
446 1610 723 1654 affectemus
756 1612 802 1653 in
836 1612 993 1665 aliquo
1024 1612 1124 1654 loco
1153 1611 1336 1664 ydoneo
1366 1625 1564 1654 unacum
1596 1613 1836 1655 carissimo

69 1681 116 1724 in
154 1681 337 1726 Christo
375 1682 477 1724 filio
515 1685 675 1725 nostro
713 1682 1009 1736 Sigismundo
1050 1683 1096 1724 in
1137 1695 1295 1736 regem
1336 1683 1647 1725 Romanorum
1689 1684 1836 1725 electo

68 1751 238 1795 illustri
268 1754 568 1807 personalem
600 1766 899 1807 congressum
930 1753 1122 1806 habere,
1153 1756 1292 1806 prout
1322 1754 1621 1796 serenitatem
1654 1767 1837 1807 quoque

70 1823 278 1866 eiusdem
314 1824 450 1867 electi
486 1824 571 1867 hoc
608 1825 730 1866 idem
767 1823 1064 1878 cognovimus
1101 1824 1341 1872 affectare,
1377 1837 1463 1867 nos
1498 1825 1753 1878 cupientes,
1789 1829 1837 1867 ut

67 1893 330 1937 huiusmodi
367 1907 645 1948 congressus
683 1898 729 1937 et
761 1895 1028 1948 personalis
1065 1895 1328 1947 convencio,
1366 1908 1502 1948 quam
1539 1895 1833 1938 utilissimam

68 1964 168 2008 fore
202 1978 296 2009 non
329 1965 618 2020 ambigimus,
654 1965 876 2009 effectum
911 1966 1127 2009 celeriter
1162 1966 1400 2014 sorciatur,
1435 1966 1832 2020 circumspectioni

68 2038 220 2079 vestre
248 2036 497 2079 ordinandi
526 2040 572 2079 et
600 2036 879 2090 disponendi
909 2040 954 2079 et
983 2036 1290 2079 concludendi
1319 2050 1421 2079 cum
1450 2037 1703 2080 serenitate
1731 2049 1835 2090 pre-

71 2105 152 2149 fati
175 2107 325 2161 electi,
346 2110 396 2150 ut
419 2107 465 2150 in
489 2108 673 2150 civitate
697 2107 938 2159 Januensi,
960 2108 1033 2149 vel
1060 2108 1097 2151 si
1118 2108 1206 2150 hoc
1227 2106 1336 2150 fieri
1359 2120 1451 2150 non
1475 2107 1635 2161 possit,
1659 2107 1706 2150 in
1729 2108 1835 2149 civi-

70 2179 161 2220 tate
180 2177 398 2231 Niciensi,
422 2179 469 2221 in
491 2182 716 2232 tempore,
740 2178 796 2221 de
822 2191 912 2232 quo
937 2179 1058 2221 inter
1081 2191 1162 2221 vos
1187 2181 1232 2221 et
1254 2178 1452 2221 electum
1476 2178 1711 2232 prefatum
1732 2191 1836 2220 con-

69 2248 262 2302 venerit,
291 2248 426 2292 simul
456 2249 771 2303 personaliter
799 2249 966 2292 adesse
996 2252 1042 2292 et
1069 2248 1319 2292 convenire
1349 2249 1617 2301 debeamus,
1646 2249 1833 2302 plenam

71 2321 117 2361 et
147 2318 344 2362 liberam
379 2323 543 2362 tenore
579 2321 876 2373 presencium
913 2319 1208 2363 concedimus
1243 2320 1524 2362 facultatem.
1574 2320 1675 2362 Dat.
1712 2319 1835 2372 apud

72 2391 274 2432 sanctum
303 2390 553 2433 Antonium
583 2393 715 2433 extra
745 2404 902 2434 muros
932 2391 1227 2433 Florentinos
1262 2390 1343 2432 III.
1372 2390 1602 2433 kalendas
1631 2390 1836 2443 Septem-

0 2493 3 2497 .
72 2457 168 2502 bris
200 2461 500 2514 pontificatus
533 2462 680 2505 nostri
717 2474 839 2505 anno
874 2464 1051 2515 quarto.

188 2530 300 2574 Cum
329 2544 415 2576 nos
445 2531 617 2575 dudum
651 2567 658 2574 .
694 2567 702 2575 .
738 2532 788 2586 .¹)

187 2600 576 2657 Gloriosissime2)
602 2602 879 2656 principum,
905 2602 1142 2656 specimen
1165 2602 1350 2645 unicum
1376 2603 1519 2645 seculi
1545 2603 1706 2653 nostri,
1731 2601 1836 2643 reli-

73 2669 221 2722 gionis
251 2672 502 2716 christiane
537 2675 774 2727 singulare
809 2674 1009 2716 culmen!
1059 2674 1228 2716 Fasces
1261 2673 1437 2716 attoniti
1473 2686 1663 2715 cesaree
1698 2673 1836 2714 maie-

17 2791 24 2795 ,
75 2742 202 2786 statis
239 2743 374 2786 michi
418 2744 660 2787 silencium
700 2744 973 2798 indicerent,
1013 2746 1103 2787 nisi
1145 2747 1431 2797 compertum
1473 2747 1597 2787 esset
1638 2747 1681 2785 te
1724 2744 1835 2785 satis

73 2809 288 2856 habunde
311 2815 602 2868 peramplius
629 2815 909 2858 illustratum
933 2828 1040 2858 esse
1065 2816 1273 2857 claritate
1299 2814 1516 2857 virtutum
1542 2827 1678 2867 quam
1705 2814 1835 2866 apice

75 2879 358 2935 dignitatum.
392 2885 542 2938 Unde,
567 2886 604 2929 si
627 2898 832 2939 unquam
856 2886 1050 2929 verbum
1075 2885 1369 2928 enunciatum
1396 2885 1599 2927 auditum
1625 2884 1712 2926 fuit
1735 2896 1834 2925 cum

189 2975 222 3018 1)
249 2957 569 3012 ΙοῆαηηκΧΧΙΙῙ.
601 2978 814 3022 beauftrayt
842 2979 906 3014 die
935 2978 1163 3013 Genannlen
1190 2979 1258 3012 mil
1285 2979 1355 3013 cler
1382 2979 1628 3019 Festsetzunq
1653 2987 1727 3012 von
1754 2976 1836 3011 Zeit

76 3033 152 3067 und
183 3033 247 3069 Ort
278 3035 347 3070 des
377 3035 535 3071 Konzils
567 3037 689 3080 (1413,
720 3037 816 3080 Aug.
848 3037 912 3080 25,-
945 3036 1121 3079 PaMcIcy,
1153 3035 1389 3070 Documenta
1422 3036 1500 3071 513.

189 3090 223 3135 ²)
252 3090 370 3128 Kard.
397 3091 574 3130 Challanl
605 3094 667 3130 bei
695 3094 767 3130 der
792 3093 1140 3138 Zusammenkunft
1168 3093 1237 3129 mit
1266 3093 1497 3138 Siai-emund.
