2102 3444
221 140 306 182 348
758 139 781 172 Ι.
808 138 1018 173 Abschnitt.
1057 137 1457 181 Konzilstagebiicher.

226 257 420 299 Bavarie
444 257 605 298 comite
632 256 917 299 Palatinensi
940 256 1071 307 Reni,
1095 256 1171 309 qui
1197 256 1313 298 alias
1334 269 1420 309 per
1442 256 1675 310 prefatum
1699 256 1741 298 d.
1766 269 1924 310 regem
1946 257 1992 298 in

224 327 324 370 eius
353 340 542 369 recessu
569 330 798 380 protector
825 330 869 368 et
897 326 1120 368 defensor
1148 326 1294 379 ipsius
1322 327 1439 369 sacri
1467 327 1648 369 concilii
1676 327 1897 370 dimissus
1925 327 1993 369 fu-

223 401 337 450 erat,
373 397 687 440 Constantiam
723 401 828 439 sunt
864 397 1078 449 ingressi,
1113 397 1280 450 quibus
1316 398 1415 451 ipse
1451 398 1543 439 dux
1580 396 1789 450 Bavarie,
1824 399 1991 451 prelati

223 472 267 510 et
301 469 378 510 ali-i
413 481 549 521 quam
581 469 742 521 plures
777 468 821 508 in
854 480 985 510 sacro
1019 467 1369 510 Constanciensi
1403 468 1597 510 concilio
1629 469 1886 511 existentes
1917 469 1994 511 ob-

225 539 503 580 viaverunt.
541 576 546 582 .
585 539 634 593 .¹)

342 610 477 652 Anno
507 613 552 651 et
584 609 847 662 indictione,
880 610 1049 662 quibus
1082 623 1236 662 supra,
1269 610 1343 652 die
1376 623 1486 651 vero
1520 610 1626 651 lune
1661 610 1789 652 VIII.
1822 609 1996 652 mensis

226 680 498 722 Novembris
547 680 634 722 fuit
683 679 919 722 celebrata
968 681 1119 723 sessio
1166 682 1404 733 generalis
1605 681 1650 722 in
1702 680 1995 723 multitudine

225 751 466 804 copiosa.²)

344 821 517 863 Eadem
543 821 618 863 die
646 822 762 864 hora
786 822 930 864 tercia
955 823 1029 864 vel
1057 823 1190 875 quasi
1212 826 1319 876 ¹post
1344 822 1588 864 meridiem
1615 821 1753 864 revmi
1779 834 1996 864 reveren-

225 892 363 945 dique
395 905 439 945 p.
473 895 518 934 et
549 893 590 935 d.
625 895 781 935 sancte
813 892 863 935 R.
897 905 937 935 e.
971 893 1248 946 cardinales,
1280 893 1545 946 patriarcha
1579 893 1996 947 Constantinopoli-

224 967 373 1017 tanus,
405 963 757 1017 archiepiscopi,
788 964 1011 1017 episcopi,
1043 963 1235 1007 abbates
1268 965 1661 1017 venerabilesque
1692 963 1890 1018 priores,
1921 964 1996 1006 de-

225 1034 340 1087 cani,
395 1034 708 1076 archidiaconi
765 1034 976 1077 doctores
1019 1035 1255 1088 ceterique
1301 1036 1529 1077 electores
1571 1035 1767 1088 predicti
1812 1034 1996 1077 domum

225 1105 564 1147 communitatis
586 1105 781 1147 civitatis
805 1105 1184 1148 Constanciensis
1205 1119 1291 1159 pro
1313 1106 1518 1148 conclavi
1538 1109 1751 1159 paratam
1772 1119 1859 1159 pro
1878 1107 1998 1148 elec-

225 1176 348 1218 tione
369 1176 563 1218 Romani
586 1176 822 1230 pontificis
844 1176 1127 1219 celebranda
1150 1189 1277 1219 more
1300 1177 1435 1219 solito
1458 1178 1761 1219 intraverunt.

342 1247 426 1288 Die
457 1247 574 1289 iovis
606 1247 653 1289 in
684 1247 806 1289 festo
837 1247 982 1290 sancti
1017 1247 1200 1290 Martini
1232 1248 1437 1301 episcopi
1467 1248 1714 1290 undecima
1746 1247 1997 1301 supradicti

226 1318 399 1360 mensis
432 1317 706 1360 Novembris
738 1318 875 1359 revmi
910 1318 1254 1371 reverendique
1287 1331 1329 1371 p.
1364 1322 1409 1360 et
1441 1318 1483 1360 d.
1517 1319 1661 1360 sancti
1696 1318 1745 1360 R.
1778 1331 1818 1361 e.
1851 1318 1998 1362 cardi-

224 1389 370 1441 nales,
399 1389 677 1444 patriarcha,
708 1388 1060 1442 archiepiscopi,
1089 1390 1312 1442 episcopi,
1343 1389 1536 1432 abbates
1566 1389 1739 1442 aliique
1770 1390 1998 1432 electores

224 1459 419 1512 predicti
449 1460 497 1502 in
528 1460 734 1502 conclavi
764 1460 974 1513 predicto
1004 1461 1261 1502 existentes
1294 1469 1481 1502 revmum
1514 1460 1560 1501 in
1593 1459 1698 1502 Chr.
1729 1473 1772 1514 p.
1804 1463 1850 1502 et
1880 1460 1922 1502 d.
1954 1460 1996 1502 d.

224 1530 463 1573 Oddonem
490 1531 634 1573 sancti
662 1531 850 1585 Georgii
875 1531 932 1573 ad
958 1531 1113 1572 velum
1139 1543 1332 1573 aureum
1359 1532 1603 1573 diaconum
1627 1531 1914 1573 cardinalem
1939 1531 1996 1573 de

225 1602 450 1644 Columna
478 1602 732 1655 vulgariter
758 1605 1088 1655 nuncupatum,
1115 1601 1309 1645 nacione
1337 1602 1608 1655 Romanum,
1635 1602 1925 1645 concorditer
1951 1602 1997 1644 in

226 1673 480 1715 Romanum
508 1672 778 1726 pontificem
808 1674 1065 1726 elegerunt.
1107 1673 1192 1725 Qui
1226 1672 1449 1715 Martinus
1477 1685 1599 1727 papa
1627 1672 1815 1726 quintus
1842 1674 1996 1732 vocari

226 1743 370 1786 voluit
394 1747 438 1786 et
463 1744 527 1787 sic
553 1779 560 1787 .
597 1778 605 1785 .
641 1778 649 1786 .
675 1757 775 1786 cum
802 1744 1175 1787 solemnitatibus
1199 1747 1245 1786 et
1267 1744 1421 1786 leticia
1445 1744 1534 1786 fuit
1558 1743 1875 1787 intronisatus.

344 1862 374 1903 ¹)
404 1862 450 1895 Es
474 1861 605 1905 folqen
628 1863 650 1896 f.)
676 1862 779 1896 Ieere
804 1862 965 1904 matter,-
991 1862 1093 1897 dann
1117 1862 1142 1906 f.
1166 1862 1353 1897 328—432
1381 1872 1450 1897 nur
1473 1862 1582 1896 mehr
1605 1862 1668 1897 die
1694 1861 1906 1906 officiellen
1931 1861 1997 1895 Be-

226 1921 345 1955 siz-lete.
371 1921 440 1954 der
467 1921 665 1954 Sesse'mies
696 1931 778 1955 vom
805 1922 859 1955 15.
887 1920 942 1961 X..
970 1923 1000 1955 5.
1030 1920 1106 1961 XI..
1133 1921 1188 1955 28.
1216 1919 1292 1962 XI..
1327 1921 1374 1955 14.
1402 1919 1500 1961 XII..
1527 1920 1582 1954 24.
1610 1919 1696 1954 XII.
1726 1920 1828 1961 1416,
1854 1919 1909 1955 20.
1935 1918 1997 1955 11..

223 1980 256 2012 3.
283 1977 373 2019 III.‚·
409 1978 530 2012 Hardl
555 1978 620 2020 IV,
644 1978 872 2021 912—11f29;
900 1979 1026 2013 Mans&
1050 1978 1209 2019 XXVII,
1233 1978 1454 2013 948—1019.
1494 1978 1621 2013 Ueber
1645 1978 1710 2013 die
1735 1977 1888 2022 Sitzzmg]
1911 1987 1995 2013 vom

224 2041 254 2069 Ν.
283 2036 352 2070 III.
383 2037 471 2070 1417
500 2037 671 2071 bemerlst
700 2036 931 2071 Cerretanus
960 2037 1068 2071 leura:
1111 2037 1220 2072 Anno
1248 2037 1467 2079 indictione,
1495 2037 1635 2080 quibus
1662 2046 1789 2080 supra,
1815 2036 1879 2072 die
1905 2046 1996 2070 vero

226 2096 314 2129 lune
345 2097 474 2129 octava
505 2095 565 2129 vel
599 2096 707 2139 quasi
739 2098 823 2138 post
854 2095 1021 2130 mediam
1053 2097 1199 2130 noctem
1232 2094 1458 2130 Constancie
1489 2095 1527 2128 in
1557 2095 1639 2130 loco
1670 2094 1855 2130 sessionis
1885 2095 1996 2130 solito

229 2153 296 2187 l'uit
333 2156 436 2188 tenta
472 2156 507 2187 et
543 2154 778 2195 solemniter,
813 2156 852 2187 ut
890 2154 1006 2189 moris
1042 2156 1110 2195 est,
1145 2154 1338 2188 celebrata
1373 2154 1495 2188 sessio
1530 2154 1724 2198 generalis
1759 2156 1996 2188 sacrosancte

225 2213 361 2254 synodi
392 2211 711 2253 Constanciensis,
743 2212 781 2245 in
814 2222 888 2255 qua
918 2212 1090 2247 sessione
1121 2213 1249 2248 omnia
1279 2215 1361 2247 acta
1391 2215 1427 2247 et
1458 2212 1634 2246 ordinata
1664 2211 1702 2246 in
1732 2221 1913 2256 processu
1944 2213 1997 2246 in-

226 2270 450 2313 quisicionis
477 2273 606 2317 contra
634 2270 787 2305 Petrum
816 2272 864 2305 (le
894 2272 1010 2313 Luna,
1039 2271 1285 2306 Benedictum
1317 2271 1423 2306 XIII.
1452 2282 1474 2305 a
1502 2271 1698 2306 nonnullis
1726 2273 1997 2314 nuncupatum,

229 2329 380 2371 plenius
402 2329 645 2363 continentur
665 2332 700 2363 et
725 2330 811 2364 ideo
834 2329 894 2364 hic
919 2330 1037 2364 inseri
1059 2331 1215 2364 fuerunt
1237 2333 1394 2373 propter
1417 2330 1644 2364 brevitatem
1667 2329 1820 2365 omissa.
1860 2328 1997 2363 Weiter

227 2387 270 2430 (Ῐ.
296 2388 477 2431 432-67)
502 2387 632 2431 folqcn
658 2388 721 2422 die
746 2388 1005 2430 almemeinen
1030 2388 1378 2423 Sessionsbere'clzle
1407 2398 1490 2424 vom
1520 2390 1570 2424 10.
1597 2388 1679 2430 III.‚
1702 2389 1758 2424 31.
1783 2387 1833 2422 II.
1858 2388 1998 2433 (Hardt

228 2445 292 2482 11'.
321 2446 567 2485 7147—1206;
596 2446 721 2480 Mansi
749 2445 905 2487 XXVII.
933 2447 1147 2491 1035—70).
1172 2457 1237 2481 zur
1264 2446 1390 2481 Sessio
1416 2456 1501 2481 vvom
1530 2449 1557 2481 1.
1584 2446 1638 2481 IV
1665 2447 1838 2481 bemerkt
1865 2457 1905 2481 er
1929 2447 1997 2480 dus

226 2503 374 2543 uleIclee
403 2504 472 2537 wie
496 2514 563 2537 :ur
587 2503 714 2537 Sessio
742 2514 822 2539 rom
849 2508 881 2539 ὅ.
907 2504 988 2540 ΙΙΙ..
1013 2506 1116 2540 datm
1140 2505 1203 2540 (lie
1229 2505 1403 2540 Bere'chte
1428 2506 1497 2540 der
1523 2505 1726 2549 Sanun-qen
1755 2515 1838 2540 vom
1862 2507 1894 2540 3.
1921 2503 1996 2540 IV..

236 2563 281 2596 12.
317 2562 362 2603 1'..
391 2564 442 2597 18.
477 2562 543 2603 1⁷1„
567 2562 622 2597 23.
659 2562 745 2604 Vll„
772 2564 823 2597 13.
859 2562 1023 2604 1‘111.‚3.
1049 2563 1125 2599 IX..
1148 2564 1203 2597 23.
1230 2563 1306 2605 IX.,
1328 2564 1360 2597 9.
1388 2563 1442 2600 X..
1465 2566 1520 2600 30.
1548 2563 1590 2598 Χ.
1625 2563 1746 2598 Hardt
1770 2562 1835 2605 Il',
1863 2563 1994 2598 1216—

235 2621 336 2660 1457,-
361 2620 486 2654 Mansi
509 2620 666 2663 XXVII,
691 2621 931 2656 1075—1166.

344 2679 376 2719 ²)
403 2678 522 2712 Hardl
548 2679 613 2719 IV,
642 2679 841 2721 1163—7&
869 2679 994 2714 Mcmsi
1018 2679 1177 2721 XXl'II,
1204 2681 1397 2715 1167—71.
