2227 3434
538 199 577 234 B.
616 199 696 234 Der
719 199 819 235 liber
843 202 1037 244 gestorum
1064 200 1134 234 des
1160 198 1402 234 Cerretanus.
1769 200 1857 243 269

202 316 625 360 Reverendissimis
659 351 667 358 .
703 351 711 358 .
747 352 755 359 .
790 317 1047 360 Novissime
1082 352 1090 359 .
1126 351 1134 359 .
1171 351 1179 359 .
1224 317 1393 360 Vester
1425 316 1572 359 frater
1605 317 1856 370 archiepis-

87 400 231 441 copus
266 388 617 431 Narbonnensis
655 392 700 430 et
739 402 772 431 s.
810 389 860 430 R.
899 401 938 430 e.
978 388 1318 442 camerarius.¹)

204 458 610 501 Excellentissimo
634 459 831 512 principi
859 459 1157 512 Sigismundo
1184 493 1192 501 .
1228 493 1236 501 .
1273 493 1281 501 .
1308 460 1405 512 regi
1432 458 1566 501 fratri
1592 458 1727 500 nobis
1753 471 1857 511 pre-

86 529 340 573 carissimo.

204 601 611 643 Excellentissimo
650 601 851 654 principi
890 600 1185 654 Sigismundo
1240 638 1246 645 .
1284 635 1291 642 .
1328 635 1336 643 .
1380 600 1705 643 Ferdinandus
1759 635 1766 642 .
1803 634 1810 641 .
1848 634 1855 641 .

86 672 185 714 Non
220 671 501 715 desistentes
535 671 582 713 in
617 675 766 714 actum
803 671 1049 724 deducere,
1085 672 1208 725 quod
1245 685 1386 725 super
1423 672 1721 714 assecucione
1757 672 1857 712 uni-

84 742 188 786 onis
216 743 414 786 ecclesie
445 743 562 785 alias
592 746 747 785 vestre
779 743 1094 785 intimavimus
1124 743 1367 795 maiestati,
1399 743 1500 784 heri
1533 743 1610 784 die
1640 742 1856 784 mercurii

87 813 203 856 XIII
223 813 459 868 presentis
481 826 567 857 nos
591 826 682 856 una
706 815 843 857 simul
867 827 969 855 cum
993 815 1162 856 ceteris
1183 814 1474 867 principibus
1497 817 1542 856 et
1565 813 1856 867 magnatibus

87 897 139 927 ac
163 884 269 928 aliis
295 885 353 927 de
378 885 464 927 hac
489 884 763 927 obediencia
787 897 872 938 per
899 888 1108 927 oratores
1135 888 1320 927 nostros
1348 886 1640 927 sanctissimo
1666 884 1708 926 d.
1735 897 1856 938 pape

86 955 336 998 Benedicto
368 960 413 999 et
442 957 611 998 ceteris
641 956 698 998 de
731 955 858 998 curia
889 957 1096 998 Romana
1125 955 1350 1009 quasdam
1382 955 1719 1009 requisiciones
1750 954 1856 996 fieri

87 1026 298 1080 fecimus,
339 1039 536 1080 quarum
575 1028 731 1080 copias
773 1027 927 1069 eidem
968 1027 1254 1068 excellencie
1297 1028 1518 1068 mittimus
1558 1026 1857 1080 presentibus

89 1098 380 1141 interclusas.
433 1097 726 1141 Confidimus
766 1099 905 1150 enim,
945 1101 993 1140 ut
1031 1098 1175 1151 prius,
1215 1098 1261 1139 in
1301 1098 1556 1140 clemencia
1595 1098 1695 1151 Dei,
1736 1096 1857 1150 quod

87 1181 181 1211 non
206 1169 358 1212 deerit
383 1169 486 1212 eius
512 1169 558 1210 in
586 1169 784 1211 ecclesia
810 1172 963 1222 optate
991 1169 1176 1211 unionis
1203 1168 1416 1211 effectu-s.
1459 1169 1556 1213 Dat.
1588 1168 1858 1221 Perpiniani

88 1240 174 1282 sub
204 1243 366 1284 nostro
396 1240 552 1294 sigillo
582 1244 762 1283 secreto
792 1240 946 1282 XIIII.
980 1240 1056 1282 die
1089 1240 1377 1292 Novembris,
1410 1252 1532 1282 anno
1563 1252 1588 1282 a
1620 1239 1857 1282 nativitate

88 1311 262 1354 domini
295 1311 640 1354 M⁰CCCC⁰XV⁰.

206 1382 321 1426 Cum
345 1383 677 1426 serenissimus
702 1383 744 1425 d.
770 1395 854 1424 rex
878 1383 1145 1436 Aragonum
1173 1417 1180 1424 .
1217 1416 1224 1424 .
1261 1417 1269 1424 .
1295 1383 1426 1424 cuius
1450 1382 1647 1424 intersit.
1686 1381 1858 1423 Paulus

90 1454 425 1508 secretarius.²)

207 1525 534 1568 Ferdinandus
573 1525 657 1567 Dei
695 1525 850 1578 gracia
890 1559 897 1566 .
934 1559 942 1566 .
978 1559 985 1566 .
1025 1523 1314 1567 Reverendis
1353 1559 1360 1566 .
1398 1558 1405 1566 .
1441 1558 1449 1566 .
1487 1523 1722 1578 predictis.
1773 1523 1860 1565 Da-

89 1598 186 1639 tum
219 1597 346 1652 etc.³)

205 1667 480 1710 Beatissime
518 1668 668 1721 pater!
722 1667 1064 1720 Supplicacioni
1105 1670 1151 1710 et
1187 1666 1488 1720 requisicioni
1529 1700 1536 1708 .
1573 1700 1580 1708 .
1617 1700 1624 1707 .
1665 1665 1860 1708 alterius

89 1738 306 1782 cuiusvis.
342 1738 518 1782 Paulus
539 1739 876 1792 secretarius.⁴)

206 1809 485 1864 Capitulum,
512 1810 635 1863 quod
662 1809 788 1851 venit
814 1809 872 1852 de
899 1809 1129 1851 Avinione
1158 1810 1204 1850 in
1232 1808 1385 1851 littera
1413 1811 1734 1850 mercatorum.

208 1881 301 1923 Ista
340 1893 476 1923 mane
514 1893 564 1923 ce
603 1880 686 1923 che
725 1881 770 1923 lo
809 1880 1106 1934 Imperadore
1144 1892 1170 1921 e
1209 1879 1410 1922 dacordo
1448 1878 1506 1921 de
1544 1881 1663 1921 tutto
1697 1879 1767 1921 col
1807 1890 1857 1919 re

91 1952 350 2006 Daragona,
385 1951 602 2006 Spagnia,
637 1952 846 1994 Nauarra
881 1954 927 1993 et
960 1952 1066 2004 ogni
1105 1951 1224 1993 altro
1256 1954 1303 1992 et
1338 1963 1365 1993 a
1400 1951 1538 1992 Piero
1573 1950 1618 1991 di
1654 1949 1785 1991 Luna
1820 1950 1857 1990 si

89 2022 194 2066 leva
218 2022 486 2066 lubidienza
512 2023 588 2065 del
613 2025 727 2065 tutto
752 2027 799 2066 et
820 2022 1099 2065 ciascheuno
1124 2021 1328 2075 diquesti
1353 2021 1411 2064 de
1437 2020 1658 2063 mandare
1687 2020 1729 2062 al
1756 2032 1860 2061 con-

89 2093 207 2136 cilio.
240 2093 370 2137 Omai
393 2094 438 2136 la
458 2106 565 2137 cosa
583 2106 676 2136 non
697 2106 758 2147 po
779 2093 954 2136 andare
974 2093 1244 2136 sennonche
1265 2093 1400 2134 bene.
1437 2092 1535 2134 Dat.
1557 2092 1605 2133 in
1625 2091 1858 2133 Auinione

91 2163 166 2207 die
193 2164 297 2208 VII.
326 2164 612 2215 Decembris.

206 2235 292 2278 Die
329 2236 446 2278 iovis
480 2235 695 2278 XXVIII.
732 2235 1007 2278 Novembris
1042 2234 1131 2277 fuit
1165 2234 1271 2277 data
1306 2246 1397 2276 una
1433 2233 1599 2275 cedula
1633 2245 1693 2275 ex
1727 2235 1858 2286 parte

90 2305 213 2360 regis
241 2306 507 2360 Aragonum
537 2306 640 2348 duci
670 2309 715 2348 et
744 2306 848 2349 aliis
877 2305 1086 2359 prelatis,
1116 2305 1193 2358 qui
1222 2308 1356 2347 erant
1385 2305 1432 2346 in
1462 2303 1746 2358 Perpiniano
1774 2316 1860 2356 pro

90 2375 383 2430 imperatore.
432 2365 530 2429 Qua
566 2377 725 2419 habita
761 2377 914 2420 statim
950 2378 1249 2418 recesserunt
1285 2388 1369 2429 pro
1406 2375 1560 2417 eundo
1596 2374 1857 2417 Narbonam

91 2446 150 2490 ad
179 2447 221 2491 d.
251 2447 595 2501 imperatorem.
640 2448 694 2490 Et
724 2447 890 2490 eadem
922 2447 996 2489 die
1029 2449 1327 2489 recesserunt
1358 2446 1524 2488 dehinc
1556 2445 1598 2487 d.
1631 2445 1858 2496 Cartusie,

91 2517 237 2561 frater
266 2518 429 2562 fratris
458 2518 712 2572 Vincencii,
745 2521 789 2560 et
821 2518 898 2561 alii
932 2531 1017 2571 pro
1048 2517 1203 2560 eundo
1234 2517 1292 2560 ad
1324 2515 1656 2570 requirendum
1690 2519 1735 2558 et
1768 2528 1858 2557 mo-

18 2611 22 2615 ·
91 2578 294 2632 nendum
321 2589 509 2632 Petrum
537 2589 595 2632 de
623 2589 767 2642 Luna,
795 2589 918 2642 quod
945 2588 1190 2631 constituat
1217 2601 1325 2631 suos
1353 2586 1647 2630 sufficientes
1671 2590 1716 2628 et
1747 2587 1858 2627 irre-

208 2706 240 2749 ¹)
273 2706 379 2751 Brief
405 2707 474 2742 des
504 2705 744 2750 Erebischofs
774 2716 845 2740 von
873 2705 1079 2740 Narbonae
1108 2716 1157 2740 an
1186 2707 1207 2740 5
1235 2703 1447 2738 Kardiniile
1476 2705 1516 2738 in
1543 2702 1736 2736 Konstan:
1767 2701 1860 2734 iiber

93 2762 277 2800 Benedt‘kt
307 2763 413 2799 XIII.
457 2764 582 2799 Mansi
612 2763 771 2805 XXVII,
799 2764 886 2805 239,·
916 2774 959 2798 zu
992 2763 1222 2797 verbessern
1253 2764 1299 2797 ist
1329 2763 1422 2796 aber
1451 2763 1484 2797 d.
1516 2764 1625 2805 pater
1654 2761 1789 2795 Ranati
1821 2760 1856 2792 in

93 2822 128 2856 d.
150 2821 285 2857 Petrus
307 2823 441 2857 Ravati
464 2823 541 2857 und
565 2822 630 2858 die
651 2822 865 2865 Datieruny
891 2831 972 2857 vom
996 2822 1051 2856 21.
1076 2821 1143 2865 auf
1166 2822 1221 2856 22.
1246 2821 1337 2855 Nov.
1361 2822 1422 2864 (so
1446 2820 1535 2854 Cod.
1561 2820 1598 2855 Β.
1624 2830 1656 2853 u.
1683 2819 1740 2863 C).

209 2880 243 2923 ²)
272 2879 398 2915 Mansi
425 2879 604 2922 XXVIII,
629 2880 709 2915 231.

209 2938 242 2981 ³)
269 2938 560 2983 Autforderuny
585 2937 712 2982 Kb'm'y
737 2938 978 2973 Ferdinands
1004 2948 1051 2972 an
1078 2938 1142 2972 die
1168 2937 1347 2971 Prdlalen
1375 2937 1503 2970 seine3
1529 2935 1689 2969 Reiz-hes
1714 2944 1756 2968 :u
1785 2932 1858 2966 den

103 2994 419 3040 Verhandlunyen
444 2997 534 3031 nach
559 2996 770 3040 Perpinian
793 3006 837 3030 zu
862 2996 1060 3038 hommem
1086 2995 1222 3029 Mans'r
1236 2994 1304 3028 XX
1318 2993 1415 3035 VIII,
1437 2994 1516 3029 232.

210 3054 242 3096 ⁴)
271 3054 436 3089 Erneute
463 3053 951 3097 (L'essions-Aufforderuny
976 3053 1217 3088 Ferdinands
1242 3062 1289 3086 an
1317 3051 1522 3093 Benedikt;
1551 3051 1676 3084 Mansi
1701 3047 1858 3097 XX-VII.

97 3110 186 3146 1093
197 3110 241 3155 ῙΤ.
1852 3106 1855 3110 .
