2102 3444
221 141 306 184 290
757 141 782 175 1.
809 141 1019 176 Abschnitt.
1058 141 1459 186 Konzilstagebiicher.

340 258 493 301 Revmi
514 259 561 301 in
585 259 690 302 Chr.
713 272 756 313 p.
779 263 825 302 et
846 259 887 301 d.
911 260 1027 301 meis
1048 260 1285 313 precipuis
1308 260 1349 302 d.
1372 260 1574 303 Ostiensi
1596 261 1994 315 vicecancellario,

225 329 281 372 de
309 330 538 383 Challant,
565 330 905 384 Cameracensi,
933 330 989 372 de
1016 330 1206 373 Salutiis
1232 335 1277 373 et
1304 333 1447 374 sancti
1480 332 1617 374 Marci
1644 346 1678 374 s.
1705 333 1754 374 R.
1783 344 1821 374 e.
1849 332 1995 374 cardi-

223 400 423 444 nalibus.

341 472 493 514 Revmi
519 485 560 526 p.
592 475 636 514 et
656 472 704 522 d.
734 506 742 514 .
779 506 785 513 .
823 506 830 513 .
859 473 961 513 heri
990 474 1146 526 recepi
1176 474 1355 516 litteras
1383 474 1424 515 d.
1454 474 1682 517 Johannis
1707 474 1766 516 de
1793 473 1995 528 Oppizis,

225 556 339 595 quas
364 543 664 596 presentibus
690 543 967 585 interclusas
995 543 1125 586 vobis
1151 544 1291 586 mitto.
1332 545 1387 587 Ut
1411 558 1454 598 p.
1481 559 1520 587 v.
1548 558 1582 587 r.
1607 557 1701 588 non
1726 546 1900 588 lateant
1925 557 1995 598 ea,

225 627 313 667 que
341 615 499 656 sencio
527 614 583 655 de
613 618 657 656 et
683 626 826 668 super
854 614 987 656 factis
1016 615 1212 657 ecclesie
1241 619 1285 658 et
1312 616 1419 669 quia
1446 629 1531 669 per
1558 616 1842 658 relacionem
1870 615 1996 659 Guil-

224 685 380 727 honeti
411 697 572 727 earum
602 685 841 738 portitoris
872 689 917 728 et
948 686 1210 739 aliquorum
1241 686 1457 728 fidelium
1489 688 1768 730 servitorum
1799 687 1995 730 ecclesie

225 755 291 798 sui
323 755 573 810 advisatus‚
605 756 865 809 expediens
895 769 1016 810 esse,
1044 770 1198 810 ymmo
1229 761 1273 800 et
1302 758 1634 812 necessarium,
1666 758 1789 811 quod
1820 759 1921 812 ipse
1953 758 1995 800 d.

225 827 463 869 doh-annes
496 827 553 869 de
586 826 772 880 Oppizis
805 827 972 881 saltim,
1004 831 1249 881 postquam
1280 829 1359 871 alii
1391 841 1496 871 esse
1528 842 1621 871 non
1652 832 1861 883 possunt,
1893 842 1997 883 pre-

225 909 333 940 sens
361 898 419 941 sit
444 911 530 951 pro
556 902 689 951 parte
717 900 835 940 sacri
864 899 1047 941 concilii
1074 899 1150 941 die
1177 900 1272 941 XX.
1301 900 1438 942 huius
1466 901 1513 941 in
1540 901 1654 953 loco,
1680 900 1760 942 ubi
1786 903 1882 943 tres
1909 903 1997 943 sta·

224 972 297 1012 tus
320 969 452 1023 regni
473 969 706 1022 Aragonie
731 969 859 1012 iuxta
880 971 1147 1012 mandatum
1170 971 1349 1024 regium
1372 972 1621 1013 convenire
1647 971 1820 1014 debent
1841 971 1889 1014 in
1913 984 1996 1014 sua

225 1040 464 1093 presentia
495 1053 580 1093 pro
614 1040 747 1083 factis
781 1041 966 1083 unionis
999 1042 1195 1083 ecclesie
1228 1054 1313 1095 per
1347 1055 1481 1084 suum
1514 1046 1694 1095 patrem
1728 1041 1996 1084 recollende

224 1112 447 1153 memorie
480 1111 721 1164 concupite
755 1115 799 1154 et
831 1113 937 1154 aliis
970 1113 1072 1155 eius
1105 1116 1271 1155 statum
1305 1117 1348 1155 et
1382 1126 1576 1166 regnum
1609 1113 1998 1156 concernentibus

226 1182 419 1236 ipseque
457 1182 498 1224 d.
535 1182 774 1224 Johannes
812 1184 858 1224 in
894 1183 1117 1236 expensis
1153 1184 1379 1226 deficeret
1415 1188 1459 1226 et
1493 1188 1686 1238 propter
1720 1185 1806 1227 hoc
1840 1184 1997 1226 redire

226 1254 382 1307 vellet,
417 1253 522 1296 misi
559 1254 648 1296 sibi
684 1267 770 1308 per
803 1254 956 1307 ipsum
994 1254 1278 1297 Guilhonum
1316 1255 1348 1297 C
1386 1256 1572 1298 francos
1607 1258 1652 1297 et
1687 1256 1810 1298 ultra
1843 1255 1998 1298 eidem

226 1323 460 1368 Guilhono
486 1325 543 1366 de
569 1326 794 1378 expensis
820 1325 1019 1379 providi,
1044 1329 1094 1368 ut
1120 1326 1185 1368 sic
1211 1327 1258 1367 in
1285 1330 1412 1368 tanta
1437 1327 1801 1380 congregacione
1829 1326 1999 1379 aliquis

225 1408 310 1448 pro
340 1408 471 1438 sacro
501 1395 696 1439 concilio
724 1396 973 1439 interesset
1002 1399 1047 1438 et
1074 1396 1196 1439 facta
1225 1397 1421 1440 ecclesie
1452 1397 1539 1439 Dei
1568 1397 1626 1439 ad
1655 1398 1926 1440 memoriam
1955 1397 1998 1439 d.

226 1468 333 1509 novi
372 1467 495 1520 regis
533 1470 579 1509 et
616 1467 827 1521 aliorum,
866 1468 944 1521 qui
980 1467 1209 1521 prodesse
1245 1472 1454 1521 possunt,
1493 1468 1757 1521 reduceret;
1798 1469 1837 1511 si
1874 1467 1998 1510 enim

227 1538 316 1579 iam
347 1537 683 1590 premissorum
714 1539 853 1580 trium
886 1541 1086 1581 statuum
1117 1539 1364 1581 vocacione
1397 1539 1632 1592 publicata
1663 1539 1720 1581 de
1753 1539 1817 1581 ibi
1849 1551 1999 1581 reces-

228 1608 379 1662 sisset,
410 1609 659 1651 multorum
691 1610 837 1651 eciam
868 1622 1141 1670 magnorum
1171 1613 1217 1652 et
1247 1613 1487 1663 potentum
1519 1610 1578 1652 ad
1607 1622 1770 1664 pacem
1802 1610 1999 1652 ecclesie

223 1679 519 1722 tendencium
540 1680 679 1723 corda
700 1681 820 1723 forte
842 1680 1099 1733 trepidiora
1119 1681 1303 1723 reddita
1322 1681 1537 1734 fuissent,
1557 1681 1678 1735 quia,
1698 1684 1746 1723 ut
1765 1680 2004 1723 advisatus

229 1763 344 1804 sum,
378 1763 471 1793 non
504 1751 702 1794 deerunt
736 1750 909 1794 domini
944 1752 1001 1794 de
1034 1752 1165 1794 Luna
1198 1752 1452 1795 servitores
1485 1765 1571 1806 pro
1604 1752 1880 1795 obediencia
1912 1751 2001 1795 sibi

229 1821 470 1865 reddenda
502 1822 773 1876 laboraturi,
806 1823 922 1865 sicut
952 1823 1043 1865 iam
1073 1825 1430 1876 temptaverunt.
1474 1823 1529 1866 Et
1561 1823 1681 1865 forte
1713 1822 1851 1865 revmi
1880 1835 1924 1877 p.
1958 1822 2000 1864 d.

230 1894 320 1934 mei
356 1893 742 1947 metuendissimi,
777 1894 1038 1947 expediens
1073 1894 1209 1947 foret,
1245 1894 1369 1948 quod
1402 1907 1462 1936 ex
1496 1897 1630 1948 parte
1666 1895 1785 1937 sacri
1820 1893 2002 1936 concilii

231 1965 395 2006 saltem
436 1964 594 2018 aliqua
630 1964 803 2007 nobilis
842 1977 1060 2019 persona,
1100 1966 1139 2007 si
1179 1965 1270 2007 alia
1309 1965 1590 2008 ambassiata
1630 1966 1717 2007 cito
1755 1964 1872 2007 mitti
1908 1977 2001 2007 non

231 2039 388 2088 posset
429 2035 486 2078 ad
527 2035 764 2077 dominum
803 2048 973 2078 novum
1013 2048 1171 2090 regem
1213 2036 1473 2078 mitteretur
1512 2049 1613 2078 cum
1654 2036 1821 2078 litteris
1859 2035 1918 2078 de
1957 2038 2002 2077 et

232 2118 373 2159 super
395 2106 541 2159 patris
565 2107 636 2149 sui
661 2106 857 2149 transitu
879 2107 1202 2150 consolatoriis
1226 2110 1271 2149 et
1293 2107 1626 2160 prosecucione
1650 2110 1695 2149 et
1717 2119 2003 2149 consumma—

231 2177 361 2219 cione
393 2188 569 2230 eorum,
600 2190 689 2231 que
719 2190 805 2230 per
837 2178 877 2219 d.
909 2190 1042 2220 suum
1073 2181 1254 2231 patrem
1285 2178 1437 2231 ipsum
1468 2181 1699 2220 conventu
1727 2177 2002 2220 concordata

231 2251 276 2290 et
305 2248 537 2300 promissa
569 2248 760 2291 fuerunt
792 2261 878 2302 pro
910 2249 1082 2290 unione
1115 2249 1314 2291 ecclesie
1349 2252 1505 2291 sancte
1541 2249 1627 2290 Dei
1661 2248 2002 2302 consequenda.

233 2320 385 2361 Ceteri
417 2318 778 2362 ambassiatores
808 2319 926 2361 sacri
954 2319 1134 2361 concilii
1165 2323 1209 2361 et
1238 2319 1527 2362 serenissimi
1554 2319 1780 2373 principis
1807 2319 1849 2361 d.
1877 2319 2002 2372 regis

232 2391 544 2432 Romanorum
570 2402 756 2443 semper
783 2391 979 2443 augusti,
1006 2391 1095 2431 iam
1123 2391 1201 2432 diu
1226 2394 1309 2443 est,
1335 2390 1520 2432 iverunt
1545 2391 1602 2432 ad
1628 2402 1774 2444 regna
1799 2389 2002 2432 Castelle

232 2464 276 2503 et
306 2460 526 2503 Navarre.
575 2460 685 2502 Ideo
717 2461 765 2502 in
797 2460 1062 2513 supradicta
1095 2461 1459 2514 congregacione
1490 2464 1738 2514 presentes
1771 2473 1876 2503 esse
1910 2472 2003 2502 non

232 2534 439 2584 possunt.
488 2530 757 2574 Altissimus
795 2545 876 2574 vos
912 2535 1157 2574 conservet
1195 2531 1408 2574 feliciter.
1459 2531 1622 2585 Script.
1660 2531 1890 2574 Avinione
1928 2531 2002 2573 die

232 2602 382 2656 prima
420 2602 537 2647 Maii.
587 2602 729 2645 Totus
763 2605 918 2644 vester
954 2602 1000 2644 F.
1038 2602 1416 2656 archiepiscopus
1452 2602 1770 2644 Narbonensis
1805 2615 1841 2645 s.
1877 2602 1926 2644 R.
1962 2614 2002 2643 e.

233 2672 498 2716 cardinalis.

350 2744 510 2786 Revmo
542 2744 590 2786 in
624 2744 729 2786 Chr.
762 2757 805 2797 p.
838 2747 884 2785 et
916 2744 957 2785 d.
990 2744 1031 2785 d.
1066 2743 1112 2785 F.
1148 2744 1230 2785 Dei
1264 2745 1419 2796 gracia
1452 2743 1801 2797 archiepiscopo
1832 2743 2004 2785 Narbo-

235 2815 395 2859 nensis
423 2827 605 2857 necnon
636 2813 892 2857 camerario
924 2828 958 2856 s.
989 2814 1039 2855 R.
1071 2826 1110 2856 e.
1140 2813 1487 2856 Avinionensis.

351 2886 512 2928 Revme
540 2887 587 2928 in
617 2886 723 2928 Chr.
750 2898 795 2939 p.
824 2888 869 2927 et
897 2885 956 2927 d.!
1001 2885 1142 2926 Prout
1168 2897 1255 2937 per
1281 2885 1398 2927 alias
1426 2888 1580 2926 vestre
1610 2884 1775 2938 scripsi
1803 2884 2005 2938 paterni-

236 2957 313 2998 tati
342 2956 495 2999 omnia
524 2969 609 3010 per
637 2957 678 2998 d.
709 2957 1038 3009 imperatorem
1067 2955 1342 2997 concordata
1370 2956 1653 3008 presentavi‚
1681 2955 1741 2997 ita
1769 2955 1892 3008 quod
1919 2967 2005 3008 pro

236 3030 367 3078 parte
395 3030 553 3070 nostra
579 3027 722 3069 nichil
749 3029 893 3069 restat
920 3026 1121 3079 amplius
1147 3026 1318 3067 facere.
1361 3026 1455 3078 Ego
1482 3038 1595 3068 vero
1622 3026 1713 3068 iam
1741 3024 1909 3068 abhinc
1935 3037 2005 3066 re-
