2227 3434
543 201 579 236 B.
622 203 699 235 Der
725 202 824 235 liber
847 204 1040 245 gestorum
1067 202 1136 234 des
1163 200 1404 236 Cerretanus.
1772 202 1858 244 339

91 319 249 363 missa!
295 320 403 363 Post
432 319 780 372 expeditionem
813 320 858 361 in
891 319 1094 362 Castella
1126 319 1375 371 obtentam,
1407 319 1463 360 de
1495 331 1584 372 qua
1616 319 1859 361 serenissi-

91 403 215 433 mum
242 395 287 433 et
314 390 665 432 invictissimum
694 391 735 432 d.
764 393 973 432 nostrum
1001 391 1330 443 imperatorem
1356 392 1403 431 et
1429 403 1472 443 p.
1501 403 1541 431 v.
1572 403 1606 432 r.
1635 402 1736 431 cum
1763 402 1858 431 rev.

92 465 223 515 patre
245 461 693 514 honorabilibusque
717 464 761 502 et
783 461 984 514 egregiis
1008 460 1120 503 viris
1144 461 1185 502 d.
1214 460 1436 503 Michaele
1460 464 1505 502 et
1527 460 1753 502 Ottobono
1775 463 1858 501 etc.

93 532 214 575 binis
235 533 595 575 cercioravimus
619 532 786 574 litteris
809 532 924 574 istuc
947 531 1198 573 redeuntes
1223 531 1575 573 serenissimum
1600 531 1859 584 principem

93 603 134 645 d.
161 615 318 656 regem
343 603 547 645 Navarre
574 602 737 656 primo,
763 615 788 644 a
814 615 903 655 quo
931 603 1056 644 iuxta
1082 602 1439 655 promissionem
1466 602 1582 645 alias
1608 601 1790 655 factam,
1817 604 1861 643 et

93 673 264 716 deinde
284 674 343 716 ad
365 674 595 716 illustrem
616 673 875 727 principem
898 673 939 715 d.
962 674 1174 714 comitem
1198 673 1328 726 Fuxi,
1351 686 1376 715 a
1398 686 1489 726 quo
1511 673 1649 715 etiam
1670 672 1861 726 expedi-

92 744 264 786 tionem
303 744 586 787 obtinuimus
626 745 670 785 in
711 744 940 795 omnibus,
980 745 1081 786 laus
1121 743 1318 796 Christo,
1357 743 1540 787 felicem
1580 747 1624 785 et
1661 744 1860 786 votivam

93 815 221 857 iuxta
242 815 374 858 dIctis
395 815 595 857 dominis
616 818 663 857 et
683 815 820 857 nobis
844 815 1061 867 iniuncta,
1082 818 1133 856 ut
1154 815 1200 855 in
1215 814 1384 857 litteris
1399 817 1445 856 et
1460 814 1726 856 auctenticis
1743 813 1861 865 aliis,

93 898 182 939 que
222 885 494 940 deferimus,
533 886 821 928 documentis
860 885 1083 927 videbunt
1121 899 1158 929 v.
1201 898 1236 927 r.
1275 898 1318 938 p.
1357 885 1585 927 contineri
1623 884 1860 938 laciusque

93 959 314 1000 oretenus
343 956 674 999 reserabimus.
718 956 821 998 Una
850 969 951 998 cum
983 957 1098 1010 ipsis
1129 956 1170 998 d.
1207 956 1429 998 Michaele
1461 959 1507 998 et
1535 955 1761 998 Ottobono
1791 967 1863 996 us-

93 1040 182 1081 que
213 1027 272 1071 ad
304 1028 515 1071 Castrum
549 1028 605 1069 de
636 1027 908 1080 Vindifolio,
940 1027 1202 1069 Tholosane
1235 1027 1449 1079 diocesis,
1482 1039 1574 1068 non
1606 1026 1705 1068 sine
1739 1029 1862 1068 metu

94 1099 407 1152 periculorum
448 1102 492 1140 et
533 1098 864 1151 discriminum,
906 1098 1013 1151 quia
1052 1110 1138 1151 per
1178 1098 1442 1151 Bearnium,
1485 1098 1738 1151 Bigorram,
1781 1097 1863 1138 La-

93 1168 325 1212 vandebot
354 1172 401 1211 et
430 1169 546 1212 alias
576 1172 734 1222 partes
764 1169 993 1211 Vasconie
1026 1169 1083 1211 ab
1115 1169 1250 1211 annis
1282 1168 1382 1211 fere
1415 1168 1612 1211 infinitis
1642 1168 1864 1210 insecuri-

93 1242 184 1282 tate
215 1240 376 1282 solitas
405 1239 611 1293 gaudere
645 1240 772 1283 salve
804 1244 959 1282 tamen
991 1240 1216 1282 venimus.
1260 1238 1352 1282 Sed
1384 1239 1582 1282 Tholose
1615 1242 1659 1281 et
1691 1238 1863 1280 ibidem

94 1313 315 1364 percepto
344 1310 545 1353 eundem
577 1310 929 1353 serenissimum
962 1310 1003 1353 d.
1037 1314 1246 1353 nostrum
1278 1310 1605 1364 imperatorem
1638 1309 1787 1352 adhuc
1818 1309 1865 1350 in

95 1380 262 1425 Galliis
289 1382 362 1423 vel
390 1381 559 1435 Anglia
588 1381 759 1435 degere
789 1381 929 1423 iidem
958 1381 1000 1424 d.
1034 1381 1225 1424 Michael
1255 1385 1300 1423 et
1328 1381 1582 1423 Ottobonus
1611 1380 1862 1422 decrevere

94 1464 180 1505 per
209 1452 434 1494 Alvernie
467 1456 512 1495 et
543 1452 880 1495 Bituricensem
912 1453 1033 1494 viam
1066 1452 1274 1495 Parisius
1307 1452 1365 1494 ad
1398 1452 1549 1506 ipsum
1582 1451 1623 1493 d.
1656 1454 1865 1494 nostrum

96 1523 425 1576 imperatorem
458 1522 679 1565 accedere
712 1536 889 1576 nosque
923 1535 1088 1566 versus
1119 1523 1443 1566 Constanciam
1475 1523 1562 1565 iter
1595 1522 1864 1565 continuare

96 1593 286 1648 debere,
310 1594 426 1638 sicut
446 1593 757 1637 continuando
779 1594 853 1636 hic
875 1594 978 1635 heri
999 1594 1300 1647 pervenimus
1322 1597 1367 1635 et
1390 1593 1670 1636 animalibus
1692 1594 1865 1636 nostris

97 1666 386 1707 recreatione
413 1665 534 1707 bene
561 1665 878 1718 indigentibus
904 1665 1132 1707 modicum
1160 1665 1382 1708 recreatis
1408 1665 1497 1707 iter
1523 1665 1675 1718 ipsum
1701 1664 1760 1706 ad
1785 1676 1867 1705 vos

97 1735 281 1779 Christo
308 1736 439 1790 duce,
469 1738 689 1790 quantum
719 1736 1008 1789 possibilitas
1036 1735 1247 1788 facietur,
1276 1735 1663 1789 continuabimus,
1690 1737 1866 1787 cuncta,

97 1819 186 1859 que
213 1806 406 1860 egimus,
433 1807 704 1849 ennaraturi
731 1820 770 1849 v.
797 1819 832 1849 r.
859 1819 917 1860 p.,
945 1806 1113 1860 quibus
1141 1806 1474 1860 significamus,
1501 1806 1625 1859 quod
1651 1805 1867 1848 infallan-

97 1881 169 1920 ter
192 1877 410 1932 Castelle,
434 1878 638 1920 Navarre
663 1880 708 1919 et
733 1877 849 1919 Fuxi
875 1878 1237 1920 ambassiatores
1263 1877 1609 1920 sufficientibus
1632 1876 1868 1930 potestati-

98 1947 186 1991 bus
208 1948 392 1991 suffulti
416 1961 523 1992 suos
546 1948 751 2002 dirigunt
771 1961 961 2002 gressus
984 1948 1041 1990 ad
1064 1961 1103 1990 v.
1127 1961 1161 1990 r.
1184 1961 1227 2001 p.
1253 1983 1260 1990 .
1297 1982 1305 1990 .
1341 1982 1349 1990 .
1384 1948 1614 2001 Scriptum
1636 1948 1866 1989 Avinione

100 2018 176 2061 die
198 2019 342 2062 sancti
366 2018 680 2062 Bartholomei
705 2019 902 2061 XXIIII.
928 2018 1102 2061 mensis
1126 2019 1334 2072 Augusti.
1370 2019 1526 2061 Vestri
1550 2019 1750 2061 humiles
1774 2031 1868 2061 ser-

100 2089 272 2133 vitores
292 2089 569 2133 Lambertus
593 2089 650 2132 de
673 2089 835 2144 Stipite
859 2090 1001 2144 prior,
1027 2090 1192 2132 Petrus
1216 2090 1272 2131 de
1298 2089 1475 2132 Trilhia
1500 2089 1867 2132 archidiaconus.

218 2160 303 2202 Die
331 2161 510 2204 sabbati
539 2161 699 2214 quinta
727 2160 900 2203 mensis
928 2160 1216 2214 Septembris
1245 2163 1454 2203 oratores
1482 2160 1716 2202 solemnes
1745 2172 1868 2202 sere-

100 2230 279 2273 nissimi
312 2230 537 2285 principis
571 2232 613 2273 d.
649 2232 772 2285 regis
808 2231 1072 2285 Aragonum
1110 2232 1155 2273 in
1191 2234 1417 2285 apparatu
1451 2231 1734 2284 pulcerrimo
1767 2243 1868 2272 cum

101 2300 347 2344 tresdecim
382 2302 542 2345 salmis
576 2306 620 2344 et
653 2305 836 2344 centum
869 2306 914 2344 et
947 2302 1107 2344 decem
1142 2302 1274 2355 equis
1309 2301 1631 2344 Constanciam
1666 2304 1773 2343 sunt
1806 2301 1870 2342 in-

101 2371 262 2424 gressi.
299 2372 475 2424 Quibus
499 2372 804 2415 obviaverunt
828 2375 961 2415 extra
983 2376 1163 2427 portam
1188 2385 1273 2426 per
1296 2385 1512 2426 magnum
1536 2373 1742 2426 spacium
1766 2385 1870 2425 pre-

103 2441 311 2486 sidentes
335 2444 596 2496 nacionum,
624 2442 802 2486 familia
831 2444 872 2485 d.
901 2443 1220 2496 cardinalium,
1249 2444 1610 2486 ambassiatores
1637 2455 1797 2496 regum
1825 2445 1871 2483 et

103 2512 362 2567 principum
395 2514 630 2567 ceterique
663 2514 831 2568 prelati
865 2517 909 2556 et
942 2514 1019 2556 alii
1054 2514 1099 2555 in
1133 2527 1264 2556 sacro
1297 2514 1492 2557 concilio
1526 2513 1869 2557 Constantiensi

103 2583 361 2627 existentes
387 2585 434 2626 in
462 2596 659 2627 numero
686 2585 873 2638 copiosa
901 2597 1076 2638 eosque
1107 2598 1253 2638 usque
1283 2585 1341 2627 ad
1369 2597 1530 2626 eorum
1559 2585 1718 2627 domos
1748 2596 1871 2626 asso-

105 2651 354 2697 ciaverunt.
399 2653 601 2706 Quorum
637 2655 825 2698 nomina
861 2659 967 2698 sunt
1001 2656 1085 2697 hec
1121 2655 1355 2697 videlicet:
1406 2655 1446 2698 d.
1483 2655 1722 2697 Johannes
1757 2654 1871 2706 Ray-

106 2723 260 2766 mondi
289 2724 430 2768 Folch
456 2737 610 2768 comes
638 2725 866 2779 Cardone,
896 2726 937 2768 d.
967 2726 1266 2779 Raymundus
1294 2725 1484 2768 Xatmar
1513 2726 1662 2779 miles,
1690 2724 1732 2767 d.
1760 2724 1871 2778 Spe-

108 2805 217 2837 rans
254 2795 305 2836 <in
348 2795 446 2838 Deo
489 2796 703 2839 Cardona
743 2797 859 2840 iuris
900 2797 1093 2851 peritus,
1137 2797 1178 2838 d.
1223 2796 1561 2839 Gondissalvus
1605 2795 1770 2837 Garsie
1814 2794 1870 2835 de

48 2874 51 2879 ·
107 2867 263 2908 sancta
296 2865 441 2908 Maria
472 2866 765 2909 decretorum
799 2870 844 2909 et
874 2867 917 2909 d.
956 2867 1149 2909 Michael
1183 2867 1240 2909 de
1274 2868 1448 2909 Navers
1481 2867 1722 2918 utriusque
1759 2865 1872 2906 iuris

109 2933 332 2980 doctores,

224 3005 310 3049 Die
335 3006 564 3050 dominica
588 3010 719 3051 sexta
744 3008 919 3051 mensis
942 3007 1231 3061 Septembris
1255 3010 1463 3050 oratores
1489 3007 1723 3049 solemnes
1748 3018 1871 3048 sere-

108 3073 403 3118 nissimorum
432 3078 693 3131 principum
724 3078 765 3119 d.
796 3078 955 3120 Jacobi
985 3078 1108 3131 regis
1137 3082 1183 3120 et
1209 3078 1422 3120 Johanne
1453 3076 1655 3119 secunde
1686 3077 1872 3118 Jerusa-

1580 3158 1660 3199 22
