2227 3434
550 166 592 200 A.
633 165 830 199 Fillastres
860 165 975 199 Gesta
1001 164 1152 198 concilii
1179 163 1493 198 Constantiensis.
1822 164 1903 205 117

142 285 365 339 quosdam
387 284 517 336 alios,
539 283 738 325 maxime
761 282 817 324 de
840 281 1113 324 obediencia
1135 280 1348 333 Gregorii
1371 284 1415 322 et
1437 293 1608 333 paucos
1631 280 1688 321 de
1710 280 1904 321 nacione

143 356 310 407 Ytalie,
334 356 495 408 plures
519 353 577 395 de
599 352 793 395 nacione
819 352 1070 394 Germanie
1095 354 1139 393 et
1163 352 1345 404 Anglie,
1371 363 1459 403 que
1486 350 1630 403 magis
1656 362 1812 402 regem
1837 362 1906 392 se-

142 427 418 480 quebantur,
451 436 729 477 quamquam
765 426 808 464 et
844 422 999 464 multis
1033 435 1125 463 non
1161 422 1367 474 placeret
1403 421 1540 471 idem,
1577 420 1683 473 quia
1719 433 1802 461 rex
1838 433 1906 462 se-

143 497 333 551 pissime
358 499 427 538 est
449 494 495 536 in
517 494 792 536 nacionibus
816 493 1068 535 Germanie
1091 495 1137 534 et
1159 491 1325 544 Anglie
1348 494 1392 532 et
1417 504 1499 533 sua
1523 490 1767 544 presencia
1790 490 1907 532 tollit

143 566 356 621 pluribus
385 565 661 608 libertatem.

262 637 346 678 Die
384 636 571 677 veneris
609 634 789 687 XXVJ)
832 634 957 676 Junii
997 636 1089 675 tota
1127 632 1258 674 nacio
1296 631 1536 684 Hispanie,
1575 630 1789 672 videlicet
1828 630 1909 672 Ca-

144 708 293 760 stella,
327 705 560 760 Aragonia
593 709 639 747 et
674 706 894 756 Navarra,
930 704 1116 745 nemine
1152 702 1496 744 contradicente
1533 701 1910 754 approbaverunt

144 778 352 820 cedulam
389 776 694 819 cardinalium
730 787 873 828 super
908 774 1190 816 electoribus
1225 772 1370 815 futuri
1404 785 1539 825 pape,
1575 771 1698 825 quod
1734 783 1909 814 summe

146 847 378 902 displicuit
416 848 512 900 regi
554 850 599 889 et
635 847 939 887 vehementer
977 845 1277 898 perturbatus
1316 846 1399 885 est.
1457 843 1654 895 Ipsoque
1693 842 1768 883 die
1809 844 1911 894 post

145 918 391 972 prandium
420 916 598 959 vocavit
627 917 805 969 legatos
836 915 1083 968 Aragonie,
1116 914 1192 967 qui
1225 917 1330 956 ante
1362 913 1584 955 tenebant
1614 916 1772 966 partes
1803 924 1910 954 suas

146 993 192 1032 et
211 989 378 1032 acriter
398 988 550 1041 arguit
567 1000 648 1029 eos
667 990 711 1028 et
732 989 970 1040 permotus
991 988 1061 1027 est
1081 998 1183 1026 cum
1204 985 1272 1027 eis
1292 987 1337 1026 et
1356 984 1605 1037 presertim
1626 996 1727 1025 cum
1749 982 1911 1024 comite

147 1060 373 1112 Cardone,
401 1059 549 1101 altero
577 1071 636 1100 ex
666 1057 844 1110 legatis,
872 1057 930 1099 de
959 1069 1049 1110 quo
1077 1055 1222 1109 magis
1251 1055 1518 1096 confidebat
1546 1057 1590 1096 et
1618 1055 1689 1095 cui
1718 1053 1912 1095 dederat

148 1130 371 1172 devisiam
401 1142 530 1171 suam
560 1132 605 1170 et
634 1141 736 1170 eam
766 1127 979 1180 portabat
1007 1130 1053 1168 et
1083 1127 1210 1168 illam
1240 1125 1515 1178 exprobavit
1545 1124 1647 1177 sibi,
1678 1125 1755 1177 qui
1785 1124 1912 1165 illam

147 1201 354 1254 removit,
387 1203 432 1242 et
466 1199 738 1252 aliquandiu
772 1211 863 1240 non
898 1197 1097 1250 portavit
1130 1197 1273 1249 illam,
1307 1199 1460 1238 tamen
1496 1194 1813 1247 reassumpsit.
1860 1194 1913 1235 Et

148 1271 283 1314 valde
309 1283 477 1324 aspere
505 1272 682 1313 locutus
708 1272 778 1311 est
804 1268 890 1319 eis;
918 1269 995 1321 qui
1024 1267 1382 1320 responderunt,
1410 1266 1531 1319 quod
1560 1267 1678 1307 iuste
1704 1265 1914 1307 fecerant

147 1345 192 1386 et
223 1354 273 1385 se
303 1341 479 1384 habere
511 1341 557 1382 In
589 1339 818 1382 mandatis
851 1352 877 1381 a
908 1352 991 1381 suo
1023 1350 1133 1391 rege
1165 1338 1431 1391 Aragonum
1463 1349 1554 1378 non
1587 1336 1855 1389 discrepare
1889 1347 1913 1377 a

150 1413 313 1466 legatis
337 1411 461 1465 regis
487 1411 705 1463 Castelle,
731 1411 808 1463 qui
833 1409 963 1463 prius
990 1410 1118 1451 illam
1143 1408 1354 1450 cedulam
1380 1407 1769 1460 approbaverant.
1807 1405 1915 1448 Cre-

149 1483 359 1536 debatur,
389 1482 509 1535 quod
542 1493 695 1524 comes
726 1480 940 1523 Cardone
973 1483 1097 1521 esset
1129 1480 1297 1532 ligatus
1328 1491 1428 1519 cum
1461 1489 1589 1530 rege3
1623 1477 1723 1529 ipse
1754 1478 1915 1528 postea

151 1554 264 1597 dixit
287 1553 517 1607 pluribus,
542 1552 665 1606 quod
690 1551 968 1605 promiserat
993 1551 1125 1603 sequi
1151 1552 1308 1603 partes
1334 1561 1456 1601 suas,
1481 1547 1701 1601 quamdiu
1725 1547 1846 1588 bene
1872 1549 1917 1588 et

151 1628 274 1667 recte
297 1627 474 1677 ageret3
499 1626 544 1666 et
567 1623 675 1676 quia
700 1622 888 1664 videbat
912 1634 1016 1663 eum
1041 1633 1132 1663 non
1158 1623 1281 1662 recte
1307 1631 1446 1672 agere
1470 1631 1555 1671 pro
1581 1618 1749 1659 unione
1774 1618 1916 1659 eccle-

151 1695 233 1745 sie,
261 1694 451 1736 nolebat
481 1707 585 1736 eum
618 1693 763 1746 sequi.
807 1693 860 1734 Et
892 1692 952 1734 ita
984 1692 1041 1733 de
1073 1692 1241 1733 ceteris
1271 1693 1430 1743 preter
1460 1689 1590 1740 duos,
1621 1688 1697 1741 qui
1731 1699 1917 1739 semper

151 1765 371 1808 favebant
396 1766 508 1818 regi.
548 1764 771 1807 Cedulam
797 1767 952 1805 tamen
979 1762 1296 1815 approbarunt
1323 1764 1367 1802 et
1393 1773 1546 1802 comes
1574 1759 1786 1801 Cardone
1813 1758 1917 1799 viri-

153 1836 257 1879 liter
282 1836 564 1889 sequebatur
590 1834 801 1877 cedulam
828 1837 985 1875 contra
1012 1845 1184 1885 regem.

268 1906 352 1950 Die
383 1906 563 1948 sabbati
595 1906 835 1958 sequentis
865 1917 948 1946 rex
978 1903 1243 1945 convocavit
1272 1901 1568 1954 presidentes
1599 1904 1643 1942 et
1674 1900 1917 1952 deputatos

152 1977 392 2020 nacionum
420 1978 466 2019 in
492 1978 591 2019 loco
616 1976 824 2018 nacionis
851 1975 1002 2017 Ytalie
1029 1977 1073 2015 et
1098 1976 1328 2015 venerunt
1355 1972 1420 2014 illi
1451 1972 1507 2013 de
1535 1971 1728 2012 nacione
1755 1969 1917 2022 Hispa-

152 2048 266 2102 nica,
297 2048 466 2101 quibus
498 2047 627 2099 dixit,
660 2046 781 2099 quod
813 2058 905 2088 non
938 2045 1124 2098 petebat
1157 2057 1238 2086 eos
1269 2046 1314 2085 et
1346 2042 1467 2095 quod
1501 2041 1788 2083 recederent.
1833 2039 1917 2090 Qui

153 2130 252 2160 cum
278 2118 517 2161 tardarent
545 2117 782 2170 recedere,
809 2117 924 2158 dixit
952 2116 1038 2158 eis:
1079 2115 1172 2156 Vos
1200 2114 1443 2165 recedetis,
1470 2113 1543 2154 vel
1570 2125 1654 2164 ego
1682 2110 1915 2159 recedam;

153 2189 268 2232 eatis
297 2189 355 2232 ad
383 2188 623 2231 nacionem
654 2190 869 2239 vestram,
901 2200 985 2239 ego
1016 2186 1076 2227 ibi
1109 2187 1272 2237 loquar
1302 2183 1445 2226 vobis.
1489 2183 1541 2224 Et
1572 2183 1768 2224 iverunt.
1814 2180 1917 2233 Ipse

155 2260 378 2303 allocutus
412 2263 482 2301 est
517 2262 710 2311 ceteros,
745 2261 894 2300 motus
929 2258 1096 2308 animo,
1132 2259 1176 2298 et
1211 2258 1315 2308 post
1349 2255 1490 2296 multa
1526 2252 1762 2303 conclusit,
1797 2249 1917 2303 quod

155 2330 484 2383 procederetur
511 2330 569 2372 ad
596 2329 876 2371 eieccionem
906 2327 1029 2370 Petri
1056 2327 1114 2368 de
1140 2327 1284 2377 Luna,
1309 2328 1353 2366 et
1381 2328 1541 2378 postea
1569 2323 1626 2366 ad
1654 2322 1919 2364 rei'ormaci-

155 2413 289 2442 onem
318 2401 528 2453 ecclesie,
557 2400 727 2442 deinde
757 2399 814 2441 ad
844 2398 1144 2448 eleccionem3
1175 2400 1220 2438 et
1249 2408 1436 2448 semper
1465 2395 1604 2436 habet
1634 2394 1769 2435 istum
1800 2390 1920 2433 ordi-

156 2483 260 2513 nem
286 2471 330 2513 in
355 2471 512 2514 verbo.
549 2469 923 2524 Responderunt,
948 2468 1071 2522 quod
1095 2467 1415 2509 deliberarent
1441 2466 1486 2507 in
1513 2464 1608 2506 suis
1634 2462 1918 2505 nacionibus.

274 2542 451 2584 Deinde
486 2541 698 2584 transivit
732 2541 790 2583 ad
825 2540 1066 2582 nacionem
1101 2537 1398 2590 Hispanicam
1434 2539 1478 2577 et
1513 2535 1574 2576 ibi
1611 2535 1719 2576 fecit
1754 2533 1920 2574 multas

159 2612 374 2664 querelas
405 2612 461 2654 de
495 2612 562 2654 eis
595 2615 639 2653 et
673 2612 864 2653 multum
899 2622 1066 2662 aspere
1102 2610 1318 2660 loquutus
1350 2610 1420 2648 est
1452 2606 1520 2647 eis
1553 2605 1609 2646 de
1645 2604 1724 2646 illa
1757 2602 1920 2644 cedula

159 2683 426 2735 approbata,
451 2686 494 2725 et
521 2682 727 2724 finaliter
755 2681 996 2734 requisivit
1023 2680 1079 2721 de
1105 2678 1339 2720 eleccione
1367 2677 1490 2719 Petri
1518 2676 1575 2717 de
1603 2675 1745 2725 Luna,
1772 2676 1921 2726 prote-

159 2755 285 2795 stans
311 2753 369 2795 de
395 2753 595 2795 fautoria
624 2751 849 2795 scismatis
877 2754 1034 2793 contra
1063 2762 1156 2801 eos,
1184 2749 1275 2790 nisi
1304 2748 1526 2790 facerent.
1566 2746 1679 2788 Cum
1707 2757 1762 2785 eo
1789 2744 1920 2784 erant

163 2823 422 2875 patriarcha
466 2823 796 2874 Antiochenus,
842 2821 1111 2863 Bisuntinus
1155 2823 1199 2861 et
1242 2818 1527 2860 Viennensis
1570 2813 1920 2866 archiepiscopi,

161 2893 404 2946 episcopus
433 2893 774 2935 Attrebatensis
804 2905 887 2946 pro
917 2892 1031 2933 duce
1061 2889 1343 2943 Burgundie,
1373 2888 1450 2940 qui
1480 2890 1612 2928 erant
1643 2885 1699 2926 de
1730 2883 1921 2926 nacione

163 2962 415 3016 Gallicana,
456 2963 819 3006 Mediolanensis
860 2962 1252 3014 archiepiscopus,
1292 2958 1478 3011 quidam
1520 2957 1595 2998 alii
1642 2954 1819 3000 Ytalici,
1860 2956 1922 2994 te-

266 3046 296 3098 α’)
310 3046 452 3093 Fini?
