2102 3444
273 138 356 180 140
806 136 831 171 Ι.
857 136 1069 172 Abschnitt.
1108 136 1507 181 Konzilstagebiicher.

393 256 445 297 In
474 256 725 297 crastinum
756 255 944 297 veneris
974 255 1031 296 de
1062 267 1196 297 mane
1227 255 1366 308 legati
1395 256 1519 309 regis
1551 256 1768 308 Castelle‚
1799 256 1969 299 milites
1993 247 2042 299 ⁴et

273 325 460 378 quidam
489 338 549 367 ex
579 325 775 378 prelatis
806 329 851 367 et
881 325 1064 367 clericis
1095 329 1391 368 recesserunt
1422 326 1478 368 de
1512 326 1802 379 Constancia,
1834 327 1914 368 alii
1945 328 2043 380 qui-

273 395 377 437 dem
409 395 630 449 prohibiti
662 395 794 437 exire
828 395 1166 448 Constanciam,
1200 396 1408 438 finaliter
1440 397 1646 450 episcopi
1681 397 1967 440 Conchensis
1997 401 2043 440 et

275 466 495 509 Pacensis
521 479 614 508 non
642 470 939 508 recesserunt
967 466 1025 508 de
1053 479 1203 508 mane.
1247 466 1522 509 Cardinales
1551 471 1704 509 autem
1732 471 1777 510 et
1806 467 1895 509 due
1922 469 2043 510 naci-

273 549 388 579 ones
421 537 575 579 Ytalia
609 540 653 578 et
686 537 839 579 Gallie
874 537 1118 579 audientes
1152 537 1281 578 illum
1318 550 1553 580 recessum
1588 538 1757 580 turbati
1792 538 2043 591 plurimum

274 611 592 650 convenerunt
631 608 677 649 in
716 607 896 666 palacio
935 611 979 649 et
1017 607 1229 649 videntes
1269 608 1435 651 scisma
1473 608 1631 651 iterari
1672 621 1757 662 per
1795 609 1936 651 talem
1974 621 2045 651 re-

274 691 455 720 cessum
483 681 765 720 vocaverunt
792 678 1036 731 episcopos
1065 678 1385 721 Conchensem
1413 682 1458 721 et
1484 679 1739 721 Pacensem
1767 682 1812 721 et
1839 679 1956 722 alios
1982 680 2046 722 le-

273 752 403 802 gatos
430 749 634 791 Castelle
660 752 705 791 et
730 752 1025 802 rogaverunt,
1051 749 1173 802 quod
1196 762 1289 792 non
1316 749 1603 794 recederent.
1645 750 1698 791 Et
1724 750 1916 792 multum
1940 763 2045 804 per-

275 823 537 872 suaserunt,
566 819 649 862 sed
676 832 768 862 non
796 823 1047 872 potuerunt
1073 820 1299 862 obtinere.
1340 820 1475 862 Unde
1503 820 1888 863 deliberaverunt
1914 820 2045 863 adire

275 902 432 943 regem
461 894 507 937 et
535 890 781 932 adiverunt
811 903 911 932 cum
942 890 1252 944 multitudine,
1281 894 1325 933 et
1353 894 1455 933 erat
1483 904 1568 932 rex
1598 892 1643 932 in
1675 891 1812 933 domo
1838 891 2044 945 episcopi

274 961 580 1003 Pataviensis.
622 960 920 1014 Rogaverunt
948 974 1068 1014 eum,
1099 961 1222 1014 quod
1253 962 1395 1003 vellet
1425 962 1663 1003 declinare
1695 961 1742 1003 in
1773 962 1923 1004 locum
1955 974 2046 1005 am-

274 1032 403 1084 plum
437 1044 523 1084 pro
559 1031 868 1074 multitudine.
918 1032 1070 1074 Noluit
1107 1032 1190 1074 sed
1228 1032 1393 1074 obtulit
1430 1032 1592 1074 audire
1631 1032 1826 1085 aliquos.
1874 1032 2046 1075 Omnes

274 1103 493 1145 volebant
526 1102 756 1144 interesse
791 1105 836 1144 et
869 1103 930 1144 ita
963 1115 1200 1145 recessum
1233 1106 1303 1145 est
1337 1106 1381 1144 et
1414 1103 1754 1155 concordatum,
1788 1103 1912 1156 quod
1943 1106 2046 1157 post

275 1173 519 1215 meridiem
547 1173 594 1215 in
623 1173 827 1216 secunda
856 1173 970 1215 hora
999 1186 1160 1216 omnes
1189 1173 1491 1216 convenirent
1520 1174 1567 1215 in
1597 1174 1796 1216 ecclesia
1825 1174 2048 1217 Constan-

275 1244 422 1287 ciensi
446 1244 493 1285 in
518 1244 619 1286 loco
643 1244 883 1287 sessionis.
921 1244 976 1286 Et
998 1244 1148 1297 posite
1173 1244 1364 1286 fuerunt
1389 1244 1552 1286 cedule
1579 1244 1625 1286 in
1651 1244 1800 1287 valvis
1824 1244 1872 1286 in
1896 1244 2047 1287 forma

276 1314 508 1368 sequenti:

393 1386 564 1429 Omnes
592 1385 821 1428 zelatores
850 1387 978 1439 pacis
1007 1389 1053 1428 et
1081 1387 1268 1428 unionis
1298 1385 1496 1428 ecclesie
1525 1386 1611 1427 Dei
1641 1385 1786 1428 velint
1816 1386 2046 1428 interesse

278 1458 324 1499 in
349 1457 547 1499 ecclesia
574 1457 925 1500 Constanciensi
950 1456 1089 1499 hodie
1113 1457 1229 1499 hora
1255 1457 1458 1499 secunda
1484 1457 1542 1498 ad
1567 1456 1850 1498 audiendum
1875 1460 1921 1499 et
1946 1469 2049 1498 con-

277 1528 525 1570 sulendum
554 1540 624 1581 ea,
654 1541 744 1581 que
774 1528 832 1570 ad
861 1528 1143 1570 obviandum
1173 1528 1362 1570 instanti
1392 1527 1605 1570 iterando
1633 1527 1836 1570 scismati
1864 1540 1951 1581 per
1978 1539 2049 1569 re-

277 1611 459 1642 cessum
483 1600 811 1652 Hyspanorum
836 1602 881 1641 et
905 1598 1010 1652 alia,
1037 1611 1126 1652 que
1152 1598 1211 1641 ad
1234 1598 1578 1652 perficiendum
1604 1598 1825 1640 unionem
1850 1598 2048 1640 ecclesie

278 1670 593 1724 pertinebunt.

397 1741 572 1793 Quibus
609 1740 683 1782 die
720 1744 774 1800 et
800 1741 915 1783 hora
952 1741 1082 1782 multi
1121 1743 1452 1782 convenerunt.
1500 1739 1824 1794 Setexpulsis
1859 1739 1954 1782 illis
1990 1739 2048 1781 de

278 1812 477 1854 ecclesia
510 1812 666 1854 clause
701 1811 893 1854 fuerunt
926 1812 1078 1854 ianue.
1126 1812 1181 1854 Et
1212 1812 1370 1854 nullus
1405 1810 1587 1864 ingredi
1621 1811 1781 1864 potuit.
1830 1810 2048 1853 Clausum

277 1882 423 1925 eciam
459 1882 546 1924 fuit
579 1883 810 1936 palacium
845 1882 1128 1935 episcopale.
1177 1883 1231 1924 Et
1265 1882 1511 1924 multitudo
1542 1881 1864 1934 cardinalium,
1898 1881 2051 1935 prela-

278 1957 428 1995 torum
457 1957 502 1995 et
530 1953 767 1995 doctorum
797 1954 921 1995 stetit
949 1953 996 1994 in
1023 1954 1180 2006 platea
1208 1953 1266 1995 ad
1295 1953 1442 1995 solem
1471 1952 1652 1995 duabus
1679 1951 1782 1994 fere
1809 1952 1953 2004 horis,
1981 1953 2051 1994 set

280 2024 461 2077 ingredi
492 2037 585 2066 non
613 2026 877 2077 potuerunt.
920 2024 1045 2065 Tunc
1076 2024 1168 2066 alta
1196 2036 1306 2066 voce
1336 2023 1423 2065 fuit
1452 2023 1636 2076 dictum,
1665 2022 1789 2076 quod
1817 2022 1864 2064 in
1894 2022 2052 2065 crasti-

279 2108 404 2148 num,
441 2095 615 2137 scilicet
653 2095 860 2147 sabbato,
896 2094 942 2136 in
977 2095 1091 2136 hora
1129 2094 1324 2147 septima
1361 2106 1523 2136 omnes
1559 2094 1863 2136 convenirent
1898 2093 1945 2135 in
1981 2105 2052 2135 ec-

281 2167 438 2218 clesia,
463 2166 501 2209 si
526 2168 707 2219 pateret
732 2166 986 2218 ingressus,
1011 2165 1085 2206 vel
1111 2165 1157 2206 in
1183 2166 1264 2207 illa
1288 2165 1457 2217 platea.

398 2237 483 2279 Die
524 2236 705 2292 sabbati
744 2236 957 2289 sequenti
996 2236 1110 2278 hora
1149 2235 1345 2288 septima
1382 2238 1699 2277 convenerunt
1738 2234 1869 2276 multi
1907 2233 2052 2276 cardi-

280 2308 428 2359 nales,
462 2308 629 2360 prelati
665 2310 709 2349 et
743 2307 821 2349 alii
856 2307 902 2348 in
936 2305 1146 2348 ecclesia.
1194 2306 1248 2348 Et
1280 2319 1381 2347 cum
1415 2305 1666 2348 cardinalis
1699 2305 1898 2347 Pisanus
1933 2305 2052 2346 ince-

282 2379 428 2431 pisset
474 2379 632 2431 legere
680 2377 955 2430 scripturam
1003 2377 1130 2419 illam
1176 2376 1222 2418 in
1267 2377 1463 2418 nacione
1511 2375 1790 2418 Germanica
1835 2376 2052 2427 oblatam,

283 2452 658 2502 supervenerunt
685 2449 846 2501 plures
873 2448 929 2490 de
958 2448 1235 2490 Germanica
1262 2447 1456 2488 nacione
1484 2450 1529 2488 et
1556 2447 1887 2500 Aragonenses
1914 2449 2051 2499 atque

282 2520 545 2574 patriarcha
568 2519 885 2561 Antiochenus
907 2522 951 2560 et
975 2518 1352 2571 archiepiscopus
1381 2517 1744 2560 Mediolanensis
1765 2520 1810 2559 et
1833 2518 2052 2570 loquente

284 2591 402 2632 dicto
426 2591 652 2633 cardinali
680 2590 927 2632 voluerunt
952 2590 1107 2642 aliqua
1133 2601 1411 2642 proponere.
1450 2588 1528 2631 Set
1553 2587 1668 2630 dixit
1690 2588 1762 2630 eis
1785 2587 2052 2638 cardinalis,

282 2662 407 2714 quod
436 2661 721 2703 dimitterent
749 2673 855 2702 eum
885 2659 1117 2712 perficere
1146 2663 1191 2701 et
1219 2662 1381 2712 postea
1411 2659 1699 2701 audirentur.
1743 2658 1796 2700 Et
1826 2657 1933 2711 quia
1961 2657 2053 2700 for-

284 2732 390 2774 titer
415 2732 649 2774 instabant
674 2731 839 2784 audiri,
865 2731 951 2772 fuit
976 2731 1125 2772 factus
1150 2731 1386 2772 tumultus.
1427 2730 1482 2772 Et
1507 2730 1564 2772 ab
1589 2732 1785 2782 utraque
1810 2731 1943 2782 parte
1970 2728 2054 2770 fie-

285 2803 362 2845 bat
388 2815 541 2846 sermo
567 2805 613 2844 et
638 2803 695 2844 ab
719 2804 915 2854 utraque
942 2801 1164 2843 tumultus
1190 2813 1385 2853 magnus
1410 2800 1634 2842 finaliter.
1673 2799 1936 2842 Cardinalis
1961 2799 2052 2841 alta

285 2875 478 2916 multum
515 2886 625 2915 voce
664 2874 825 2926 legens
860 2884 954 2914 non
990 2872 1188 2914 cessavit
1225 2874 1270 2913 et
1305 2871 1383 2913 alii
1420 2873 1718 2912 recesserunt
1753 2873 1799 2912 et
1835 2869 2053 2911 dixerunt

285 2947 461 2998 postea,
490 2944 612 2998 quod
639 2946 866 2985 venerant
894 2955 979 2996 pro
1004 2943 1127 2984 bono
1152 2942 1282 2995 pacis
1309 2945 1354 2983 et
1381 2941 1505 2994 quod
1531 2940 1619 2983 fuit
1644 2941 1715 2983 eis
1741 2940 1862 2983 facta
1887 2951 2053 2993 magna

286 3015 456 3057 iniuria
482 3018 527 3057 et
553 3014 675 3068 quod
702 3014 845 3067 aliqui
872 3015 1153 3055 vocaverunt
1178 3025 1259 3054 eos
1285 3012 1517 3054 hereticos
1542 3014 1588 3053 et
1614 3011 1759 3053 eciam
1785 3023 1943 3064 regem
1969 3010 2055 3052 Ro-
