2102 3444
228 118 311 162 158
760 115 787 151 Ι.
813 115 1024 152 Abschnitt.
1062 113 1464 160 Konzilstagebiicher.

226 249 336 279 vase
370 239 544 289 aperte.
590 236 840 288 Postquam
856 247 1017 277 omnes
1032 237 1304 288 posuerunt,
1320 234 1571 276 cardinalis
1587 233 1891 286 Saluciarum‚
1905 232 1999 286 pri-

226 320 328 350 mus
367 307 603 359 diaconus,
642 306 748 348 illas
787 306 843 348 de
883 318 993 348 vase
1033 305 1294 348 successive
1333 305 1567 359 recipiens
1606 305 1717 358 legit
1755 304 1848 346 alta
1884 315 1995 346 voce

228 378 481 431 quamlibet
504 390 589 431 pro
612 389 677 431 se,
701 380 759 429 et,
783 377 992 430 qualibet
1013 377 1146 429 lecta,
1167 376 1356 430 petebat
1380 376 1437 418 ab
1460 388 1529 429 eo,
1553 376 1683 418 cuius
1705 376 1820 428 erat,
1843 376 1997 416 utrum

226 449 308 491 illa
339 451 465 491 esset
496 460 593 501 sua,
626 450 670 490 et
701 447 943 500 respondit
974 447 1170 500 quilibet
1202 447 1259 488 de
1291 459 1389 499 sua,
1422 446 1546 500 quod
1576 446 1653 489 sie.
1698 445 1813 488 Cum
1841 446 1996 487 autem

225 519 431 572 quelibet
461 519 712 577 legeretur,
741 519 904 572 plures
933 530 1080 571 usque
1112 517 1171 560 ad
1199 529 1445 559 numerum
1474 517 1565 558 XII
1596 515 1864 559 scribebant
1891 517 1997 557 vota

225 590 486 632 cuiuslibet.
531 589 756 632 Omnibus
788 589 933 642 lectis,
965 589 1133 631 iterum
1164 600 1285 631 unus
1318 588 1374 630 de
1407 587 1718 631 scribentibus
1750 588 1856 629 vota
1886 585 1997 640 legit

226 662 397 714 scripta
418 673 503 703 sua
524 661 617 703 alta
638 673 749 702 voce
773 660 832 702 ad
852 659 1190 701 conferendum
1212 672 1314 701 cum
1337 659 1518 711 ceteris,
1541 662 1589 700 ut
1610 657 1769 699 nullus
1791 659 1997 699 errasset

224 732 272 773 in
298 731 559 784 scribendo,
587 735 631 773 et
656 731 718 774 ita
746 731 918 784 scripta
945 731 1100 773 omnia
1127 729 1369 772 verificata
1396 732 1515 771 sunt.
1555 728 1736 770 Deinde
1762 727 1885 770 facta
1909 726 1998 770 fuit

225 802 416 845 collacio
443 802 628 844 numeri
658 801 718 844 ad
745 813 1006 855 numerum,
1037 801 1145 854 quia
1173 801 1304 843 nulla
1334 800 1426 843 alia
1455 799 1672 842 facienda
1701 801 1785 842 est.
1828 798 1884 841 Et
1911 809 1998 852 per

225 873 526 916 collacionem
551 873 709 914 nullus
735 875 952 925 repertus
976 875 1046 915 est
1070 872 1247 914 habere
1272 871 1388 914 duas
1412 874 1570 925 partes
1594 869 1863 923 requisitas;
1891 869 1998 911 licet

224 944 367 997 aliqui
387 946 483 986 tres
505 944 655 986 solum
673 943 918 997 haberent,
939 943 1055 985 duas
1075 943 1215 985 unius
1234 943 1459 995 nacioniS,
1480 941 1638 984 nullus
1659 943 1816 983 tamen
1835 939 1997 982 habuit

225 1015 340 1057 duas
363 1017 522 1068 partes
549 1013 855 1056 cardinalium
879 1025 1034 1067 neque
1061 1013 1258 1056 duarum
1281 1013 1541 1055 nacionum.
1579 1012 1634 1054 Et
1658 1012 1742 1054 illa
1766 1010 1842 1053 die
1865 1010 1996 1052 nulla

223 1086 344 1128 facta
376 1085 464 1128 fuit
495 1084 697 1127 accessio
728 1087 954 1138 votorum,
986 1084 1070 1127 sed
1101 1084 1265 1126 cedule
1297 1083 1506 1127 scrutinii
1537 1082 1775 1125 combuste
1806 1081 1998 1124 fuerunt

224 1160 269 1199 et
295 1159 399 1210 post
425 1156 675 1210 prandium
702 1168 797 1197 non
823 1155 911 1198 fuit
938 1167 1210 1209 processum
1239 1155 1287 1196 in
1314 1155 1521 1207 negociis
1548 1152 1812 1195 eleccionis.

342 1226 527 1269 Diversi
568 1226 882 1268 diversimode
923 1229 1028 1268 vota
1070 1239 1154 1268 sua
1194 1225 1478 1268 emittebant.
1530 1223 1689 1278 Aliqui
1730 1222 1997 1277 allegabant

223 1310 401 1351 causas,
433 1297 514 1340 alii
542 1309 650 1339 non.
693 1297 852 1350 Aliqui
884 1296 1242 1339 nominaverunt
1271 1296 1449 1350 plures,
1482 1295 1627 1349 aliqui
1657 1307 1801 1337 unum
1831 1293 1996 1336 solum.

223 1370 278 1411 Et
310 1370 389 1423 qui
421 1368 599 1422 plures,
633 1368 846 1411 diversas
879 1367 1055 1410 formas
1088 1367 1366 1420 habuerunt,
1401 1366 1589 1420 quidam
1622 1366 1748 1408 enim
1782 1364 1864 1408 sic:
1899 1364 1997 1418 Ego

222 1439 329 1483 talis
355 1439 545 1482 nomino
572 1442 618 1482 et
646 1438 768 1492 eligo
795 1439 843 1480 in
870 1438 1129 1481 Romanum
1156 1441 1201 1481 et
1229 1450 1459 1480 summum
1485 1436 1757 1491 pontificem
1782 1436 1925 1478 talem
1950 1437 1997 1478 et

225 1511 273 1552 in
296 1523 420 1564 casu,
444 1523 535 1564 quo
557 1522 652 1552 non
674 1509 777 1563 erit,
800 1510 990 1552 nomino
1015 1512 1061 1551 et
1085 1508 1206 1562 eligo
1230 1509 1385 1551 talem.
1420 1508 1515 1550 Alii
1539 1520 1652 1550 vero
1674 1507 1887 1550 absolute
1912 1505 1994 1548 sic:

224 1582 320 1636 Ego
348 1582 456 1624 talis
483 1581 673 1624 nomino
702 1584 747 1624 et
775 1580 898 1634 eligo
924 1580 1058 1622 illum
1086 1583 1131 1622 et
1159 1580 1292 1622 illum
1320 1583 1366 1621 et
1393 1579 1538 1623 illum.

341 1652 580 1695 Publicato
607 1651 829 1695 scrutinio
857 1652 1087 1705 apparuit,
1114 1651 1238 1704 quod
1264 1652 1398 1693 erant
1425 1650 1547 1692 inter
1570 1652 1753 1692 ceteros
1783 1648 1891 1703 IIII,
1916 1646 1996 1701 qui

224 1724 386 1778 plures
405 1735 542 1766 voces
562 1723 813 1776 habebant,
834 1722 1053 1765 videlicet
1071 1721 1323 1764 cardinalis
1345 1720 1588 1774 Ostiensis,
1608 1719 1688 1773 qui
1707 1719 1911 1762 habebat
1930 1718 1997 1760 XI

223 1807 360 1837 voces
385 1793 706 1847 cardinalium,
730 1796 826 1836 tres
851 1793 909 1835 de
934 1793 1102 1846 Gallia,
1126 1793 1332 1846 quinque
1357 1791 1415 1834 de
1439 1791 1681 1845 Hyspania
1704 1793 1751 1833 et
1772 1801 1913 1832 unam
1936 1789 1995 1831 de

224 1865 494 1917 Germania3
525 1864 778 1906 cardinalis
807 1864 1131 1916 Veneciarum,
1160 1863 1239 1917 qui
1266 1863 1471 1905 habebat
1498 1862 1659 1904 decem
1686 1874 1825 1904 voces
1850 1859 1997 1903 cardi-

223 1936 413 1990 nalium,
437 1936 552 1978 duas
574 1935 632 1978 de
654 1935 821 1988 Ytalia,
844 1938 939 1977 tres
962 1934 1018 1976 de
1043 1934 1211 1987 Gallia,
1234 1946 1374 1976 unam
1396 1933 1454 1976 de
1475 1932 1721 1987 Hispania;
1743 1931 1996 1974 cardinalis

224 2006 527 2060 Saluciarum,
558 2006 636 2060 qui
667 2005 871 2048 habebat
899 2005 989 2047 XII
1023 2004 1343 2058 cardinalium,
1376 2004 1492 2047 duas
1523 2004 1581 2046 de
1611 2003 1781 2056 Ytalia,
1811 2005 1907 2045 tres
1938 2001 1996 2045 de

225 2078 392 2131 Gallia,
429 2089 570 2120 unam
607 2076 665 2119 de
702 2076 971 2129 Germania,
1010 2075 1214 2129 quinque
1251 2075 1310 2117 de
1348 2075 1606 2129 Hyspania;
1645 2073 1898 2117 cardinalis
1936 2072 1994 2115 de

225 2148 498 2202 Columpna,
526 2148 603 2202 qui
631 2147 834 2190 habebat
861 2150 960 2189 octo
987 2146 1307 2199 cardinalium,
1338 2146 1434 2187 IIII
1462 2145 1629 2199 Ytalie,
1657 2156 1797 2187 unam
1827 2143 1995 2196 Gallie,

223 2222 319 2262 tres
349 2218 616 2272 Germanie,
646 2218 762 2260 duas
790 2218 1044 2270 Hyspanie,
1075 2229 1159 2259 sex
1188 2216 1369 2270 Anglie.
1412 2216 1466 2258 Et
1496 2216 1559 2258 ita
1588 2215 1791 2258 habebat
1819 2213 1997 2258 suffici-

224 2293 358 2332 enter
385 2290 502 2332 duas
525 2289 746 2332 naciones
773 2291 817 2330 et
842 2288 1045 2330 habebat
1072 2287 1129 2329 de
1156 2287 1281 2330 omni
1306 2287 1517 2340 nacione,
1543 2286 1668 2340 quod
1689 2285 1849 2328 nullus
1876 2284 1996 2328 alius

224 2361 439 2404 habebat.
475 2359 636 2414 Aliqui
661 2358 743 2402 alii
764 2358 1002 2401 habebant
1028 2360 1127 2400 octo
1152 2357 1430 2400 cardinales.

341 2430 598 2485 Episcopus
641 2429 971 2473 Gebennensis
1012 2428 1173 2471 habuit
1214 2429 1377 2482 plures
1418 2440 1555 2471 voces
1597 2430 1641 2470 et
1683 2426 1872 2481 quidam
1914 2426 1994 2470 alii

222 2502 400 2556 plures.

342 2573 411 2615 Ex
432 2572 523 2615 hiis
545 2574 734 2614 ventum
757 2573 828 2613 est
850 2570 909 2612 ad
931 2569 1236 2612 accessiones.
1271 2569 1327 2611 Et
1349 2570 1501 2612 statim
1523 2568 1776 2611 cardinalis
1796 2568 1994 2611 Pisanus

224 2657 326 2686 cum
354 2644 528 2698 vigenti
557 2643 710 2697 vocefl)
744 2641 938 2685 accessit
966 2641 1024 2683 ad
1054 2640 1339 2682 cardinalem
1369 2640 1426 2682 de
1458 2639 1729 2693 Columpna.
1773 2639 1877 2682 Fuit
1905 2638 1997 2681 dic-

224 2719 334 2769 tum,
360 2714 483 2768 quod
508 2726 722 2757 accessus
748 2713 983 2755 debebant
1008 2711 1117 2754 fieri
1145 2712 1192 2753 in
1218 2710 1415 2764 scriptis.
1454 2710 1509 2753 Et
1533 2710 1595 2753 ita
1620 2710 1792 2752 factum
1817 2712 1902 2752 est.
1940 2709 1996 2752 Et

224 2785 334 2827 facti
360 2788 467 2828 sunt
492 2785 655 2839 plures
684 2796 899 2827 accessus
927 2782 987 2825 ad
1013 2782 1225 2825 diversos
1252 2784 1298 2824 et
1325 2782 1441 2823 lecte
1469 2781 1634 2823 cedule
1662 2781 1994 2833 accessionum,

224 2868 284 2897 ex
313 2855 482 2909 quibus
511 2854 740 2909 apparuit,
769 2853 893 2907 quod
921 2853 981 2896 ad
1009 2852 1294 2895 cardinalem
1322 2852 1380 2894 de
1412 2851 1671 2905 Columpna
1699 2852 1996 2894 accesserunt

224 2926 315 2968 VII
341 2925 606 2969 cardinales
632 2928 678 2968 et
702 2925 766 2968 ita
790 2925 954 2967 habuit
979 2924 1062 2966 XV
1088 2926 1134 2966 et
1159 2925 1456 2966 accesserunt
1482 2922 1540 2965 de
1568 2921 1764 2976 singulis
1791 2920 1995 2972 nacioni-

330 3034 359 3064 a)
381 3037 415 3057 80
440 3030 478 3063 B,
500 3029 539 3064 C';
560 3029 641 3057 doch
663 3028 750 3057 nicht
769 3028 911 3064 ingenti?
