<?xml version="1.0" encoding="UTF-8"?>
<!DOCTYPE html PUBLIC "-//W3C//DTD XHTML 1.0 Transitional//EN"
    "http://www.w3.org/TR/xhtml1/DTD/xhtml1-transitional.dtd">
<html xmlns="http://www.w3.org/1999/xhtml" xml:lang="en" lang="en">
 <head>
  <title>
</title>
<meta http-equiv="Content-Type" content="text/html;charset=utf-8" />
  <meta name='ocr-system' content='tesseract 3.04.00' />
  <meta name='ocr-capabilities' content='ocr_page ocr_carea ocr_par ocr_line ocrx_word'/>
</head>
<body>
  <div class='ocr_page' id='page_1' title='image "./actaconciliicons02counuoft/actaconciliicons02counuoft_0408.png"; bbox 0 0 2102 3444; ppageno 0'>
   <div class='ocr_carea' id='block_1_1' title="bbox 193 140 1614 185">
    <p class='ocr_par' dir='ltr' id='par_1_1' title="bbox 193 140 1614 185">
     <span class='ocr_line' id='line_1_1' title="bbox 193 140 1614 185; baseline -0.001 -9"><span class='ocrx_word' id='word_1_1' title='bbox 193 142 277 185; x_wconf 66' lang='lat'>394</span> <span class='ocrx_word' id='word_1_2' title='bbox 547 142 592 176; x_wconf 87' lang='lat' dir='ltr'>ll.</span> <span class='ocrx_word' id='word_1_3' title='bbox 627 141 834 176; x_wconf 79' lang='lat' dir='ltr'>Abschnitt.</span> <span class='ocrx_word' id='word_1_4' title='bbox 879 142 1083 175; x_wconf 84' lang='lat' dir='ltr'>Sermones</span> <span class='ocrx_word' id='word_1_5' title='bbox 1114 141 1262 175; x_wconf 82' lang='lat' dir='ltr'>concilii</span> <span class='ocrx_word' id='word_1_6' title='bbox 1295 140 1614 176; x_wconf 81' lang='lat' dir='ltr'>Constanciensis.</span> 
     </span>
    </p>
   </div>
   <div class='ocr_carea' id='block_1_2' title="bbox 191 259 1968 3084">
    <p class='ocr_par' dir='ltr' id='par_1_2' title="bbox 194 259 1967 879">
     <span class='ocr_line' id='line_1_2' title="bbox 314 259 1965 313; baseline 0 -11"><span class='ocrx_word' id='word_1_7' title='bbox 314 261 450 302; x_wconf 86' lang='lat' dir='ltr'>Pater</span> <span class='ocrx_word' id='word_1_8' title='bbox 475 260 760 312; x_wconf 80' lang='lat' dir='ltr'>beatissime,</span> <span class='ocrx_word' id='word_1_9' title='bbox 786 260 935 302; x_wconf 91' lang='lat' dir='ltr'>omnis</span> <span class='ocrx_word' id='word_1_10' title='bbox 959 262 1086 301; x_wconf 89' lang='lat' dir='ltr'>terra</span> <span class='ocrx_word' id='word_1_11' title='bbox 1110 259 1199 301; x_wconf 91' lang='lat' dir='ltr'>iam</span> <span class='ocrx_word' id='word_1_12' title='bbox 1226 260 1468 302; x_wconf 89' lang='lat' dir='ltr'>veritatem</span> <span class='ocrx_word' id='word_1_13' title='bbox 1497 261 1675 302; x_wconf 90' lang='lat' dir='ltr'>invocat</span> <span class='ocrx_word' id='word_1_14' title='bbox 1700 263 1745 302; x_wconf 90' lang='lat' dir='ltr'>et</span> <span class='ocrx_word' id='word_1_15' title='bbox 1771 260 1965 313; x_wconf 76' lang='lat' dir='ltr'>requirit</span> 
     </span>
     <span class='ocr_line' id='line_1_3' title="bbox 197 330 1964 384; baseline 0.001 -12"><span class='ocrx_word' id='word_1_16' title='bbox 197 332 278 383; x_wconf 90' lang='lat' dir='ltr'>(ll.</span> <span class='ocrx_word' id='word_1_17' title='bbox 312 331 443 373; x_wconf 89' lang='lat' dir='ltr'>Esdr.</span> <span class='ocrx_word' id='word_1_18' title='bbox 481 331 649 384; x_wconf 88' lang='lat' dir='ltr'>IIIIc).</span> <span class='ocrx_word' id='word_1_19' title='bbox 694 331 762 372; x_wconf 87' lang='lat' dir='ltr'>Ex</span> <span class='ocrx_word' id='word_1_20' title='bbox 792 343 884 383; x_wconf 90' lang='lat' dir='ltr'>qua</span> <span class='ocrx_word' id='word_1_21' title='bbox 915 330 1193 372; x_wconf 82' lang='lat' dir='ltr'>authoritate</span> <span class='ocrx_word' id='word_1_22' title='bbox 1223 330 1452 384; x_wconf 80' lang='lat' dir='ltr'>scripture</span> <span class='ocrx_word' id='word_1_23' title='bbox 1485 343 1576 384; x_wconf 91' lang='lat' dir='ltr'>quo</span> <span class='ocrx_word' id='word_1_24' title='bbox 1606 330 1664 372; x_wconf 90' lang='lat' dir='ltr'>ad</span> <span class='ocrx_word' id='word_1_25' title='bbox 1695 343 1812 384; x_wconf 90' lang='lat' dir='ltr'>opus</span> <span class='ocrx_word' id='word_1_26' title='bbox 1839 330 1964 373; x_wconf 88' lang='lat' dir='ltr'>istud</span> 
     </span>
     <span class='ocr_line' id='line_1_4' title="bbox 195 400 1964 455; baseline 0.001 -13"><span class='ocrx_word' id='word_1_27' title='bbox 195 401 533 444; x_wconf 80' lang='lat' dir='ltr'>sanctissimum</span> <span class='ocrx_word' id='word_1_28' title='bbox 584 402 792 454; x_wconf 78' lang='lat' dir='ltr'>perfecte</span> <span class='ocrx_word' id='word_1_29' title='bbox 841 400 1029 443; x_wconf 88' lang='lat' dir='ltr'>unionis</span> <span class='ocrx_word' id='word_1_30' title='bbox 1075 404 1122 443; x_wconf 87' lang='lat' dir='ltr'>et</span> <span class='ocrx_word' id='word_1_31' title='bbox 1171 401 1517 444; x_wconf 79' lang='lat' dir='ltr'>reformationis</span> <span class='ocrx_word' id='word_1_32' title='bbox 1566 401 1763 443; x_wconf 78' lang='lat' dir='ltr'>ecclesie</span> <span class='ocrx_word' id='word_1_33' title='bbox 1811 402 1964 455; x_wconf 82' lang='lat' dir='ltr'>primo</span> 
     </span>
     <span class='ocr_line' id='line_1_5' title="bbox 194 472 1961 526; baseline 0.001 -13"><span class='ocrx_word' id='word_1_34' title='bbox 194 472 453 515; x_wconf 81' lang='lat' dir='ltr'>ostend-itur</span> <span class='ocrx_word' id='word_1_35' title='bbox 503 472 705 514; x_wconf 87' lang='lat' dir='ltr'>omnium</span> <span class='ocrx_word' id='word_1_36' title='bbox 757 472 971 513; x_wconf 84' lang='lat' dir='ltr'>fidelium</span> <span class='ocrx_word' id='word_1_37' title='bbox 1024 472 1272 515; x_wconf 84' lang='lat' dir='ltr'>voluntatis</span> <span class='ocrx_word' id='word_1_38' title='bbox 1323 472 1576 526; x_wconf 80' lang='lat' dir='ltr'>integritas,</span> <span class='ocrx_word' id='word_1_39' title='bbox 1626 485 1728 514; x_wconf 92' lang='lat' dir='ltr'>cum</span> <span class='ocrx_word' id='word_1_40' title='bbox 1777 472 1961 514; x_wconf 88' lang='lat' dir='ltr'>dicitur:</span> 
     </span>
     <span class='ocr_line' id='line_1_6' title="bbox 195 542 1965 596; baseline 0.001 -11"><span class='ocrx_word' id='word_1_41' title='bbox 195 543 383 595; x_wconf 84' lang='lat' dir='ltr'>„Omnis</span> <span class='ocrx_word' id='word_1_42' title='bbox 410 542 584 594; x_wconf 85' lang='lat' dir='ltr'>terra“;</span> <span class='ocrx_word' id='word_1_43' title='bbox 615 542 657 584; x_wconf 81' lang='lat'>2⁰</span> <span class='ocrx_word' id='word_1_44' title='bbox 686 542 941 595; x_wconf 77' lang='lat' dir='ltr'>requiritur</span> <span class='ocrx_word' id='word_1_45' title='bbox 971 543 1072 585; x_wconf 86' lang='lat' dir='ltr'>sine</span> <span class='ocrx_word' id='word_1_46' title='bbox 1102 555 1231 586; x_wconf 90' lang='lat' dir='ltr'>mora</span> <span class='ocrx_word' id='word_1_47' title='bbox 1260 544 1362 586; x_wconf 88' lang='lat' dir='ltr'>eius</span> <span class='ocrx_word' id='word_1_48' title='bbox 1390 543 1705 596; x_wconf 85' lang='lat' dir='ltr'>expeditionis</span> <span class='ocrx_word' id='word_1_49' title='bbox 1735 542 1965 595; x_wconf 77' lang='lat' dir='ltr'>celeritas,</span> 
     </span>
     <span class='ocr_line' id='line_1_7' title="bbox 195 613 1966 666; baseline 0.001 -11"><span class='ocrx_word' id='word_1_50' title='bbox 195 627 294 656; x_wconf 83' lang='lat' dir='ltr'>cum</span> <span class='ocrx_word' id='word_1_51' title='bbox 322 613 614 666; x_wconf 90' lang='lat' dir='ltr'>subiungitur</span> <span class='ocrx_word' id='word_1_52' title='bbox 640 614 803 666; x_wconf 83' lang='lat' dir='ltr'>„iam“,</span> <span class='ocrx_word' id='word_1_53' title='bbox 828 617 874 655; x_wconf 91' lang='lat' dir='ltr'>et</span> <span class='ocrx_word' id='word_1_54' title='bbox 896 613 939 656; x_wconf 85' lang='lat'>3⁰</span> <span class='ocrx_word' id='word_1_55' title='bbox 962 614 1226 656; x_wconf 84' lang='lat' dir='ltr'>excluditur</span> <span class='ocrx_word' id='word_1_56' title='bbox 1249 614 1398 657; x_wconf 91' lang='lat' dir='ltr'>omnis</span> <span class='ocrx_word' id='word_1_57' title='bbox 1421 614 1734 656; x_wconf 82' lang='lat' dir='ltr'>excusationis</span> <span class='ocrx_word' id='word_1_58' title='bbox 1758 617 1804 656; x_wconf 91' lang='lat' dir='ltr'>et</span> <span class='ocrx_word' id='word_1_59' title='bbox 1826 615 1966 656; x_wconf 90' lang='lat' dir='ltr'>simu-</span> 
     </span>
     <span class='ocr_line' id='line_1_8' title="bbox 196 684 1967 739; baseline 0.001 -13"><span class='ocrx_word' id='word_1_60' title='bbox 196 685 381 727; x_wconf 81' lang='lat' dir='ltr'>lationis</span> <span class='ocrx_word' id='word_1_61' title='bbox 403 684 664 737; x_wconf 84' lang='lat' dir='ltr'>diversitas‚</span> <span class='ocrx_word' id='word_1_62' title='bbox 687 686 797 738; x_wconf 92' lang='lat' dir='ltr'>quia</span> <span class='ocrx_word' id='word_1_63' title='bbox 818 685 1061 728; x_wconf 87' lang='lat' dir='ltr'>veritatem</span> <span class='ocrx_word' id='word_1_64' title='bbox 1083 685 1262 727; x_wconf 88' lang='lat' dir='ltr'>invocat</span> <span class='ocrx_word' id='word_1_65' title='bbox 1284 688 1330 727; x_wconf 89' lang='lat' dir='ltr'>et</span> <span class='ocrx_word' id='word_1_66' title='bbox 1349 685 1560 738; x_wconf 86' lang='lat' dir='ltr'>requirit.</span> <span class='ocrx_word' id='word_1_67' title='bbox 1597 684 1809 728; x_wconf 87' lang='lat' dir='ltr'>Gaudeat</span> <span class='ocrx_word' id='word_1_68' title='bbox 1829 685 1967 739; x_wconf 75' lang='lat' dir='ltr'>igitur</span> 
     </span>
     <span class='ocr_line' id='line_1_9' title="bbox 198 755 1967 810; baseline 0.001 -13"><span class='ocrx_word' id='word_1_69' title='bbox 198 757 239 797; x_wconf 91' lang='lat' dir='ltr'>in</span> <span class='ocrx_word' id='word_1_70' title='bbox 277 757 359 798; x_wconf 84' lang='lat' dir='ltr'>hoc</span> <span class='ocrx_word' id='word_1_71' title='bbox 393 768 535 809; x_wconf 89' lang='lat' dir='ltr'>opere</span> <span class='ocrx_word' id='word_1_72' title='bbox 571 755 629 797; x_wconf 90' lang='lat' dir='ltr'>de</span> <span class='ocrx_word' id='word_1_73' title='bbox 664 759 741 798; x_wconf 89' lang='lat' dir='ltr'>tua</span> <span class='ocrx_word' id='word_1_74' title='bbox 774 756 980 798; x_wconf 89' lang='lat' dir='ltr'>bonitate</span> <span class='ocrx_word' id='word_1_75' title='bbox 1014 760 1061 798; x_wconf 89' lang='lat' dir='ltr'>et</span> <span class='ocrx_word' id='word_1_76' title='bbox 1092 756 1265 810; x_wconf 90' lang='lat' dir='ltr'>pietate</span> <span class='ocrx_word' id='word_1_77' title='bbox 1300 757 1505 798; x_wconf 87' lang='lat' dir='ltr'>virtuosa</span> <span class='ocrx_word' id='word_1_78' title='bbox 1540 755 1689 798; x_wconf 90' lang='lat' dir='ltr'>omnis</span> <span class='ocrx_word' id='word_1_79' title='bbox 1723 759 1863 809; x_wconf 90' lang='lat' dir='ltr'>terra,</span> <span class='ocrx_word' id='word_1_80' title='bbox 1897 769 1967 798; x_wconf 88' lang='lat' dir='ltr'>re-</span> 
     </span>
     <span class='ocr_line' id='line_1_10' title="bbox 194 825 1621 879; baseline 0 -11"><span class='ocrx_word' id='word_1_81' title='bbox 194 825 440 879; x_wconf 84' lang='lat' dir='ltr'>splendeat</span> <span class='ocrx_word' id='word_1_82' title='bbox 464 826 661 869; x_wconf 86' lang='lat' dir='ltr'>eccle-sia</span> <span class='ocrx_word' id='word_1_83' title='bbox 686 826 1021 870; x_wconf 76' lang='lat' dir='ltr'>reformatione</span> <span class='ocrx_word' id='word_1_84' title='bbox 1045 831 1091 870; x_wconf 91' lang='lat' dir='ltr'>et</span> <span class='ocrx_word' id='word_1_85' title='bbox 1113 827 1289 870; x_wconf 80' lang='lat' dir='ltr'>unitate</span> <span class='ocrx_word' id='word_1_86' title='bbox 1314 827 1544 869; x_wconf 85' lang='lat' dir='ltr'>luminosa</span> <span class='ocrx_word' id='word_1_87' title='bbox 1569 861 1576 868; x_wconf 97' lang='lat'>.</span> <span class='ocrx_word' id='word_1_88' title='bbox 1614 861 1621 868; x_wconf 95' lang='lat'><strong><em>.</em></strong></span> 
     </span>
    </p>

    <p class='ocr_par' dir='ltr' id='par_1_3' title="bbox 191 897 1968 3084">
     <span class='ocr_line' id='line_1_11' title="bbox 311 897 1967 952; baseline 0.002 -14"><span class='ocrx_word' id='word_1_89' title='bbox 311 897 540 949; x_wconf 86' lang='lat' dir='ltr'>Quantum</span> <span class='ocrx_word' id='word_1_90' title='bbox 568 897 626 940; x_wconf 90' lang='lat' dir='ltr'>ad</span> <span class='ocrx_word' id='word_1_91' title='bbox 652 897 744 939; x_wconf 87' lang='lat' dir='ltr'>3um</span> <span class='ocrx_word' id='word_1_92' title='bbox 771 901 818 940; x_wconf 91' lang='lat' dir='ltr'>et</span> <span class='ocrx_word' id='word_1_93' title='bbox 844 898 1070 952; x_wconf 87' lang='lat' dir='ltr'>ultimum,</span> <span class='ocrx_word' id='word_1_94' title='bbox 1096 899 1136 941; x_wconf 91' lang='lat' dir='ltr'>si</span> <span class='ocrx_word' id='word_1_95' title='bbox 1163 900 1528 951; x_wconf 86' lang='lat' dir='ltr'>perseveranter</span> <span class='ocrx_word' id='word_1_96' title='bbox 1554 901 1601 939; x_wconf 91' lang='lat' dir='ltr'>et</span> <span class='ocrx_word' id='word_1_97' title='bbox 1624 897 1835 951; x_wconf 81' lang='lat' dir='ltr'>perfecte</span> <span class='ocrx_word' id='word_1_98' title='bbox 1863 910 1967 941; x_wconf 90' lang='lat' dir='ltr'>con-</span> 
     </span>
     <span class='ocr_line' id='line_1_12' title="bbox 195 968 1967 1024; baseline 0.001 -14"><span class='ocrx_word' id='word_1_99' title='bbox 195 969 501 1010; x_wconf 81' lang='lat' dir='ltr'>summaveris</span> <span class='ocrx_word' id='word_1_100' title='bbox 537 981 654 1022; x_wconf 84' lang='lat' dir='ltr'>opus</span> <span class='ocrx_word' id='word_1_101' title='bbox 687 969 810 1011; x_wconf 86' lang='lat' dir='ltr'>istud</span> <span class='ocrx_word' id='word_1_102' title='bbox 846 1004 853 1011; x_wconf 92' lang='lat'><strong>.</strong></span> <span class='ocrx_word' id='word_1_103' title='bbox 890 1004 898 1011; x_wconf 87' lang='lat'><strong>.</strong></span> <span class='ocrx_word' id='word_1_104' title='bbox 934 1004 942 1012; x_wconf 92' lang='lat'><strong>.</strong></span> <span class='ocrx_word' id='word_1_105' title='bbox 978 970 1197 1022; x_wconf 85' lang='lat' dir='ltr'>exemplo</span> <span class='ocrx_word' id='word_1_106' title='bbox 1232 969 1401 1012; x_wconf 83' lang='lat' dir='ltr'>Christi</span> <span class='ocrx_word' id='word_1_107' title='bbox 1435 970 1604 1011; x_wconf 90' lang='lat' dir='ltr'>summi</span> <span class='ocrx_word' id='word_1_108' title='bbox 1637 968 1855 1024; x_wconf 82' lang='lat' dir='ltr'>pastoris,</span> <span class='ocrx_word' id='word_1_109' title='bbox 1888 968 1967 1023; x_wconf 91' lang='lat' dir='ltr'>qui</span> 
     </span>
     <span class='ocr_line' id='line_1_13' title="bbox 195 1040 1967 1094; baseline 0 -12"><span class='ocrx_word' id='word_1_110' title='bbox 195 1040 347 1093; x_wconf 78' lang='lat' dir='ltr'>posuit</span> <span class='ocrx_word' id='word_1_111' title='bbox 383 1041 583 1082; x_wconf 90' lang='lat' dir='ltr'>animam</span> <span class='ocrx_word' id='word_1_112' title='bbox 621 1053 749 1082; x_wconf 88' lang='lat' dir='ltr'>suam</span> <span class='ocrx_word' id='word_1_113' title='bbox 786 1054 871 1094; x_wconf 88' lang='lat' dir='ltr'>pro</span> <span class='ocrx_word' id='word_1_114' title='bbox 906 1040 1069 1082; x_wconf 88' lang='lat' dir='ltr'>ovibus</span> <span class='ocrx_word' id='word_1_115' title='bbox 1105 1041 1202 1083; x_wconf 89' lang='lat' dir='ltr'>suis</span> <span class='ocrx_word' id='word_1_116' title='bbox 1241 1040 1331 1094; x_wconf 83' lang='lat' dir='ltr'>(Jo.</span> <span class='ocrx_word' id='word_1_117' title='bbox 1368 1040 1461 1094; x_wconf 91' lang='lat' dir='ltr'>X.),</span> <span class='ocrx_word' id='word_1_118' title='bbox 1497 1040 1660 1082; x_wconf 80' lang='lat' dir='ltr'>saluti-s</span> <span class='ocrx_word' id='word_1_119' title='bbox 1692 1042 1874 1093; x_wconf 81' lang='lat' dir='ltr'>portam</span> <span class='ocrx_word' id='word_1_120' title='bbox 1908 1053 1967 1083; x_wconf 90' lang='lat' dir='ltr'>ex</span> 
     </span>
     <span class='ocr_line' id='line_1_14' title="bbox 193 1111 1966 1165; baseline -0.001 -12"><span class='ocrx_word' id='word_1_121' title='bbox 193 1111 421 1165; x_wconf 75' lang='lat' dir='ltr'>condigno</span> <span class='ocrx_word' id='word_1_122' title='bbox 450 1111 711 1153; x_wconf 85' lang='lat' dir='ltr'>mereberis</span> <span class='ocrx_word' id='word_1_123' title='bbox 740 1111 948 1165; x_wconf 87' lang='lat' dir='ltr'>introire,</span> <span class='ocrx_word' id='word_1_124' title='bbox 977 1114 1170 1165; x_wconf 89' lang='lat' dir='ltr'>propter</span> <span class='ocrx_word' id='word_1_125' title='bbox 1201 1111 1323 1165; x_wconf 83' lang='lat' dir='ltr'>quod</span> <span class='ocrx_word' id='word_1_126' title='bbox 1354 1114 1453 1154; x_wconf 90' lang='lat' dir='ltr'>orat</span> <span class='ocrx_word' id='word_1_127' title='bbox 1483 1111 1729 1165; x_wconf 79' lang='lat' dir='ltr'>propheta:</span> <span class='ocrx_word' id='word_1_128' title='bbox 1773 1111 1966 1164; x_wconf 80' lang='lat' dir='ltr'>Aperite</span> 
     </span>
     <span class='ocr_line' id='line_1_15' title="bbox 196 1181 1968 1237; baseline 0.001 -13"><span class='ocrx_word' id='word_1_129' title='bbox 196 1182 344 1235; x_wconf 90' lang='lat' dir='ltr'>michi,</span> <span class='ocrx_word' id='word_1_130' title='bbox 382 1182 584 1237; x_wconf 90' lang='lat' dir='ltr'>inquam,</span> <span class='ocrx_word' id='word_1_131' title='bbox 621 1186 781 1236; x_wconf 90' lang='lat' dir='ltr'>portas</span> <span class='ocrx_word' id='word_1_132' title='bbox 818 1183 991 1225; x_wconf 89' lang='lat' dir='ltr'>iustitie</span> <span class='ocrx_word' id='word_1_133' title='bbox 1029 1186 1075 1225; x_wconf 88' lang='lat' dir='ltr'>et</span> <span class='ocrx_word' id='word_1_134' title='bbox 1112 1184 1352 1236; x_wconf 90' lang='lat' dir='ltr'>ingressus</span> <span class='ocrx_word' id='word_1_135' title='bbox 1392 1183 1437 1224; x_wconf 90' lang='lat' dir='ltr'>in</span> <span class='ocrx_word' id='word_1_136' title='bbox 1475 1195 1556 1225; x_wconf 92' lang='lat' dir='ltr'>eas</span> <span class='ocrx_word' id='word_1_137' title='bbox 1595 1182 1856 1225; x_wconf 90' lang='lat' dir='ltr'>confitebor</span> <span class='ocrx_word' id='word_1_138' title='bbox 1891 1181 1968 1225; x_wconf 91' lang='lat' dir='ltr'>do-</span> 
     </span>
     <span class='ocr_line' id='line_1_16' title="bbox 194 1253 1967 1307; baseline 0 -12"><span class='ocrx_word' id='word_1_139' title='bbox 194 1254 319 1296; x_wconf 86' lang='lat' dir='ltr'>mino</span> <span class='ocrx_word' id='word_1_140' title='bbox 353 1288 360 1295; x_wconf 93' lang='lat'><strong>.</strong></span> <span class='ocrx_word' id='word_1_141' title='bbox 397 1288 404 1295; x_wconf 91' lang='lat'><strong>.</strong></span> <span class='ocrx_word' id='word_1_142' title='bbox 441 1289 449 1296; x_wconf 92' lang='lat'><strong>.</strong></span> <span class='ocrx_word' id='word_1_143' title='bbox 495 1253 625 1307; x_wconf 88' lang='lat' dir='ltr'>Ecce,</span> <span class='ocrx_word' id='word_1_144' title='bbox 654 1257 790 1307; x_wconf 51' lang='lat' dir='ltr'>¹pater</span> <span class='ocrx_word' id='word_1_145' title='bbox 823 1257 995 1307; x_wconf 85' lang='lat' dir='ltr'>sancte,</span> <span class='ocrx_word' id='word_1_146' title='bbox 1028 1254 1134 1306; x_wconf 89' lang='lat' dir='ltr'>quia</span> <span class='ocrx_word' id='word_1_147' title='bbox 1165 1255 1293 1296; x_wconf 85' lang='lat' dir='ltr'>venit</span> <span class='ocrx_word' id='word_1_148' title='bbox 1321 1256 1519 1307; x_wconf 87' lang='lat' dir='ltr'>tempus,</span> <span class='ocrx_word' id='word_1_149' title='bbox 1553 1253 1599 1295; x_wconf 93' lang='lat' dir='ltr'>in</span> <span class='ocrx_word' id='word_1_150' title='bbox 1632 1265 1722 1306; x_wconf 93' lang='lat' dir='ltr'>qua</span> <span class='ocrx_word' id='word_1_151' title='bbox 1755 1253 1967 1296; x_wconf 88' lang='lat' dir='ltr'>Christus</span> 
     </span>
     <span class='ocr_line' id='line_1_17' title="bbox 194 1324 1966 1379; baseline 0 -13"><span class='ocrx_word' id='word_1_152' title='bbox 194 1325 486 1378; x_wconf 88' lang='lat' dir='ltr'>omnipotens</span> <span class='ocrx_word' id='word_1_153' title='bbox 520 1337 621 1367; x_wconf 90' lang='lat' dir='ltr'>cum</span> <span class='ocrx_word' id='word_1_154' title='bbox 658 1326 755 1367; x_wconf 88' lang='lat' dir='ltr'>suis</span> <span class='ocrx_word' id='word_1_155' title='bbox 792 1325 970 1379; x_wconf 84' lang='lat' dir='ltr'>angelis</span> <span class='ocrx_word' id='word_1_156' title='bbox 1005 1328 1050 1367; x_wconf 90' lang='lat' dir='ltr'>et</span> <span class='ocrx_word' id='word_1_157' title='bbox 1085 1325 1257 1367; x_wconf 87' lang='lat' dir='ltr'>sanctis</span> <span class='ocrx_word' id='word_1_158' title='bbox 1291 1325 1507 1367; x_wconf 90' lang='lat' dir='ltr'>omnibus</span> <span class='ocrx_word' id='word_1_159' title='bbox 1540 1337 1722 1367; x_wconf 90' lang='lat' dir='ltr'>necnon</span> <span class='ocrx_word' id='word_1_160' title='bbox 1757 1324 1966 1366; x_wconf 84' lang='lat' dir='ltr'>universi</span> 
     </span>
     <span class='ocr_line' id='line_1_18' title="bbox 195 1395 1968 1453; baseline 0 -16"><span class='ocrx_word' id='word_1_161' title='bbox 195 1409 343 1450; x_wconf 85' lang='lat' dir='ltr'>reges,</span> <span class='ocrx_word' id='word_1_162' title='bbox 368 1396 606 1449; x_wconf 85' lang='lat' dir='ltr'>principes</span> <span class='ocrx_word' id='word_1_163' title='bbox 632 1399 679 1439; x_wconf 91' lang='lat' dir='ltr'>et</span> <span class='ocrx_word' id='word_1_164' title='bbox 702 1397 871 1450; x_wconf 90' lang='lat' dir='ltr'>prelati</span> <span class='ocrx_word' id='word_1_165' title='bbox 898 1409 949 1438; x_wconf 87' lang='lat' dir='ltr'>ac</span> <span class='ocrx_word' id='word_1_166' title='bbox 965 1396 1174 1453; x_wconf 16' lang='lat' dir='ltr'>‘mundus</span> <span class='ocrx_word' id='word_1_167' title='bbox 1201 1396 1285 1438; x_wconf 90' lang='lat' dir='ltr'>iste</span> <span class='ocrx_word' id='word_1_168' title='bbox 1312 1399 1433 1438; x_wconf 86' lang='lat' dir='ltr'>totus</span> <span class='ocrx_word' id='word_1_169' title='bbox 1459 1395 1777 1438; x_wconf 88' lang='lat' dir='ltr'>indubitanter</span> <span class='ocrx_word' id='word_1_170' title='bbox 1802 1407 1968 1449; x_wconf 86' lang='lat' dir='ltr'>expec-</span> 
     </span>
     <span class='ocr_line' id='line_1_19' title="bbox 194 1466 1967 1521; baseline -0.001 -12"><span class='ocrx_word' id='word_1_171' title='bbox 194 1471 291 1511; x_wconf 84' lang='lat' dir='ltr'>tant</span> <span class='ocrx_word' id='word_1_172' title='bbox 312 1467 536 1521; x_wconf 86' lang='lat' dir='ltr'>veritatis,</span> <span class='ocrx_word' id='word_1_173' title='bbox 561 1467 741 1510; x_wconf 91' lang='lat' dir='ltr'>iusticie</span> <span class='ocrx_word' id='word_1_174' title='bbox 768 1471 812 1509; x_wconf 89' lang='lat' dir='ltr'>et</span> <span class='ocrx_word' id='word_1_175' title='bbox 834 1467 1022 1521; x_wconf 86' lang='lat' dir='ltr'>pietatis</span> <span class='ocrx_word' id='word_1_176' title='bbox 1047 1467 1266 1509; x_wconf 85' lang='lat' dir='ltr'>iudicium</span> <span class='ocrx_word' id='word_1_177' title='bbox 1291 1480 1378 1521; x_wconf 89' lang='lat' dir='ltr'>pro</span> <span class='ocrx_word' id='word_1_178' title='bbox 1399 1466 1609 1520; x_wconf 88' lang='lat' dir='ltr'>perfecta</span> <span class='ocrx_word' id='word_1_179' title='bbox 1632 1466 1804 1509; x_wconf 89' lang='lat' dir='ltr'>unione</span> <span class='ocrx_word' id='word_1_180' title='bbox 1827 1469 1874 1509; x_wconf 86' lang='lat' dir='ltr'>et</span> <span class='ocrx_word' id='word_1_181' title='bbox 1897 1478 1967 1508; x_wconf 89' lang='lat' dir='ltr'>re-</span> 
     </span>
     <span class='ocr_line' id='line_1_20' title="bbox 195 1538 1968 1591; baseline -0.001 -11"><span class='ocrx_word' id='word_1_182' title='bbox 195 1539 471 1581; x_wconf 83' lang='lat' dir='ltr'>formatione</span> <span class='ocrx_word' id='word_1_183' title='bbox 514 1541 659 1582; x_wconf 89' lang='lat' dir='ltr'>status</span> <span class='ocrx_word' id='word_1_184' title='bbox 699 1539 1013 1581; x_wconf 79' lang='lat' dir='ltr'>ecclesiastice</span> <span class='ocrx_word' id='word_1_185' title='bbox 1056 1538 1286 1581; x_wconf 88' lang='lat' dir='ltr'>ierarchie</span> <span class='ocrx_word' id='word_1_186' title='bbox 1327 1542 1418 1580; x_wconf 85' lang='lat' dir='ltr'>tam</span> <span class='ocrx_word' id='word_1_187' title='bbox 1460 1538 1507 1579; x_wconf 92' lang='lat' dir='ltr'>in</span> <span class='ocrx_word' id='word_1_188' title='bbox 1549 1538 1699 1591; x_wconf 80' lang='lat' dir='ltr'>capite</span> <span class='ocrx_word' id='word_1_189' title='bbox 1741 1550 1878 1591; x_wconf 91' lang='lat' dir='ltr'>quam</span> <span class='ocrx_word' id='word_1_190' title='bbox 1921 1538 1968 1579; x_wconf 94' lang='lat' dir='ltr'>in</span> 
     </span>
     <span class='ocr_line' id='line_1_21' title="bbox 194 1608 1968 1664; baseline -0.001 -13"><span class='ocrx_word' id='word_1_191' title='bbox 194 1609 427 1653; x_wconf 78' lang='lat' dir='ltr'>membris.</span> <span class='ocrx_word' id='word_1_192' title='bbox 469 1610 691 1663; x_wconf 80' lang='lat' dir='ltr'>Alioquin</span> <span class='ocrx_word' id='word_1_193' title='bbox 721 1609 845 1652; x_wconf 88' lang='lat' dir='ltr'>infra</span> <span class='ocrx_word' id='word_1_194' title='bbox 872 1622 1044 1664; x_wconf 86' lang='lat' dir='ltr'>paucos</span> <span class='ocrx_word' id='word_1_195' title='bbox 1072 1610 1189 1663; x_wconf 89' lang='lat' dir='ltr'>dies,</span> <span class='ocrx_word' id='word_1_196' title='bbox 1219 1610 1335 1652; x_wconf 87' lang='lat' dir='ltr'>sicut</span> <span class='ocrx_word' id='word_1_197' title='bbox 1362 1608 1681 1651; x_wconf 85' lang='lat' dir='ltr'>verisimiliter</span> <span class='ocrx_word' id='word_1_198' title='bbox 1708 1612 1781 1651; x_wconf 88' lang='lat' dir='ltr'>est</span> <span class='ocrx_word' id='word_1_199' title='bbox 1806 1608 1968 1651; x_wconf 84' lang='lat' dir='ltr'>timen-</span> 
     </span>
     <span class='ocr_line' id='line_1_22' title="bbox 194 1679 1967 1735; baseline 0 -13"><span class='ocrx_word' id='word_1_200' title='bbox 194 1681 316 1734; x_wconf 87' lang='lat' dir='ltr'>dum,</span> <span class='ocrx_word' id='word_1_201' title='bbox 343 1682 543 1724; x_wconf 82' lang='lat' dir='ltr'>ecclesia</span> <span class='ocrx_word' id='word_1_202' title='bbox 569 1694 782 1735; x_wconf 89' lang='lat' dir='ltr'>magnam</span> <span class='ocrx_word' id='word_1_203' title='bbox 807 1681 1019 1734; x_wconf 83' lang='lat' dir='ltr'>pacietur</span> <span class='ocrx_word' id='word_1_204' title='bbox 1044 1681 1257 1734; x_wconf 80' lang='lat' dir='ltr'>eclipsim</span> <span class='ocrx_word' id='word_1_205' title='bbox 1285 1684 1343 1733; x_wconf 87' lang='lat' dir='ltr'>et,</span> <span class='ocrx_word' id='word_1_206' title='bbox 1370 1680 1493 1734; x_wconf 90' lang='lat' dir='ltr'>quod</span> <span class='ocrx_word' id='word_1_207' title='bbox 1519 1680 1647 1723; x_wconf 89' lang='lat' dir='ltr'>Deus</span> <span class='ocrx_word' id='word_1_208' title='bbox 1673 1682 1864 1734; x_wconf 74' lang='lat' dir='ltr'>avertat,</span> <span class='ocrx_word' id='word_1_209' title='bbox 1888 1679 1967 1722; x_wconf 88' lang='lat' dir='ltr'>de-</span> 
     </span>
     <span class='ocr_line' id='line_1_23' title="bbox 193 1751 1967 1805; baseline -0.001 -11"><span class='ocrx_word' id='word_1_210' title='bbox 193 1752 396 1794; x_wconf 89' lang='lat' dir='ltr'>trimenti</span> <span class='ocrx_word' id='word_1_211' title='bbox 431 1752 756 1805; x_wconf 86' lang='lat' dir='ltr'>irreparabilis</span> <span class='ocrx_word' id='word_1_212' title='bbox 791 1752 1032 1796; x_wconf 88' lang='lat' dir='ltr'>lesionem.</span> <span class='ocrx_word' id='word_1_213' title='bbox 1081 1752 1215 1795; x_wconf 90' lang='lat' dir='ltr'>Unde</span> <span class='ocrx_word' id='word_1_214' title='bbox 1252 1752 1310 1794; x_wconf 90' lang='lat' dir='ltr'>ad</span> <span class='ocrx_word' id='word_1_215' title='bbox 1343 1752 1483 1795; x_wconf 91' lang='lat' dir='ltr'>huius</span> <span class='ocrx_word' id='word_1_216' title='bbox 1516 1751 1775 1794; x_wconf 80' lang='lat' dir='ltr'>beatissimi</span> <span class='ocrx_word' id='word_1_217' title='bbox 1809 1751 1967 1805; x_wconf 84' lang='lat' dir='ltr'>operis</span> 
     </span>
     <span class='ocr_line' id='line_1_24' title="bbox 194 1822 1966 1877; baseline 0 -13"><span class='ocrx_word' id='word_1_218' title='bbox 194 1824 420 1865; x_wconf 82' lang='lat' dir='ltr'>felicioris</span> <span class='ocrx_word' id='word_1_219' title='bbox 443 1823 852 1866; x_wconf 84' lang='lat' dir='ltr'>consummationis</span> <span class='ocrx_word' id='word_1_220' title='bbox 875 1823 1098 1865; x_wconf 86' lang='lat' dir='ltr'>effectum</span> <span class='ocrx_word' id='word_1_221' title='bbox 1120 1836 1207 1877; x_wconf 89' lang='lat' dir='ltr'>pro</span> <span class='ocrx_word' id='word_1_222' title='bbox 1229 1823 1517 1876; x_wconf 77' lang='lat' dir='ltr'>assistencia,</span> <span class='ocrx_word' id='word_1_223' title='bbox 1540 1822 1718 1865; x_wconf 88' lang='lat' dir='ltr'>auxilio</span> <span class='ocrx_word' id='word_1_224' title='bbox 1739 1825 1784 1865; x_wconf 92' lang='lat' dir='ltr'>et</span> <span class='ocrx_word' id='word_1_225' title='bbox 1803 1822 1966 1864; x_wconf 84' lang='lat' dir='ltr'>favore</span> 
     </span>
     <span class='ocr_line' id='line_1_25' title="bbox 193 1892 1966 1947; baseline 0 -12"><span class='ocrx_word' id='word_1_226' title='bbox 193 1894 618 1947; x_wconf 85' lang='lat' dir='ltr'>metuendissimus,</span> <span class='ocrx_word' id='word_1_227' title='bbox 674 1894 1090 1937; x_wconf 84' lang='lat' dir='ltr'>christianissimus</span> <span class='ocrx_word' id='word_1_228' title='bbox 1147 1895 1195 1936; x_wconf 91' lang='lat' dir='ltr'>in</span> <span class='ocrx_word' id='word_1_229' title='bbox 1235 1894 1420 1937; x_wconf 82' lang='lat' dir='ltr'>Christo</span> <span class='ocrx_word' id='word_1_230' title='bbox 1477 1893 1696 1947; x_wconf 87' lang='lat' dir='ltr'>princeps</span> <span class='ocrx_word' id='word_1_231' title='bbox 1752 1892 1966 1936; x_wconf 85' lang='lat' dir='ltr'>dominus</span> 
     </span>
     <span class='ocr_line' id='line_1_26' title="bbox 193 1964 1964 2019; baseline 0 -12"><span class='ocrx_word' id='word_1_232' title='bbox 193 1969 352 2008; x_wconf 85' lang='lat' dir='ltr'>noster</span> <span class='ocrx_word' id='word_1_233' title='bbox 378 1966 545 2019; x_wconf 86' lang='lat' dir='ltr'>Anglie</span> <span class='ocrx_word' id='word_1_234' title='bbox 572 1969 618 2008; x_wconf 90' lang='lat' dir='ltr'>et</span> <span class='ocrx_word' id='word_1_235' title='bbox 643 1966 836 2008; x_wconf 89' lang='lat' dir='ltr'>Francie</span> <span class='ocrx_word' id='word_1_236' title='bbox 862 1969 908 2008; x_wconf 93' lang='lat' dir='ltr'>et</span> <span class='ocrx_word' id='word_1_237' title='bbox 933 1966 1147 2008; x_wconf 92' lang='lat' dir='ltr'>dominus</span> <span class='ocrx_word' id='word_1_238' title='bbox 1173 1965 1413 2018; x_wconf 86' lang='lat' dir='ltr'>Hibernie‚</span> <span class='ocrx_word' id='word_1_239' title='bbox 1442 1967 1732 2007; x_wconf 84' lang='lat' dir='ltr'>sacrosancte</span> <span class='ocrx_word' id='word_1_240' title='bbox 1759 1964 1964 2007; x_wconf 78' lang='lat' dir='ltr'>Romane</span> 
     </span>
     <span class='ocr_line' id='line_1_27' title="bbox 194 2035 1965 2090; baseline -0.001 -12"><span class='ocrx_word' id='word_1_241' title='bbox 194 2037 390 2078; x_wconf 86' lang='lat' dir='ltr'>ecclesie</span> <span class='ocrx_word' id='word_1_242' title='bbox 415 2040 461 2078; x_wconf 91' lang='lat' dir='ltr'>et</span> <span class='ocrx_word' id='word_1_243' title='bbox 486 2036 740 2080; x_wconf 87' lang='lat' dir='ltr'>sanctitatis</span> <span class='ocrx_word' id='word_1_244' title='bbox 764 2041 918 2080; x_wconf 85' lang='lat' dir='ltr'>vestre</span> <span class='ocrx_word' id='word_1_245' title='bbox 945 2037 1075 2080; x_wconf 85' lang='lat' dir='ltr'>filius</span> <span class='ocrx_word' id='word_1_246' title='bbox 1102 2036 1444 2090; x_wconf 77' lang='lat' dir='ltr'>devotIssimus‚</span> <span class='ocrx_word' id='word_1_247' title='bbox 1471 2036 1624 2089; x_wconf 84' lang='lat' dir='ltr'>etiam,</span> <span class='ocrx_word' id='word_1_248' title='bbox 1650 2036 1687 2078; x_wconf 93' lang='lat' dir='ltr'>si</span> <span class='ocrx_word' id='word_1_249' title='bbox 1715 2037 1777 2079; x_wconf 91' lang='lat' dir='ltr'>ita</span> <span class='ocrx_word' id='word_1_250' title='bbox 1803 2035 1965 2087; x_wconf 88' lang='lat' dir='ltr'>dicam,</span> 
     </span>
     <span class='ocr_line' id='line_1_28' title="bbox 192 2106 1962 2161; baseline -0.001 -12"><span class='ocrx_word' id='word_1_251' title='bbox 192 2107 236 2149; x_wconf 84' lang='lat' dir='ltr'>in</span> <span class='ocrx_word' id='word_1_252' title='bbox 272 2108 528 2161; x_wconf 87' lang='lat' dir='ltr'>prudencie</span> <span class='ocrx_word' id='word_1_253' title='bbox 565 2108 898 2161; x_wconf 83' lang='lat' dir='ltr'>magnitudine,</span> <span class='ocrx_word' id='word_1_254' title='bbox 934 2109 981 2150; x_wconf 94' lang='lat' dir='ltr'>in</span> <span class='ocrx_word' id='word_1_255' title='bbox 1018 2109 1198 2151; x_wconf 90' lang='lat' dir='ltr'>iusticie</span> <span class='ocrx_word' id='word_1_256' title='bbox 1235 2108 1512 2150; x_wconf 86' lang='lat' dir='ltr'>rectitudine</span> <span class='ocrx_word' id='word_1_257' title='bbox 1547 2111 1594 2149; x_wconf 91' lang='lat' dir='ltr'>et</span> <span class='ocrx_word' id='word_1_258' title='bbox 1629 2107 1675 2149; x_wconf 91' lang='lat' dir='ltr'>in</span> <span class='ocrx_word' id='word_1_259' title='bbox 1711 2106 1962 2149; x_wconf 87' lang='lat' dir='ltr'>clemencie</span> 
     </span>
     <span class='ocr_line' id='line_1_29' title="bbox 193 2170 1965 2233; baseline 0 -13"><span class='ocrx_word' id='word_1_260' title='bbox 193 2179 485 2231; x_wconf 87' lang='lat' dir='ltr'>plenitudine</span> <span class='ocrx_word' id='word_1_261' title='bbox 529 2170 671 2233; x_wconf 84' lang='lat' dir='ltr'>quasi</span> <span class='ocrx_word' id='word_1_262' title='bbox 704 2180 938 2222; x_wconf 88' lang='lat' dir='ltr'>Salomoni</span> <span class='ocrx_word' id='word_1_263' title='bbox 984 2179 1238 2222; x_wconf 89' lang='lat' dir='ltr'>consimilis</span> <span class='ocrx_word' id='word_1_264' title='bbox 1284 2214 1292 2221; x_wconf 90' lang='lat'>.</span> <span class='ocrx_word' id='word_1_265' title='bbox 1329 2214 1335 2221; x_wconf 97' lang='lat'>.</span> <span class='ocrx_word' id='word_1_266' title='bbox 1373 2213 1380 2221; x_wconf 91' lang='lat'><strong>.</strong></span> <span class='ocrx_word' id='word_1_267' title='bbox 1424 2178 1712 2221; x_wconf 88' lang='lat' dir='ltr'>reverendos</span> <span class='ocrx_word' id='word_1_268' title='bbox 1754 2178 1965 2221; x_wconf 89' lang='lat' dir='ltr'>dominos</span> 
     </span>
     <span class='ocr_line' id='line_1_30' title="bbox 194 2250 1964 2303; baseline -0.001 -11"><span class='ocrx_word' id='word_1_269' title='bbox 194 2262 320 2292; x_wconf 89' lang='lat' dir='ltr'>meos</span> <span class='ocrx_word' id='word_1_270' title='bbox 345 2250 417 2291; x_wconf 87' lang='lat' dir='ltr'>hic</span> <span class='ocrx_word' id='word_1_271' title='bbox 442 2253 689 2302; x_wconf 89' lang='lat' dir='ltr'>presentes</span> <span class='ocrx_word' id='word_1_272' title='bbox 712 2254 757 2292; x_wconf 92' lang='lat' dir='ltr'>et</span> <span class='ocrx_word' id='word_1_273' title='bbox 783 2263 854 2292; x_wconf 89' lang='lat' dir='ltr'>me</span> <span class='ocrx_word' id='word_1_274' title='bbox 879 2264 972 2293; x_wconf 91' lang='lat' dir='ltr'>una</span> <span class='ocrx_word' id='word_1_275' title='bbox 994 2263 1098 2292; x_wconf 87' lang='lat' dir='ltr'>cum</span> <span class='ocrx_word' id='word_1_276' title='bbox 1121 2250 1191 2293; x_wconf 88' lang='lat' dir='ltr'>eis</span> <span class='ocrx_word' id='word_1_277' title='bbox 1216 2251 1325 2292; x_wconf 89' lang='lat' dir='ltr'>licet</span> <span class='ocrx_word' id='word_1_278' title='bbox 1349 2250 1588 2303; x_wconf 90' lang='lat' dir='ltr'>indignum</span> <span class='ocrx_word' id='word_1_279' title='bbox 1615 2262 1723 2292; x_wconf 88' lang='lat' dir='ltr'>suos</span> <span class='ocrx_word' id='word_1_280' title='bbox 1749 2250 1964 2302; x_wconf 87' lang='lat' dir='ltr'>soll-emp-</span> 
     </span>
     <span class='ocr_line' id='line_1_31' title="bbox 192 2320 1964 2375; baseline -0.001 -13"><span class='ocrx_word' id='word_1_281' title='bbox 192 2333 276 2362; x_wconf 89' lang='lat' dir='ltr'>nes</span> <span class='ocrx_word' id='word_1_282' title='bbox 304 2320 648 2363; x_wconf 84' lang='lat' dir='ltr'>ambaxiatores</span> <span class='ocrx_word' id='word_1_283' title='bbox 673 2325 720 2363; x_wconf 88' lang='lat' dir='ltr'>et</span> <span class='ocrx_word' id='word_1_284' title='bbox 745 2322 933 2365; x_wconf 88' lang='lat' dir='ltr'>nuntios</span> <span class='ocrx_word' id='word_1_285' title='bbox 957 2321 1189 2374; x_wconf 86' lang='lat' dir='ltr'>speciales</span> <span class='ocrx_word' id='word_1_286' title='bbox 1213 2322 1354 2375; x_wconf 82' lang='lat' dir='ltr'>plene</span> <span class='ocrx_word' id='word_1_287' title='bbox 1382 2324 1428 2364; x_wconf 91' lang='lat' dir='ltr'>et</span> <span class='ocrx_word' id='word_1_288' title='bbox 1452 2320 1747 2363; x_wconf 82' lang='lat' dir='ltr'>abundanter</span> <span class='ocrx_word' id='word_1_289' title='bbox 1773 2321 1964 2362; x_wconf 76' lang='lat' dir='ltr'>instruc-</span> 
     </span>
     <span class='ocr_line' id='line_1_32' title="bbox 192 2391 1964 2445; baseline -0.001 -12"><span class='ocrx_word' id='word_1_290' title='bbox 192 2395 262 2434; x_wconf 89' lang='lat' dir='ltr'>tos</span> <span class='ocrx_word' id='word_1_291' title='bbox 292 2404 393 2434; x_wconf 90' lang='lat' dir='ltr'>cum</span> <span class='ocrx_word' id='word_1_292' title='bbox 425 2391 681 2434; x_wconf 87' lang='lat' dir='ltr'>sufficienti</span> <span class='ocrx_word' id='word_1_293' title='bbox 712 2395 940 2445; x_wconf 90' lang='lat' dir='ltr'>potestate</span> <span class='ocrx_word' id='word_1_294' title='bbox 971 2392 1018 2434; x_wconf 92' lang='lat' dir='ltr'>in</span> <span class='ocrx_word' id='word_1_295' title='bbox 1048 2392 1330 2435; x_wconf 86' lang='lat' dir='ltr'>necessariis</span> <span class='ocrx_word' id='word_1_296' title='bbox 1358 2396 1407 2435; x_wconf 93' lang='lat' dir='ltr'>et</span> <span class='ocrx_word' id='word_1_297' title='bbox 1435 2391 1675 2445; x_wconf 74' lang='lat' dir='ltr'>requisitis</span> <span class='ocrx_word' id='word_1_298' title='bbox 1704 2395 1796 2434; x_wconf 90' lang='lat' dir='ltr'>tam</span> <span class='ocrx_word' id='word_1_299' title='bbox 1827 2403 1964 2444; x_wconf 88' lang='lat' dir='ltr'>gene-</span> 
     </span>
     <span class='ocr_line' id='line_1_33' title="bbox 192 2462 1964 2516; baseline 0 -12"><span class='ocrx_word' id='word_1_300' title='bbox 192 2462 352 2504; x_wconf 85' lang='lat' dir='ltr'>raliter</span> <span class='ocrx_word' id='word_1_301' title='bbox 376 2475 512 2516; x_wconf 89' lang='lat' dir='ltr'>quam</span> <span class='ocrx_word' id='word_1_302' title='bbox 539 2463 805 2516; x_wconf 86' lang='lat' dir='ltr'>specialiter</span> <span class='ocrx_word' id='word_1_303' title='bbox 831 2463 888 2505; x_wconf 88' lang='lat' dir='ltr'>ad</span> <span class='ocrx_word' id='word_1_304' title='bbox 913 2464 997 2505; x_wconf 89' lang='lat' dir='ltr'>hoc</span> <span class='ocrx_word' id='word_1_305' title='bbox 1012 2463 1255 2505; x_wconf 83' lang='lat' dir='ltr'>concilium</span> <span class='ocrx_word' id='word_1_306' title='bbox 1272 2467 1317 2505; x_wconf 91' lang='lat' dir='ltr'>et</span> <span class='ocrx_word' id='word_1_307' title='bbox 1331 2466 1486 2505; x_wconf 87' lang='lat' dir='ltr'>vestre</span> <span class='ocrx_word' id='word_1_308' title='bbox 1503 2463 1759 2505; x_wconf 87' lang='lat' dir='ltr'>sanctitatis</span> <span class='ocrx_word' id='word_1_309' title='bbox 1773 2473 1964 2516; x_wconf 86' lang='lat' dir='ltr'>presen-</span> 
     </span>
     <span class='ocr_line' id='line_1_34' title="bbox 192 2533 1963 2587; baseline 0 -13"><span class='ocrx_word' id='word_1_310' title='bbox 192 2534 307 2575; x_wconf 89' lang='lat' dir='ltr'>ciam</span> <span class='ocrx_word' id='word_1_311' title='bbox 334 2533 580 2587; x_wconf 88' lang='lat' dir='ltr'>magnifice</span> <span class='ocrx_word' id='word_1_312' title='bbox 607 2537 652 2576; x_wconf 89' lang='lat' dir='ltr'>et</span> <span class='ocrx_word' id='word_1_313' title='bbox 677 2534 975 2576; x_wconf 84' lang='lat' dir='ltr'>devotissime</span> <span class='ocrx_word' id='word_1_314' title='bbox 1001 2534 1263 2577; x_wconf 87' lang='lat' dir='ltr'>destinavit.</span> <span class='ocrx_word' id='word_1_315' title='bbox 1305 2569 1311 2575; x_wconf 94' lang='lat'><em>.</em></span> <span class='ocrx_word' id='word_1_316' title='bbox 1349 2569 1356 2576; x_wconf 93' lang='lat'>.</span> <span class='ocrx_word' id='word_1_317' title='bbox 1393 2569 1400 2576; x_wconf 91' lang='lat'><em>.</em></span> <span class='ocrx_word' id='word_1_318' title='bbox 1438 2534 1520 2586; x_wconf 88' lang='lat' dir='ltr'>Tu,</span> <span class='ocrx_word' id='word_1_319' title='bbox 1547 2534 1748 2587; x_wconf 84' lang='lat' dir='ltr'>domine,</span> <span class='ocrx_word' id='word_1_320' title='bbox 1774 2534 1963 2575; x_wconf 90' lang='lat' dir='ltr'>misera-</span> 
     </span>
     <span class='ocr_line' id='line_1_35' title="bbox 192 2603 1962 2658; baseline -0.001 -12"><span class='ocrx_word' id='word_1_321' title='bbox 192 2608 262 2646; x_wconf 83' lang='lat' dir='ltr'>tor</span> <span class='ocrx_word' id='word_1_322' title='bbox 300 2607 346 2646; x_wconf 93' lang='lat' dir='ltr'>et</span> <span class='ocrx_word' id='word_1_323' title='bbox 383 2604 662 2657; x_wconf 86' lang='lat' dir='ltr'>misericors,</span> <span class='ocrx_word' id='word_1_324' title='bbox 698 2605 884 2658; x_wconf 89' lang='lat' dir='ltr'>patiens</span> <span class='ocrx_word' id='word_1_325' title='bbox 921 2608 966 2647; x_wconf 91' lang='lat' dir='ltr'>et</span> <span class='ocrx_word' id='word_1_326' title='bbox 1003 2606 1144 2647; x_wconf 91' lang='lat' dir='ltr'>multe</span> <span class='ocrx_word' id='word_1_327' title='bbox 1185 2605 1505 2647; x_wconf 87' lang='lat' dir='ltr'>misericordie</span> <span class='ocrx_word' id='word_1_328' title='bbox 1543 2608 1590 2647; x_wconf 87' lang='lat' dir='ltr'>et</span> <span class='ocrx_word' id='word_1_329' title='bbox 1627 2617 1786 2658; x_wconf 86' lang='lat' dir='ltr'>verax,</span> <span class='ocrx_word' id='word_1_330' title='bbox 1823 2603 1962 2646; x_wconf 87' lang='lat' dir='ltr'>corda</span> 
     </span>
     <span class='ocr_line' id='line_1_36' title="bbox 191 2673 1961 2730; baseline -0.001 -13"><span class='ocrx_word' id='word_1_331' title='bbox 191 2678 350 2718; x_wconf 88' lang='lat' dir='ltr'>nostra</span> <span class='ocrx_word' id='word_1_332' title='bbox 386 2675 432 2717; x_wconf 94' lang='lat' dir='ltr'>in</span> <span class='ocrx_word' id='word_1_333' title='bbox 466 2688 560 2718; x_wconf 92' lang='lat' dir='ltr'>uno</span> <span class='ocrx_word' id='word_1_334' title='bbox 593 2679 640 2717; x_wconf 93' lang='lat' dir='ltr'>et</span> <span class='ocrx_word' id='word_1_335' title='bbox 674 2675 838 2718; x_wconf 90' lang='lat' dir='ltr'>eodem</span> <span class='ocrx_word' id='word_1_336' title='bbox 874 2679 979 2718; x_wconf 87' lang='lat' dir='ltr'>voto</span> <span class='ocrx_word' id='word_1_337' title='bbox 1016 2676 1194 2718; x_wconf 89' lang='lat' dir='ltr'>iusticie</span> <span class='ocrx_word' id='word_1_338' title='bbox 1228 2676 1612 2730; x_wconf 89' lang='lat' dir='ltr'>inseparabiliter</span> <span class='ocrx_word' id='word_1_339' title='bbox 1644 2679 1692 2718; x_wconf 90' lang='lat' dir='ltr'>et</span> <span class='ocrx_word' id='word_1_340' title='bbox 1725 2673 1961 2718; x_wconf 69' lang='lat' dir='ltr'>caritative</span> 
     </span>
     <span class='ocr_line' id='line_1_37' title="bbox 192 2746 1960 2800; baseline -0.001 -12"><span class='ocrx_word' id='word_1_341' title='bbox 192 2746 474 2800; x_wconf 87' lang='lat' dir='ltr'>coniungere</span> <span class='ocrx_word' id='word_1_342' title='bbox 498 2746 629 2800; x_wconf 86' lang='lat' dir='ltr'>velis,</span> <span class='ocrx_word' id='word_1_343' title='bbox 654 2750 702 2789; x_wconf 92' lang='lat' dir='ltr'>ut</span> <span class='ocrx_word' id='word_1_344' title='bbox 727 2747 773 2788; x_wconf 92' lang='lat' dir='ltr'>in</span> <span class='ocrx_word' id='word_1_345' title='bbox 796 2747 881 2789; x_wconf 88' lang='lat' dir='ltr'>hoc</span> <span class='ocrx_word' id='word_1_346' title='bbox 905 2759 1036 2790; x_wconf 89' lang='lat' dir='ltr'>sacro</span> <span class='ocrx_word' id='word_1_347' title='bbox 1060 2747 1254 2789; x_wconf 91' lang='lat' dir='ltr'>concilio</span> <span class='ocrx_word' id='word_1_348' title='bbox 1278 2747 1428 2790; x_wconf 90' lang='lat' dir='ltr'>omnis</span> <span class='ocrx_word' id='word_1_349' title='bbox 1452 2746 1736 2789; x_wconf 90' lang='lat' dir='ltr'>carnalitatis</span> <span class='ocrx_word' id='word_1_350' title='bbox 1759 2749 1960 2796; x_wconf 84' lang='lat' dir='ltr'>terrene,</span> 
     </span>
     <span class='ocr_line' id='line_1_38' title="bbox 193 2817 1960 2871; baseline -0.001 -13"><span class='ocrx_word' id='word_1_351' title='bbox 193 2851 200 2857; x_wconf 93' lang='lat'><strong>.</strong></span> <span class='ocrx_word' id='word_1_352' title='bbox 238 2851 245 2858; x_wconf 92' lang='lat'><strong>.</strong></span> <span class='ocrx_word' id='word_1_353' title='bbox 281 2852 288 2859; x_wconf 96' lang='lat'>.</span> <span class='ocrx_word' id='word_1_354' title='bbox 316 2817 620 2870; x_wconf 88' lang='lat' dir='ltr'>parcialitatis</span> <span class='ocrx_word' id='word_1_355' title='bbox 646 2830 818 2871; x_wconf 91' lang='lat' dir='ltr'>amore,</span> <span class='ocrx_word' id='word_1_356' title='bbox 844 2817 1009 2860; x_wconf 86' lang='lat' dir='ltr'>timore</span> <span class='ocrx_word' id='word_1_357' title='bbox 1033 2821 1080 2860; x_wconf 90' lang='lat' dir='ltr'>et</span> <span class='ocrx_word' id='word_1_358' title='bbox 1104 2817 1268 2861; x_wconf 87' lang='lat' dir='ltr'>favore</span> <span class='ocrx_word' id='word_1_359' title='bbox 1295 2817 1483 2861; x_wconf 87' lang='lat' dir='ltr'>semotis</span> <span class='ocrx_word' id='word_1_360' title='bbox 1509 2830 1622 2860; x_wconf 89' lang='lat' dir='ltr'>vera</span> <span class='ocrx_word' id='word_1_361' title='bbox 1647 2818 1776 2860; x_wconf 89' lang='lat' dir='ltr'>salus</span> <span class='ocrx_word' id='word_1_362' title='bbox 1799 2819 1846 2859; x_wconf 91' lang='lat' dir='ltr'>et</span> <span class='ocrx_word' id='word_1_363' title='bbox 1869 2828 1960 2870; x_wconf 87' lang='lat' dir='ltr'>pax</span> 
     </span>
     <span class='ocr_line' id='line_1_39' title="bbox 192 2886 1959 2941; baseline -0.001 -11"><span class='ocrx_word' id='word_1_364' title='bbox 192 2888 401 2941; x_wconf 87' lang='lat' dir='ltr'>perfecta</span> <span class='ocrx_word' id='word_1_365' title='bbox 442 2923 449 2930; x_wconf 92' lang='lat'><em>.</em></span> <span class='ocrx_word' id='word_1_366' title='bbox 486 2927 492 2932; x_wconf 92' lang='lat'>.</span> <span class='ocrx_word' id='word_1_367' title='bbox 530 2923 537 2930; x_wconf 91' lang='lat'>.</span> <span class='ocrx_word' id='word_1_368' title='bbox 579 2889 659 2931; x_wconf 86' lang='lat' dir='ltr'>toti</span> <span class='ocrx_word' id='word_1_369' title='bbox 699 2889 896 2931; x_wconf 86' lang='lat' dir='ltr'>addatur</span> <span class='ocrx_word' id='word_1_370' title='bbox 934 2889 1131 2931; x_wconf 88' lang='lat' dir='ltr'>ecclesie</span> <span class='ocrx_word' id='word_1_371' title='bbox 1170 2892 1217 2931; x_wconf 89' lang='lat' dir='ltr'>et</span> <span class='ocrx_word' id='word_1_372' title='bbox 1256 2888 1482 2931; x_wconf 89' lang='lat' dir='ltr'>liberatur</span> <span class='ocrx_word' id='word_1_373' title='bbox 1520 2888 1774 2931; x_wconf 88' lang='lat' dir='ltr'>salubriter</span> <span class='ocrx_word' id='word_1_374' title='bbox 1813 2886 1959 2938; x_wconf 73' lang='lat' dir='ltr'>mali-S,</span> 
     </span>
     <span class='ocr_line' id='line_1_40' title="bbox 192 2958 1961 3013; baseline -0.001 -13"><span class='ocrx_word' id='word_1_375' title='bbox 192 2959 426 3002; x_wconf 88' lang='lat' dir='ltr'>scandalis</span> <span class='ocrx_word' id='word_1_376' title='bbox 454 2963 499 3001; x_wconf 89' lang='lat' dir='ltr'>et</span> <span class='ocrx_word' id='word_1_377' title='bbox 523 2959 762 3011; x_wconf 86' lang='lat' dir='ltr'>periculis,</span> <span class='ocrx_word' id='word_1_378' title='bbox 793 2972 882 3012; x_wconf 90' lang='lat' dir='ltr'>que</span> <span class='ocrx_word' id='word_1_379' title='bbox 912 2960 1049 3011; x_wconf 90' lang='lat' dir='ltr'>ultra,</span> <span class='ocrx_word' id='word_1_380' title='bbox 1079 2972 1217 3012; x_wconf 84' lang='lat' dir='ltr'>quam</span> <span class='ocrx_word' id='word_1_381' title='bbox 1247 2960 1373 3001; x_wconf 90' lang='lat' dir='ltr'>credi</span> <span class='ocrx_word' id='word_1_382' title='bbox 1402 2962 1568 3013; x_wconf 88' lang='lat' dir='ltr'>potest,</span> <span class='ocrx_word' id='word_1_383' title='bbox 1598 2960 1689 3002; x_wconf 91' lang='lat' dir='ltr'>iam</span> <span class='ocrx_word' id='word_1_384' title='bbox 1721 2958 1961 3001; x_wconf 84' lang='lat' dir='ltr'>imminent</span> 
     </span>
     <span class='ocr_line' id='line_1_41' title="bbox 192 3029 1958 3084; baseline -0.002 -13"><span class='ocrx_word' id='word_1_385' title='bbox 192 3029 395 3083; x_wconf 91' lang='lat' dir='ltr'>undique</span> <span class='ocrx_word' id='word_1_386' title='bbox 425 3065 432 3071; x_wconf 90' lang='lat'><em>.</em></span> <span class='ocrx_word' id='word_1_387' title='bbox 470 3065 476 3072; x_wconf 92' lang='lat'>.</span> <span class='ocrx_word' id='word_1_388' title='bbox 514 3065 521 3072; x_wconf 90' lang='lat'><strong>.</strong></span> <span class='ocrx_word' id='word_1_389' title='bbox 550 3030 731 3073; x_wconf 84' lang='lat' dir='ltr'>Adiuva</span> <span class='ocrx_word' id='word_1_390' title='bbox 758 3043 844 3073; x_wconf 92' lang='lat' dir='ltr'>nos</span> <span class='ocrx_word' id='word_1_391' title='bbox 871 3043 928 3072; x_wconf 91' lang='lat' dir='ltr'>ex</span> <span class='ocrx_word' id='word_1_392' title='bbox 957 3030 1214 3084; x_wconf 89' lang='lat' dir='ltr'>paternalis</span> <span class='ocrx_word' id='word_1_393' title='bbox 1243 3031 1429 3084; x_wconf 89' lang='lat' dir='ltr'>pietatis</span> <span class='ocrx_word' id='word_1_394' title='bbox 1458 3031 1710 3073; x_wconf 90' lang='lat' dir='ltr'>clemencia</span> <span class='ocrx_word' id='word_1_395' title='bbox 1738 3033 1782 3072; x_wconf 89' lang='lat' dir='ltr'>et</span> <span class='ocrx_word' id='word_1_396' title='bbox 1812 3029 1958 3070; x_wconf 83' lang='lat' dir='ltr'>libera</span> 
     </span>
    </p>
   </div>
  </div>
 </body>
</html>
