2227 3434
521 174 560 208 Β.
598 173 676 208 Der
698 174 797 208 liber
819 176 1011 217 gestorum
1037 174 1105 207 des
1129 173 1370 208 Cerretanus.
1744 174 1828 216 219

65 292 185 335 dicto
209 293 338 335 XIII.
365 296 411 335 et
436 293 616 345 Angelo
642 292 834 334 Corario
861 292 1088 344 Gregorio
1113 291 1217 333 XII.
1243 290 1535 344 nuncupatis,
1562 291 1607 333 in
1636 303 1831 332 conven-

64 365 196 406 cione
222 364 459 418 personali
486 363 739 406 sanctitatis
765 376 847 406 sue
872 366 916 404 et
943 363 1138 405 aliorum
1164 362 1548 404 contendencium
1576 362 1632 403 de
1659 365 1829 415 papatu

63 438 255 489 possent
281 434 455 477 exoriri
481 434 609 476 varie
638 438 682 476 et
710 434 895 476 diverse
923 434 1250 476 contenciones
1278 436 1324 475 et
1351 432 1669 485 difficultates,
1696 445 1832 485 prop-

63 509 134 548 ter
164 518 279 559 quas
309 505 576 559 contingere
606 508 778 558 posset,
808 505 930 558 quod
962 504 1342 557 impedimentum
1373 503 1533 545 unioni
1566 503 1830 545 desiderate

64 580 372 631 prestaretur;
403 589 491 630 que
522 576 709 630 quidem
739 575 1065 618 contenciones
1094 579 1140 617 et
1168 575 1472 616 difficultates
1502 587 1593 616 non
1624 574 1685 615 ita
1715 574 1833 615 veri-

65 649 282 690 similiter
321 649 368 690 in
409 647 720 690 convencione
761 650 1111 700 procuratorum
1151 646 1418 699 contingere
1458 648 1666 698 possent;
1710 644 1832 696 item,

65 732 166 761 cum
193 731 286 762 non
314 720 373 762 sit
399 719 659 772 honestum,
689 718 810 771 quod
839 718 880 760 d.
909 731 993 763 rex
1022 718 1348 771 Romanorum,
1378 717 1455 770 qui
1486 729 1534 759 se
1565 716 1735 758 iturum
1762 715 1833 756 Ni-

65 790 195 844 ciam,
218 793 267 833 ut
288 803 390 832 cum
414 790 551 832 Petro
575 790 631 831 de
656 789 786 832 Luna
810 792 854 831 et
877 801 987 842 rege
1010 789 1277 842 Aragonum
1301 787 1557 839 conveniat,
1581 787 1642 829 ita
1665 786 1833 828 libera-

65 861 170 904 liter
199 874 249 904 se
278 861 456 913 obtulit,
487 861 662 914 absque
692 860 922 913 mandato,
950 863 998 902 ut
1027 872 1146 902 unus
1176 871 1351 911 cursor,
1380 861 1557 912 pergat,
1585 870 1671 911 pro
1700 860 1831 911 parte

65 933 322 976 earundem
358 933 603 975 nacionum
642 932 730 986 ipsi
769 932 810 974 d.
848 934 1007 974 nostro
1043 943 1164 984 pape
1202 929 1565 983 supplicabatur,
1604 931 1832 981 quatenus

65 1004 249 1058 prefato
278 1004 320 1046 d.
352 1004 450 1057 regi
480 1007 525 1046 et
554 1003 789 1056 aliquibus
819 1015 904 1056 per
935 1015 1116 1045 sacrum
1147 1001 1390 1044 concilium
1422 999 1701 1053 deputandis
1733 1011 1833 1040 cum

66 1076 167 1129 ipso
194 1088 304 1129 rege
332 1074 614 1129 profecturis
642 1074 907 1116 mandatum
938 1073 1184 1115 sufficiens
1213 1073 1269 1114 de
1299 1071 1617 1113 renunciando
1645 1070 1833 1124 papatui

67 1147 193 1190 iuxta
226 1150 435 1189 tenorem
470 1146 786 1199 suprascripte
820 1145 984 1187 cedule
1018 1145 1130 1186 dare
1164 1144 1320 1185 vellet.
1371 1143 1482 1185 Item
1517 1155 1617 1184 cum
1651 1145 1834 1194 tempus

66 1218 359 1261 constitutum
393 1218 451 1260 ad
482 1217 852 1259 conveniendum
885 1217 1069 1258 labatur
1102 1214 1266 1257 cotidie
1301 1217 1346 1256 et
1377 1217 1586 1256 oratores
1619 1212 1745 1254 Petri
1777 1212 1834 1253 de

67 1290 198 1333 Luna
219 1292 264 1331 et
285 1289 408 1343 regis
430 1289 696 1342 Aragonum
719 1291 877 1330 essent
901 1288 946 1329 in
968 1287 1136 1328 ceteris
1159 1286 1365 1339 expediti
1390 1288 1434 1326 et
1457 1284 1605 1327 solum
1629 1283 1835 1325 restabat

67 1361 136 1405 eis
162 1360 275 1404 dare
302 1360 477 1403 bullam
506 1359 830 1413 promissionis
860 1359 1007 1412 ipsius
1036 1357 1077 1399 d.
1104 1358 1252 1399 nostri
1280 1368 1400 1410 pape
1430 1354 1683 1398 secundum
1709 1357 1835 1396 teno-

67 1444 166 1474 rem
192 1431 356 1475 cedule
385 1431 702 1485 suprascripte
732 1443 782 1472 ac
811 1430 986 1472 bullam
1017 1428 1133 1471 salvi
1162 1427 1412 1470 conductus
1442 1425 1582 1468 dandi
1612 1426 1749 1467 Petro
1777 1424 1835 1466 de

67 1503 210 1556 Luna,
237 1506 489 1556 propterea
518 1514 603 1556 pro
632 1504 763 1555 parte
794 1501 1019 1543 dictarum
1048 1499 1186 1542 trium
1215 1498 1459 1541 nacionum
1489 1497 1576 1551 ipsi
1607 1496 1648 1539 d.
1677 1499 1836 1538 nostro

67 1587 188 1629 pape
213 1573 564 1628 supplicabatur
588 1573 841 1625 humiliter,
867 1571 1083 1625 quatinus
1108 1571 1252 1612 dictas
1278 1569 1431 1611 bullas
1456 1567 1673 1611 celeriter
1697 1578 1837 1620 expe-

69 1645 157 1688 diri
184 1645 440 1688 mandaret.
483 1645 596 1687 Item
624 1644 681 1686 ad
706 1644 805 1696 hoc,
834 1643 956 1696 quod
983 1642 1227 1684 concilium
1255 1639 1439 1682 interim
1465 1651 1613 1692 usque
1642 1638 1700 1680 ad
1726 1641 1837 1680 tem-

69 1729 155 1770 pus
187 1716 514 1759 convencionis
547 1715 755 1769 predicte
787 1727 880 1756 non
913 1714 1208 1765 dissolvatur,
1241 1725 1325 1765 pro
1358 1714 1490 1764 parte
1524 1709 1835 1763 predictarum

69 1787 206 1830 trium
228 1788 474 1830 nacionum
501 1786 850 1840 supplicabatur
873 1784 1125 1837 humiliter,
1151 1783 1275 1837 quod
1297 1783 1415 1824 nulli
1439 1781 1621 1835 prelato
1644 1780 1719 1822 vel
1743 1780 1838 1821 exi-

71 1860 207 1902 stenti
245 1859 291 1901 in
327 1858 520 1901 concilio
557 1858 748 1900 daretur
784 1856 977 1898 licencia
1016 1854 1282 1906 recedendi,
1319 1865 1472 1906 ymmo
1510 1850 1837 1894 recedentibus

72 1930 422 1984 imponerentur
463 1929 739 1983 gravissime
782 1940 918 1981 pene,
961 1926 1047 1968 nisi
1093 1925 1368 1979 gravissima
1411 1923 1683 1965 infirmitate
1727 1921 1838 1963 deti-

71 2004 294 2044 nerentur
324 2002 399 2043 vel
429 2000 572 2042 nimia
604 1999 800 2053 penuria
830 2000 1152 2052 gravarentur,
1183 1996 1352 2049 quibus
1379 1995 1565 2037 casibus
1597 1992 1839 2035 concilium

73 2072 289 2115 arbitrari
319 2071 527 2124 deberet,
557 2084 615 2113 an
643 2073 768 2112 esset
798 2069 1048 2111 ianrmitas
1077 2069 1215 2120 longa
1243 2067 1316 2109 vel
1349 2065 1620 2108 incurabilis
1648 2066 1840 2120 propter

74 2143 493 2186 inconformitatem
515 2143 653 2195 ae‘ris,
674 2145 719 2184 et
741 2153 799 2183 an
821 2144 946 2183 esset
968 2138 1188 2181 curabilis
1210 2141 1255 2180 et
1277 2137 1454 2179 modico
1474 2140 1682 2189 tempore
1707 2135 1840 2176 dura-

74 2217 193 2267 tura3
221 2214 268 2256 in
294 2213 458 2268 primis
484 2213 668 2256 casibus
696 2212 795 2254 dari
824 2211 1017 2253 deberet
1044 2210 1252 2261 licencia,
1280 2209 1325 2250 in
1353 2207 1570 2251 secundis
1597 2218 1708 2248 vero
1732 2217 1839 2247 non.

81 2285 190 2328 Item
222 2298 280 2328 an
314 2285 482 2338 prelati
516 2286 792 2338 paupertate
824 2282 1001 2336 gravati
1036 2283 1195 2323 essent
1228 2280 1273 2321 in
1308 2278 1501 2321 concilio
1534 2276 1749 2331 oportuni
1778 2288 1838 2318 an

76 2368 186 2409 non;
211 2356 258 2398 in
282 2356 433 2410 primo
457 2368 565 2398 casu
588 2367 680 2397 non
706 2354 896 2396 daretur
920 2353 988 2395 eis
1014 2352 1221 2404 licencia,
1247 2350 1331 2393 sed
1355 2350 1412 2392 de
1437 2348 1665 2391 communi
1690 2347 1841 2401 provi-

78 2427 267 2470 deretur
302 2427 390 2479 eis;
429 2426 474 2468 in
511 2426 715 2468 secundo
752 2437 863 2466 vero
901 2423 1094 2465 licencia
1131 2422 1322 2464 daretur
1357 2420 1550 2463 eisdem.
1607 2419 1719 2461 Item
1756 2430 1841 2471 pro

77 2501 206 2551 parte
240 2498 552 2552 predictarum
586 2496 723 2539 trium
759 2495 1002 2538 nacionum
1038 2493 1388 2547 supplicabatur
1423 2491 1589 2543 eidem,
1626 2490 1842 2543 quatinus

79 2568 261 2611 interim
296 2581 443 2622 usque
479 2568 537 2611 ad
574 2571 755 2620 tempus
791 2565 1117 2608 convencionis
1153 2563 1417 2617 supradicte
1453 2562 1724 2615 dignaretur
1760 2572 1841 2601 sua

79 2640 296 2683 sanctitas
327 2652 419 2682 una
451 2652 551 2681 cum
585 2638 779 2680 concilio
811 2637 857 2679 in
890 2636 1166 2679 Constancia
1198 2645 1492 2688 permanere.

195 2722 266 2764 Ad
290 2734 379 2775 que
404 2722 616 2775 prefatus
641 2720 681 2762 d.
707 2724 866 2762 noster
890 2731 1011 2772 papa
1035 2717 1289 2770 respondit,
1314 2716 1436 2769 quod
1461 2727 1602 2768 super
1628 2714 1716 2755 hiis
1741 2725 1840 2754 cum

79 2791 302 2836 fratribus
327 2793 424 2836 suis
449 2795 606 2834 sancte
631 2792 835 2833 Romane
863 2789 1059 2832 ecclesie
1086 2787 1402 2830 cardinalibus
1428 2785 1693 2828 deliberare
1722 2782 1843 2825 vole-

82 2861 158 2905 bat
187 2866 232 2906 et
263 2863 332 2906 eis
363 2866 600 2917 gratanter
631 2865 676 2904 et
707 2862 925 2903 celeriter
958 2859 1261 2913 respondere.

197 2943 475 2999 Supervenit
500 2948 652 2987 autem
678 2948 781 2998 post
807 2943 1017 2996 prefatus
1043 2942 1085 2984 d.
1114 2955 1197 2983 rex
1222 2944 1267 2982 et
1292 2952 1445 2982 coram
1472 2939 1513 2980 d.
1540 2940 1698 2979 nostro
1725 2948 1843 2988 papa

83 3017 127 3057 et
160 3015 264 3058 aliis
299 3017 493 3070 prelatis
530 3016 701 3058 ibidem
737 3014 1046 3057 existentibus
1082 3012 1336 3066 proposuit,
1372 3010 1572 3063 qualiter
1607 3008 1706 3061 ipse
1742 3018 1843 3059 per-
