2227 3434
594 154 684 188 1416
712 154 799 188 Dez.
828 154 873 188 24
899 175 940 178 —
969 154 1059 187 1417
1086 154 1232 188 Januar
1258 155 1289 187 4.
1742 156 1824 199 481

61 284 198 324 quam
230 271 380 324 capud
413 275 538 314 esset
571 272 782 324 ecclesie,
816 284 908 314 non
942 276 1096 314 tamen
1131 276 1178 314 ut
1212 273 1361 325 capud
1395 273 1442 314 in
1476 273 1557 314 illo
1590 274 1824 328 concilio¹)

60 342 238 385 resedit
260 354 412 395 neque
440 343 485 383 in
511 355 650 384 causa
676 342 906 395 iudicavit,
932 348 1002 385 set
1027 343 1227 385 Jacobus
1254 343 1404 385 minor
1431 344 1699 386 auctoritate
1726 357 1829 385 con-

56 412 167 464 cili-i;
186 425 273 455 nec
293 413 530 454 decretum
552 425 693 465 super
707 412 973 454 cessacione
991 414 1209 466 legalium
1225 417 1270 455 et
1285 414 1482 466 epistole
1499 415 1689 456 nomine
1704 414 1827 456 Petri

59 484 201 526 misse
233 487 352 536 sunt,
384 487 452 526 set
485 484 670 525 nomine
704 484 847 525 tocius
880 484 1061 525 concilii
1095 518 1102 525 .
1139 517 1146 525 .
1183 521 1189 528 ,
1238 484 1304 525 Ex
1337 497 1427 537 quo
1460 485 1674 537 infertur,
1707 485 1828 538 quod

61 554 206 607 aliqui
238 567 323 607 pro
357 554 457 596 iure
492 555 650 596 divino
682 555 869 606 habent,
905 555 1040 607 quod,
1076 555 1113 596 si
1148 568 1269 608 papa
1303 559 1373 597 est
1408 556 1464 597 de
1500 557 1657 598 heresi
1691 556 1828 597 vehe-

59 628 239 667 menter
273 628 318 667 et
350 626 530 667 notorIe
566 629 822 680 suspectus,
857 637 1134 678 quamquam
1169 626 1314 667 eciam
1348 639 1441 668 non
1476 639 1601 680 vere,
1637 627 1735 668 sive
1769 627 1826 668 de

58 707 333 749 quocunque
378 697 470 737 alio
515 696 721 748 crimine,
766 699 958 748 propter
1005 696 1127 748 quod
1174 696 1513 738 scandalizetur
1566 696 1827 751 [ecclesia],

59 767 204 809 eciam
232 768 412 809 notorie
442 767 785 820 incorrigibilis,
814 767 937 819 quod
962 779 1019 808 eo
1047 780 1157 809 casu
1184 768 1455 809 convocacio
1482 768 1665 809 concilii
1692 780 1829 821 gene-

59 839 172 880 ralis
213 838 271 880 ad
308 850 477 891 papam
518 850 609 880 non
649 837 915 890 pertinebit,
957 842 1026 880 set
1065 838 1123 879 ad
1164 851 1458 880 successores
1497 840 1826 892 apostolorum,

59 910 148 962 vel,
186 909 294 962 quia
330 921 415 962 per
452 909 614 950 orbem
650 909 707 950 ad
746 909 955 962 regimen
991 910 1200 962 gregium
1241 909 1410 951 Christi
1449 908 1651 963 dispersi
1689 909 1826 952 facile

60 981 310 1021 convenire
347 992 438 1021 non
477 983 684 1032 possunt,
723 980 780 1021 ad
818 992 998 1021 sacrum
1037 980 1281 1021 concilium
1319 984 1363 1021 et
1399 980 1645 1033 collegium
1684 981 1829 1022 cardi-

59 1051 234 1092 nalium
275 1051 321 1092 in
361 1051 444 1092 hoc
484 1063 654 1109 eorum?
686 1051 810 1092 vices
849 1051 1132 1104 gerencium,
1173 1051 1251 1103 qui
1292 1051 1595 1093 communiter
1636 1055 1741 1093 sunt
1782 1052 1827 1092 in

58 1133 214 1164 unum.
254 1121 477 1164 Similiter
505 1121 723 1162 iudicium
751 1125 797 1163 et
825 1121 998 1164 decisio
1027 1134 1164 1164 cau-se
1194 1122 1339 1163 solius
1367 1122 1454 1163 erit
1483 1122 1663 1163 concilii
1690 1134 1828 1175 gene-

59 1192 172 1235 rali-s
200 1225 209 1234 .
245 1225 253 1234 .
289 1226 297 1234 .
342 1192 392 1234 In
421 1192 526 1234 aliis
554 1196 707 1233 tamen
737 1193 920 1234 casibus
948 1192 1232 1245 generaliter
1262 1196 1420 1234 tenent
1447 1192 1827 1234 convooacionem

58 1263 240 1304 concilii
270 1263 506 1316 generalis
539 1263 596 1305 ad
629 1264 777 1305 solum
809 1276 978 1316 papam
1009 1264 1247 1316 pertinere
1282 1297 1290 1304 .
1327 1297 1333 1305 .
1370 1297 1394 1315 .,
1427 1263 1829 1316 quemadmodum,

59 1337 108 1376 ut
134 1334 304 1388 dicunt,
331 1333 635 1387 approbanda
663 1335 736 1375 vel
765 1334 1062 1387 reprobanda
1089 1334 1136 1375 in
1163 1334 1360 1376 ecclesia
1388 1334 1515 1377 solus
1542 1347 1664 1387 papa
1690 1334 1831 1376 habet

59 1404 264 1448 iudicare
293 1409 341 1447 et
373 1404 586 1447 diffinire
619 1405 818 1446 maxime
851 1405 897 1446 in
931 1405 1126 1447 materia
1159 1404 1288 1458 fidei,
1321 1409 1369 1447 ut
1400 1408 1526 1447 tenet
1557 1404 1829 1447 Alexander

59 1476 116 1518 de
143 1475 275 1518 Halis
302 1476 331 1518 4
358 1477 702 1518 sentenciarum
729 1476 790 1518 di.
817 1476 874 1517 24
901 1488 943 1529 q.
971 1475 1011 1529 2,
1040 1479 1084 1517 et
1113 1476 1328 1518 dominus
1357 1476 1522 1518 Petrus
1549 1475 1608 1517 de
1637 1474 1828 1527 Palude,

59 1547 274 1591 dominus
298 1547 548 1589 Durandus
575 1551 619 1590 et
643 1559 759 1600 mag.
787 1547 1000 1589 Herveus
1027 1547 1073 1588 in
1101 1547 1196 1589 suis
1223 1546 1492 1589 tractatibus
1517 1546 1574 1588 de
1598 1549 1853 1600 potestate

59 1629 181 1671 pape
205 1621 252 1661 et
273 1618 587 1661 ecclesiastica
613 1617 946 1660 iurisdictione.
983 1617 1116 1659 Unde
1142 1618 1258 1659 sicut
1282 1618 1328 1659 in
1352 1617 1472 1659 dicta
1495 1618 1691 1660 materia
1715 1615 1830 1658 fidei

57 1692 104 1731 et
133 1689 181 1730 in
213 1688 319 1732 aliis
350 1692 516 1732 statum
549 1689 914 1730 ecclesiasticum
947 1688 1336 1731 concernentibus
1365 1688 1652 1741 generaliter
1684 1688 1831 1730 solius

59 1760 241 1802 concilii
276 1761 514 1813 generalis
550 1763 621 1802 est
656 1760 902 1802 consulere
939 1762 984 1801 et
1018 1759 1224 1817 iudicare
1263 1759 1433 1801 iudicio
1469 1758 1644 1802 scilicet
1680 1758 1829 1812 cogni-

58 1831 206 1874 cionis
231 1830 485 1873 secundum
513 1831 636 1883 quod
661 1831 983 1883 unusquisque
1010 1831 1131 1872 bene
1159 1830 1329 1872 iudicat
1356 1830 1412 1871 de
1440 1829 1543 1882 hiis,
1572 1842 1661 1882 que
1688 1830 1829 1881 novit,

59 1905 107 1944 ut
137 1901 246 1944 dicit
274 1901 596 1955 philosophus,
628 1901 842 1944 similiter
873 1904 918 1943 et
949 1901 1119 1942 iudicio
1150 1901 1523 1954 approbacionis,
1554 1900 1678 1953 quod
1707 1900 1828 1941 idem

60 1975 143 2026 est,
170 1972 293 2025 quod
319 1984 540 2015 assensus
567 1972 754 2025 quidam
781 1973 854 2013 vel
882 1984 1138 2014 consensus
1164 1984 1339 2024 eorum,
1366 1984 1455 2024 que
1482 1970 1829 2013 racionabiliter

59 2047 104 2086 et
134 2043 252 2086 iuste
283 2056 369 2097 per
398 2056 566 2096 papam
598 2043 803 2085 diffinita
834 2046 953 2095 sunt,
982 2046 1031 2084 ut
1061 2043 1171 2084 dicit
1201 2041 1457 2084 Goffredus
1489 2042 1535 2083 in
1568 2055 1651 2084 suo
1682 2041 1829 2093 Quod-

60 2114 174 2156 libet
201 2126 243 2168 q.
271 2114 325 2157 V.
355 2127 419 2157 ar.
449 2113 489 2156 2.
536 2114 601 2157 Ita
630 2114 752 2167 quod
782 2114 928 2156 solius
955 2126 1076 2167 pape
1107 2116 1176 2155 est
1205 2112 1518 2154 determinare
1549 2116 1594 2155 et
1624 2112 1828 2154 iudicare

60 2184 229 2228 iudicio
249 2185 426 2228 scilicet
447 2185 683 2228 sentencie
708 2184 1029 2237 diffinicionis,
1053 2187 1100 2226 ut
1121 2187 1248 2237 patet
1268 2196 1355 2238 per
1378 2186 1584 2227 sanctum
1607 2183 1827 2225 Thomam

105 2290 113 2298 .
148 2293 156 2301 .
210 2256 278 2298 Ex
321 2256 488 2309 quibus
530 2256 643 2298 satis
683 2268 913 2309 apparere
955 2258 1106 2309 potest
1148 2255 1320 2297 veritas
1363 2257 1577 2307 quattuor
1618 2265 1827 2296 mearum

59 2327 449 2380 proposicionum,
492 2339 607 2380 quas
649 2327 735 2369 sub
776 2326 963 2368 nomine
1006 2326 1324 2368 assercionum
1367 2324 1601 2367 introduxi
1644 2324 1689 2366 in
1734 2336 1827 2367 ser-

61 2398 250 2452 mone,²)
279 2410 417 2451 quem
442 2397 677 2451 predicavi
703 2398 748 2439 in
775 2397 895 2439 festo
921 2397 1065 2439 sancti
1094 2396 1326 2438 Francisci
1355 2430 1363 2437 .
1399 2430 1407 2437 .
1443 2396 1492 2449 ,3)

59 2503 237 2547 Januar
267 2504 308 2547 4.
346 2531 394 2535 -
431 2504 768 2556 Philippus
821 2504 888 2547 de
940 2503 1270 2557 Medctlz'a.⁴)

178 2574 335 2608 Text:
376 2573 990 2617 Mc151167.57;1<re4f..308.

177 2632 200 2674 Ι
214 2645 243 2675 η
260 2633 286 2674 h
305 2634 421 2675 alt:
469 2633 620 2675 Union
655 2632 924 2675 KastilienS.

177 2750 209 2792 1)
240 2748 530 2793 Apostellconzil
558 2750 597 2783 in
624 2749 853 2784 Jerusalem.

176 2808 209 2851 2)
248 2807 322 2851 Vyl.
351 2807 504 2851 Predi9t
535 2808 634 2849 1416,
663 2807 706 2849 X,
731 2808 764 2841 4.

177 2866 210 2909 8)
248 2866 306 2900 Ι)α
353 2865 498 2909 infolqe
546 2865 938 2910 Mislversliindnisses
987 2864 1113 2904 einiue
1161 2865 1279 2898 daran
1330 2863 1539 2904 ,lerqernis
1587 2870 1825 2903 qenommen,

62 2923 204 2959 kommt
227 2933 269 2958 er
292 2934 370 2959 nun
393 2923 588 2958 noctemals
610 2924 748 2966 darant
770 2923 920 2957 znriick.
956 2923 1013 2957 Im
1049 2922 1201 2966 l'erlauf
1223 2924 1292 2956 der
1318 2922 1499 2955 weileren
1522 2919 1825 2964 ,lusfilhrunqen

0 2982 1 2988 ¹
58 2981 152 3025 folql
174 2982 238 3016 ein
260 2981 425 3026 hesliyer
450 2981 565 3016 'l'adel
587 2991 708 3024 yeqen
729 2981 881 3016 Johann
903 2980 1045 3015 XXIII.
1072 2981 1146 3014 und
1171 2981 1230 3014 ein
1257 2980 1334 3014 Lol)
1358 2978 1424 3022 (ιιιῙ
1446 2978 1675 3020 Siyismund.

176 3041 209 3082 4)
238 3039 452 3075 Gesandter
475 3039 543 3074 des
566 3037 712 3082 Kiiniys
736 3049 809 3074 von
833 3039 998 3082 Arayon.

130 3106 271 3139 Finke.
294 3107 373 3134 Acta
395 3106 527 3134 concini
553 3106 830 3134 Constancivnsis.
852 3106 887 3133 11.
1559 3094 1604 3133 31
