2102 3444
237 151 324 193 268
772 150 798 185 1.
826 149 1035 185 Abschnitt.
1075 149 1476 194 Konzilstagebiicher.

238 272 370 321 parte
406 268 670 311 infidelium
709 303 716 310 .
754 303 761 310 .
797 303 805 310 .
855 268 1009 310 Alium
1046 271 1309 322 respectum
1345 269 1643 312 detractionis
1680 270 1871 313 brevius
1906 282 2010 324 per-

240 339 472 393 stringens
502 340 760 392 considero,
790 340 867 393 qui
898 352 957 381 ex
987 342 1118 393 parte
1148 340 1326 382 cruenti
1355 343 1401 382 et
1428 340 1673 383 inveterati
1705 340 1932 383 scismatis
1963 342 2010 384 in

239 410 454 452 orientali
485 409 738 452 Grecorum
770 411 966 453 ecclesia
997 410 1163 452 ritibus
1193 414 1237 453 et
1265 411 1543 454 ceremoniis
1573 424 1623 454 ac
1654 411 1825 454 sanctis
1853 411 2011 455 obser-

241 481 414 523 vanciis
458 481 664 523 Romane
708 485 754 523 et
795 482 1079 523 universalis
1123 482 1320 524 ecclesie
1363 494 1456 524 non
1499 495 1664 536 parum
1709 481 1910 525 detrahit
1951 486 2010 536 et,

239 555 460 604 quantum
484 552 593 595 sinit
612 553 901 605 prelatorum
925 565 1113 594 suorum
1134 552 1407 606 pertinacia,
1430 553 1613 595 fortiter
1634 557 1679 595 et
1700 553 2011 607 perniciosius
2077 560 2082 562 ’

239 622 527 664 adversatur.
567 622 795 674 Quantum
824 626 977 665 autem
1003 623 1317 676 predictorum
1346 624 1709 666 scismaticorum
1737 636 1789 667 ac
1815 624 2010 667 aliorum

239 694 365 747 ipsos
403 694 682 736 sectancium
722 694 946 736 detractio
983 698 1048 737 tot
1085 707 1313 737 annorum
1353 696 1584 737 curriculo
1622 695 1771 738 abfuit
1809 699 1855 738 et
1890 708 2012 738 nunc

239 765 371 806 obest
404 764 541 807 saluti
573 763 801 818 fidelium,
834 766 939 818 quis
970 765 1061 808 nisi
1094 767 1262 808 mentis
1295 766 1430 819 inops
1461 766 1546 809 hoc
1579 766 1790 819 ignorat?
1828 804 1835 810 .
1872 800 1880 809 .
1915 800 1925 809 .
1958 767 2013 809 Et

239 848 503 888 quanquam
529 835 665 878 nobis
690 836 950 890 detrahant,
977 837 1203 879 orandum
1230 850 1314 890 pro
1341 837 1454 891 ipsis
1481 849 1643 879 verum
1667 837 1807 880 etiam
1834 850 2013 880 summo

240 919 382 960 opere
424 907 761 949 intendendum
802 911 872 949 est
914 909 960 950 in
1001 908 1085 950 hoc
1126 921 1257 950 sacro
1297 909 1505 961 presenti
1546 908 1756 961 concilio,
1796 911 1846 951 ut
1884 908 2012 962 ipsos

239 991 262 1019 a
293 976 578 1020 detractione
608 978 903 1021 retrahentes
932 979 990 1021 ad
1018 992 1068 1021 se
1099 980 1146 1021 in
1174 979 1350 1022 unitate
1380 980 1573 1032 spiritus
1600 979 1763 1021 venir-e
1792 982 2013 1033 operetur

240 1083 248 1090 .
284 1083 291 1090 .
328 1083 336 1090 .
376 1049 448 1091 Ad
474 1048 611 1102 quod,
638 1049 876 1102 principes
903 1050 1088 1103 prelati,
1116 1063 1201 1092 rex
1227 1053 1272 1092 et
1299 1050 1393 1092 dux
1419 1049 1534 1092 fidei
1561 1050 1791 1093 zelatores
1818 1063 1869 1092 se
1895 1050 2013 1093 offe-

238 1124 345 1162 runt
370 1120 641 1163 accomodos
666 1123 821 1163 vestre
849 1120 1077 1163 sanctitati
1101 1124 1196 1163 tum
1223 1121 1409 1164 racione
1436 1121 1698 1175 affinitatis,
1723 1134 1783 1163 ex
1809 1134 1867 1164 eo
1888 1121 2012 1176 quod

238 1191 369 1234 filius
402 1191 697 1244 imperatoris
730 1191 1232 1245 Constantinopolitani
1263 1192 1411 1235 filiam
1444 1192 1574 1235 duxit
1606 1192 1653 1234 in
1684 1205 1880 1235 uxorem
1908 1205 2013 1247 pre-

238 1262 321 1305 fati
350 1263 392 1304 d.
424 1262 553 1306 ducis
582 1266 627 1305 et
655 1262 864 1306 sobolem
894 1276 953 1305 ex
981 1276 1037 1306 ea
1066 1264 1343 1317 procreavit,
1372 1267 1467 1306 tum
1497 1264 1683 1306 racione
1714 1263 2012 1317 confinitatis,

239 1333 456 1386 quoniam
484 1337 529 1376 et
553 1346 700 1387 prope
728 1337 798 1377 est
821 1337 870 1377 et
895 1335 980 1377 sub
1008 1347 1169 1376 eorum
1197 1335 1238 1377 d.
1265 1335 1389 1388 regis
1415 1337 1462 1377 et
1487 1334 1616 1378 ducis
1643 1334 1861 1378 dominiis
1885 1337 2013 1378 tanta

240 1405 296 1447 de
333 1404 453 1448 dicto
488 1406 579 1448 ritu
616 1405 872 1448 Grecorum
910 1406 1034 1459 degit
1069 1405 1381 1449 numerositas
1418 1397 1771 1461 Grecorumjut
1805 1418 1892 1448 nec
1927 1418 2013 1460 per

239 1477 376 1518 unius
404 1477 580 1519 mensis
610 1477 816 1530 spacium
845 1489 931 1530 per
959 1480 1191 1519 terrarum
1221 1477 1419 1520 ambitus
1447 1477 1617 1530 poterit
1645 1478 1693 1519 in
1721 1477 1910 1531 longum
1937 1477 2012 1519 vel

240 1548 381 1590 latum
413 1548 701 1604 pergirarifl)
753 1548 878 1590 Inter
911 1562 1028 1602 quos
1057 1551 1168 1601 quot
1199 1548 1494 1592 cathedrales
1526 1549 1740 1602 ecclesie,
1772 1551 1883 1602 quot
1913 1549 2013 1591 loca

240 1620 461 1673 religiosa
485 1623 531 1662 et
552 1619 665 1662 edes
690 1632 820 1662 sacre
846 1620 962 1662 miro
987 1620 1122 1662 modo
1145 1623 1191 1662 et
1215 1623 1483 1673 sumptuose
1507 1622 1615 1662 sunt
1635 1622 1886 1673 exstructe,
1909 1618 2013 1673 quis

240 1690 538 1733 dinumerare
568 1694 727 1744 posset
754 1704 840 1744 pro
867 1691 1108 1744 presenti?
1155 1691 1206 1733 In
1235 1690 1404 1744 quibus
1432 1691 1658 1734 hactenus
1681 1690 1893 1744 ipsorum
1923 1691 2014 1733 cul-

239 1765 335 1804 tum
361 1761 568 1804 divinum
593 1775 721 1804 more
748 1776 831 1805 suo
855 1763 1072 1805 videntur
1095 1775 1320 1805 exercere
1347 1765 1392 1804 et
1418 1764 1708 1805 sacramenta
1732 1761 2013 1805 ministrare.

239 1833 440 1884 Quorum
477 1834 626 1875 errori
661 1834 910 1887 dampnato
945 1834 1183 1887 principes
1219 1833 1445 1887 sepedicti
1479 1833 1822 1887 compacientes
1853 1845 1915 1875 ex
1949 1833 2015 1875 in-

241 1904 362 1946 timis
394 1905 484 1947 iam
516 1904 689 1946 dudum
720 1909 766 1947 et
796 1918 917 1946 nunc
947 1905 1141 1947 fidelem
1173 1905 1398 1947 adhibere
1429 1917 1621 1958 operam
1650 1916 1744 1946 non
1773 1906 2016 1947 cesserunt

242 1988 326 2017 nec
369 1976 631 2029 cessabunt,
675 1976 929 2019 secundum
971 1976 1094 2029 quod
1135 1989 1221 2030 per
1262 1976 1457 2018 fratrem
1500 1975 1795 2018 Theodorum
1837 1974 2015 2018 ordinis

243 2046 590 2089 Predicatorum
626 2047 672 2088 in
711 2047 860 2090 Greco
894 2051 939 2089 et
975 2048 1119 2090 sacris
1156 2047 1398 2100 scripturis
1435 2046 1668 2089 eruditum
1703 2049 1896 2101 propter
1929 2046 2015 2088 hoc

243 2118 467 2160 duntaxat
507 2118 565 2161 ad
605 2119 689 2160 hoc
731 2131 911 2160 sacrum
954 2119 1199 2161 concilium
1238 2131 1420 2161 necnon
1462 2117 1815 2161 serenissimum
1854 2118 2016 2160 Roma-

243 2202 407 2231 norum
442 2202 600 2243 regem
636 2189 915 2232 destinatum
951 2190 1120 2233 vestris
1152 2189 1511 2243 paternitatibus
1545 2202 1632 2243 per
1662 2188 1857 2232 eosdem
1890 2189 2016 2243 prin-

242 2261 369 2313 cipes
402 2260 645 2302 sinceriter
675 2260 826 2303 extitit
857 2260 1142 2314 publicatum
1176 2295 1184 2303 .
1221 2295 1228 2302 .
1265 2295 1273 2302 .

363 2332 447 2374 Die
478 2332 658 2374 sabbati
688 2332 803 2374 hora
833 2344 955 2374 nona
986 2333 1060 2374 vel
1091 2333 1224 2385 quasi
1257 2332 1298 2374 d.
1331 2332 1549 2385 princeps
1580 2330 1817 2384 Gerunde,
1847 2330 2015 2384 primo-

243 2403 427 2456 genitus
449 2402 573 2456 regis
595 2403 862 2456 Aragonum
885 2402 1029 2445 offert
1052 2403 1399 2456 infrascriptam
1423 2403 1634 2446 cedulam
1657 2402 1846 2445 nomine
1868 2401 2016 2455 ipsius

245 2474 368 2526 regis
403 2474 444 2516 d.
480 2474 617 2516 Petro
651 2474 707 2516 de
742 2474 886 2527 Luna,
921 2474 967 2516 in
1001 2487 1090 2527 qua
1125 2475 1355 2527 supplicat
1389 2473 1556 2526 eidem,
1588 2473 1712 2527 quod
1746 2472 2017 2527 simpliciter

245 2545 377 2587 cedat
402 2548 448 2587 et
475 2545 575 2587 cito.

362 2616 636 2658 Beatissime
663 2616 812 2670 pater!
854 2608 968 2659 Cum
994 2616 1235 2669 negocium
1261 2616 1594 2669 extirpacionis
1621 2615 1849 2658 scismatis
1875 2649 1883 2657 .
1920 2649 1928 2657 .
1963 2614 2013 2668 .¹)

363 2687 536 2730 Similis
558 2687 808 2740 requisicio
829 2687 950 2729 facta
972 2686 1059 2729 fuit
1079 2699 1164 2740 per
1186 2688 1397 2729 comitem
1419 2684 1710 2741 Arminaci.¹‘)

366 2759 469 2801 Alia
507 2758 673 2802 similis
710 2771 796 2811 per
833 2757 1044 2800 comitem
1084 2758 1214 2800 Fuxi.

364 2830 467 2872 Alia
505 2829 670 2872 similis
710 2841 794 2883 per
832 2829 1194 2872 ambassiatores
1232 2830 1357 2882 regis
1396 2828 1612 2872 Castelle.

364 2900 467 2943 Alia
506 2900 670 2943 similis
706 2913 793 2953 per
830 2900 981 2942 filium
1019 2903 1066 2942 et
1101 2899 1464 2943 ambassiatores
1501 2900 1626 2953 regis
1663 2900 1882 2942 Navarre.

351 3009 380 3036 a)
398 2986 436 3030 rso
458 3007 494 3037 B,
516 3006 543 3031 (η
601 3005 633 3032 ὓ)
656 3006 682 3031 R
704 3004 855 3031 Ariuiaci.

368 3067 398 3109 ¹)
426 3066 545 3101 Hardt
572 3066 619 3109 II,
642 3066 728 3108 4923
758 3066 881 3100 Mansi
908 3064 1066 3108 XXVII,
1092 3064 1191 3099 1092.
