2227 3434
773 123 863 158 1417
883 122 962 158 Juli
983 123 1004 157 4
1026 143 1068 148 —
1089 123 1167 158 Juli
1190 123 1243 156 11.
1806 125 1889 168 501

125 241 245 283 batis
282 241 329 282 in
368 240 558 294 limpide
597 253 647 282 ac
685 234 942 283 certissime
982 241 1396 283 demonstracionis
1435 242 1682 294 capacibus
1720 242 1892 285 mathe-

125 311 303 353 maticis
340 311 614 364 disciplinis,
650 311 697 352 in
734 312 935 353 naturali
974 312 1231 368 moralique
1269 312 1578 365 philosophia,
1616 313 1662 354 in
1699 325 1892 365 prorsus

125 381 354 423 abstracte
377 382 714 434 speculacionis
738 381 923 424 sublimi
946 382 1274 434 metaphysica,
1298 395 1386 435 que
1408 395 1493 435 per
1516 383 1699 436 singula
1718 382 1892 425 dudum

126 451 407 494 Parisiensis
431 452 588 494 doctor
611 465 732 494 unus
755 452 972 505 egregius
996 452 1308 505 Hispanorum
1334 453 1405 494 hic
1431 453 1689 495 deducebat
1716 487 1724 495 .
1760 487 1767 494 .
1804 487 1812 495 .

242 522 297 565 Et
320 523 480 576 quinto
505 522 801 565 conferamus
828 523 1049 564 unitatem
1075 524 1133 565 ad
1160 524 1243 564 Dei
1270 523 1544 575 ministrum,
1569 525 1724 577 gregis
1750 525 1892 566 eccle-

125 594 193 634 sie
217 593 263 634 in
285 592 448 636 salutis
471 606 643 647 pascuo
665 594 969 635 reductorem.
1007 594 1073 635 De
1097 594 1225 636 cuius
1250 595 1424 636 unitate
1450 595 1495 635 in
1518 594 1689 637 vertice
1714 607 1893 636 summo

124 663 437 706 ecclesiastice
470 664 810 707 iurisdiccionis
843 665 1228 706 necessarissima
1260 664 1372 707 satis
1405 665 1482 706 diu
1516 665 1632 707 alias
1665 665 1762 707 dixi
1795 699 1803 707 .
1840 699 1847 706 .
1884 698 1892 706 .

124 733 226 777 Scio
251 747 376 787 vero,
403 735 492 776 nisi
520 734 746 787 scripture
773 738 816 776 et
843 735 1053 776 doctores
1080 748 1152 776 me
1180 735 1359 786 fallant,
1386 736 1508 788 quod
1535 736 1776 789 plenitudo
1800 749 1893 778 una

124 808 168 846 et
205 817 382 847 summa
421 810 557 858 atque
596 805 804 858 perfecta
843 807 1084 858 potestatis
1122 810 1168 847 et
1203 806 1542 848 iurisdiccionis
1580 806 1892 849 ecclesiastice

125 876 182 917 ad
209 876 355 917 Deum
377 889 535 928 unum,
559 877 838 918 salvatorem
865 889 1004 918 unum
1028 880 1072 918 et
1096 877 1414 929 mediatorem,
1440 880 1488 919 ut
1509 877 1768 930 predictum
1791 877 1892 930 fuit,

124 947 346 988 vicarium
382 946 533 999 ipsum
569 959 725 999 unum,
761 947 946 999 quando
982 951 1065 999 est,
1101 948 1359 989 columbam
1396 951 1440 989 et
1474 948 1718 990 ecclesiam
1754 960 1892 990 unam

125 1017 420 1060 securissime
458 1021 502 1059 et
540 1017 895 1060 catholicissime
934 1018 1152 1071 revolvia)
1194 1018 1423 1071 siquidem
1463 1018 1772 1060 existimanda
1810 1022 1892 1061 est.

124 1088 243 1139 Quid
280 1100 392 1141 ergo
430 1088 492 1131 sic
531 1089 655 1140 angit
694 1091 738 1130 et
776 1089 1015 1130 contristat
1053 1089 1231 1131 animos
1270 1090 1545 1142 aliquorum,
1585 1090 1622 1130 si
1661 1089 1892 1142 theologie

125 1159 419 1211 monimenta,
454 1160 490 1201 si
526 1159 798 1201 documenta
833 1163 1109 1209 sanctorum,
1145 1160 1181 1200 si
1216 1159 1477 1212 posiciones
1510 1160 1802 1202 decretorum
1832 1163 1893 1212 te,

124 1229 415 1272 benedictam
443 1233 487 1271 et
514 1229 813 1282 apostolicam
842 1230 1001 1271 sedem
1028 1234 1246 1282 tuamque
1275 1231 1391 1272 sacri
1423 1235 1612 1273 senatus
1640 1234 1684 1272 et
1712 1231 1894 1284 collegii

125 1300 415 1342 benedictam
440 1300 759 1342 assistenciam
783 1302 1017 1353 preconiis
1041 1301 1502 1354 magnificentissime
1527 1302 1762 1343 efferant?
1801 1302 1893 1343 Hec

124 1370 243 1413 forte
281 1371 460 1414 occasio
497 1375 580 1420 est,
620 1372 838 1424 quoniam
876 1371 997 1414 fetor
1036 1371 1220 1414 tabidus
1261 1406 1268 1413 .
1305 1407 1313 1414 .
1349 1410 1355 1416 .
1397 1372 1687 1414 celsitudinis
1727 1373 1893 1415 solium

123 1442 370 1484 maculavit
401 1446 446 1484 et
479 1443 661 1485 curiosa
695 1443 1022 1496 peccuniarum
1055 1443 1334 1496 negociacio,
1368 1456 1459 1485 non
1495 1446 1647 1485 autem
1681 1443 1893 1485 salvifica

124 1513 382 1566 compassio
407 1513 667 1555 animarum
692 1517 767 1556 tue
796 1514 1032 1567 dignitatis
1058 1514 1324 1556 cathedram
1352 1514 1670 1567 pontificalem
1698 1526 1894 1556 commu-

123 1584 235 1626 tavit
258 1585 458 1637 turpiter
483 1584 529 1626 in
556 1584 808 1627 scabellam
834 1584 1131 1636 cambiorum,
1159 1585 1508 1638 virgineamque
1537 1585 1704 1627 faciem
1731 1585 1894 1638 capitis

124 1654 319 1697 ecclesie
348 1656 527 1697 enormi
558 1659 718 1708 stupro
747 1656 936 1698 violavit
965 1668 1015 1698 ac
1043 1659 1184 1698 totum
1214 1668 1335 1709 pene
1366 1656 1580 1698 decorem
1610 1657 1674 1700 tui
1703 1659 1894 1698 ornatus

124 1729 169 1768 et
199 1727 402 1779 gloriose
435 1726 606 1769 veteris
641 1727 913 1769 assistencie
947 1727 1206 1769 suffocavit.
1252 1728 1408 1769 Aurea
1441 1727 1677 1769 humilitas
1710 1731 1892 1780 patrum

125 1809 260 1840 versa
293 1802 364 1840 est
397 1798 755 1840 intolerabiliter
790 1799 835 1839 in
870 1798 1063 1840 scoriam
1100 1802 1144 1840 et
1177 1798 1304 1841 feces
1338 1811 1624 1851 pomparum.
1676 1798 1894 1840 Intolera-

125 1868 280 1911 biliter
309 1881 436 1920 sane,
464 1870 585 1922 quia,
613 1869 701 1911 nisi
730 1873 805 1911 aut
834 1869 1105 1911 emendacio
1132 1882 1217 1923 per
1244 1870 1444 1922 pastoris
1472 1873 1517 1911 et
1544 1873 1700 1912 sancte
1729 1869 1892 1922 synodi

125 1939 526 1992 reformacionem,
561 1944 637 1982 aut
670 1941 867 1983 ulterius
900 1940 1177 1983 continuatis
1210 1941 1434 1982 abusibus
1469 1938 1716 1994 reductio¹·)
1753 1941 1895 1982 eccle-

126 2010 298 2052 siarum
327 2011 384 2053 ad
415 2012 571 2064 nichil,
600 2012 870 2064 prophetica
900 2011 1170 2054 malediccio
1200 2015 1359 2053 restat:
1405 2012 1471 2053 Ve
1502 2011 1647 2063 vobis,
1677 2012 1755 2064 qui
1786 2023 1896 2064 opu-

128 2082 238 2124 lenti
263 2082 376 2125 estis
400 2083 445 2124 in
469 2082 591 2135 Syon
615 2086 659 2124 et
683 2082 918 2125 confiditis
943 2083 987 2124 in
1013 2087 1166 2124 monte
1192 2082 1414 2134 Samarie,
1442 2083 1486 2123 id
1509 2086 1579 2124 est
1604 2082 1730 2124 iuxta
1752 2081 1895 2124 nomi·
1933 2077 1938 2086 ’

125 2153 199 2196 nis
234 2153 687 2207 interpretacionem,
724 2155 798 2207 qui
840 2155 884 2195 in
922 2154 1165 2196 altitudine
1204 2154 1366 2207 capitis
1404 2153 1652 2206 pastoralis
1688 2152 1894 2195 custodie

126 2227 398 2278 arroganter
434 2228 480 2266 et
515 2225 775 2277 pompatice
812 2224 1119 2277 opprimendo
1156 2238 1322 2278 corpus
1361 2236 1526 2266 vanam
1562 2224 1757 2277 gloriam
1792 2235 1895 2276 per-

126 2294 322 2347 quiritis.
358 2294 492 2337 Unde
516 2295 724 2348 sequitur
747 2296 1064 2348 opprimentes
1088 2297 1237 2348 capita
1261 2296 1553 2348 populorum,
1578 2294 1895 2348 ingredientes

127 2366 385 2418 pompatice
412 2366 595 2408 domum
628 2366 787 2419 lsrael,
817 2367 979 2420 (Amos
1007 2366 1082 2410 VI.
1112 2369 1231 2421 cap.)
1262 2366 1519 2418 predictum
1549 2366 1700 2408 inanis
1726 2377 1894 2418 pompe

127 2436 323 2478 fetorem
347 2440 391 2479 et
415 2438 472 2479 ob
495 2437 613 2479 hanc
636 2437 879 2490 dissipium
904 2437 1093 2478 crudele
1119 2438 1358 2478 ruencium
1382 2437 1685 2478 ecclesiarum
1710 2448 1895 2488 semper

129 2519 237 2549 vere
274 2507 597 2550 detestandum
633 2508 913 2559 existimavi3
952 2508 1027 2561 qui
1066 2512 1219 2549 tamen
1258 2508 1430 2549 dudum
1469 2509 1513 2549 in
1550 2507 1759 2560 presenti
1796 2507 1895 2548 loco

128 2589 220 2619 non
261 2590 474 2631 pompam
518 2583 587 2621 set
627 2579 931 2631 honestatem,
972 2592 1063 2620 non
1105 2578 1421 2632 arroganciam
1465 2582 1534 2620 set
1577 2578 1893 2620 reverenciam

129 2649 176 2690 in
213 2649 427 2691 culminis
466 2649 705 2702 apostolici
746 2662 796 2691 ac
835 2650 936 2691 eius
976 2650 1172 2692 illustris
1212 2649 1710 2690 reverendissimorum
1750 2648 1895 2689 cardi-

129 2719 304 2761 nalium
327 2719 584 2772 collegialis
609 2719 879 2762 assistencie
906 2720 1305 2772 magnificenciam
1333 2721 1498 2761 merito
1519 2718 1894 2770 commendavi).

130 2789 220 2832 Nec
253 2793 344 2832 tam
380 2790 468 2832 cito
505 2791 629 2843 potui
670 2791 785 2832 hanc
822 2790 1087 2832 cathedram
1125 2791 1342 2842 evadere,
1379 2791 1487 2842 quin
1528 2791 1625 2831 ioco
1662 2790 1734 2830 vel
1772 2788 1894 2830 serio

128 2871 304 2901 mecum
334 2873 455 2903 unus
484 2861 740 2912 peritorum
773 2862 832 2902 ita
861 2861 1113 2902 conferret:
1158 2861 1326 2912 thuid
1360 2864 1525 2902 statum
1558 2860 1701 2911 illum,
1733 2859 1893 2911 inquit,

129 2933 175 2972 et
206 2930 390 2973 racione
424 2931 550 2972 curie
585 2934 826 2984 tantopere
862 2931 1181 2984 magnificasti,
1217 2931 1292 2984 qui
1328 2930 1641 2973 vetustissimo
1674 2928 1894 2983 temporis

228 3014 331 3063 asiis
351 3033 483 3061 resolvi.
541 3034 571 3060 l»
595 3035 639 3061 Hs
661 3033 847 3062 rerluctivis.
905 3042 933 3061 c»
957 3042 991 3061 su
1014 3035 1069 3061 Il:.
