2102 3444
307 161 390 203 708
743 156 806 190 lll.
840 152 1049 189 Abs-chniu.
1094 150 1245 186 Reform
1279 151 1354 185 und
1389 148 1637 195 Verfassung.

309 277 495 318 tentiam
533 279 687 316 contra
725 285 843 324 eum,
880 271 1000 324 quod
1037 273 1106 311 est
1141 272 1299 312 contra
1336 269 1587 311 secundam
1622 273 1667 312 et
1700 269 1890 312 terciam
1925 280 2074 312 asser-

309 348 477 387 ciones.

428 418 539 458 Item
564 416 683 456 circa
707 414 821 455 illud
846 413 1039 453 verbum
1064 411 1359 464 „residente“
1382 411 1431 452 *in
1453 410 1597 453 tercia
1618 411 1902 464 assercione,
1924 409 2076 464 queri-

310 492 395 537 tur,
432 491 580 528 utrum
619 485 902 537 intelligatur
938 482 995 524 de
1031 481 1293 525 residencia
1328 482 1375 523 in
1411 482 1511 524 loco
1545 481 1727 524 concilii
1763 482 1837 524 vel
1873 481 1930 524 de
1965 481 2077 523 resi-

310 558 471 598 (lencia
499 557 542 596 in
571 555 781 596 ecclesia.
821 554 865 595 Si
896 553 1046 605 primo
1073 553 1222 606 modo,
1249 565 1409 606 que-ro,
1437 564 1582 605 quare
1610 553 1879 595 necessaria
1906 551 1964 596 sit
1989 551 2077 594 ista

310 627 582 668 residencia.
625 625 669 667 Si
701 625 823 666 enim
853 637 974 677 papa
1004 624 1143 666 habet
1172 624 1298 666 solus
1326 626 1603 676 ¹potestatem
1633 623 1946 677 congregandi
1974 635 2078 666 con-

308 698 476 749 cilium,
516 698 654 739 etiam
694 696 820 737 solus
860 698 1135 747 potestatem
1175 693 1482 746 dis-solvendi3
1522 697 1569 736 et
1608 694 1724 736 sicut
1762 696 1981 736 convocat
2020 693 2078 736 ad

310 781 448 809 unum
486 768 544 809 ita
577 770 679 820 post
713 779 948 808 recessum
984 778 1116 807 suum
1151 765 1209 807 ab
1240 765 1325 807 illo
1358 766 1457 807 loco
1489 765 1563 806 vel
1597 768 1845 818 antequam
1880 765 1939 808 ad
1971 777 2077 807 eum

308 839 474 890 veniat,
508 841 658 891 potest
691 849 944 879 convocare
979 836 1037 878 ad
1071 836 1213 878 alium
1247 839 1292 877 et
1321 835 1555 889 inhibere,
1588 848 1647 877 ne
1678 835 1867 878 'interim
1899 834 2078 889 aliquid

311 909 408 961 i'iat3
444 921 535 950 non
569 909 692 949 enim
726 920 810 961 per
844 919 1081 949 recessum
1115 919 1248 948 suum
1283 907 1356 948 vel
1391 906 1537 948 eciam
1567 919 1657 960 per
1691 905 1847 960 fugam
1880 906 2077 959 videtur,

308 980 429 1032 quod
461 980 629 1021 debeat
660 979 871 1020 amittere
905 978 1075 1020 invitus
1107 977 1373 1030 exequendi
1406 980 1696 1030 potestatem,
1725 980 1889 1039 etxper
1918 989 2079 1020 conse-

309 1063 470 1103 quens,
504 1050 540 1092 si
572 1050 655 1091 hoc
688 1049 890 1102 fecisset,
924 1049 1163 1090 ,Iohannes
1196 1061 1289 1090 non
1319 1048 1550 1101 potuisset
1580 1047 1767 1101 deponi,
1799 1047 1923 1101 quod
1955 1060 2079 1091 asse-

310 1133 413 1162 rere
440 1124 510 1162 est
536 1121 756 1162 inducere
783 1132 998 1172 magnum
1025 1132 1234 1161 errorem
1259 1119 1309 1160 ¹in
1332 1118 1547 1161 ecclesia.
1584 1119 1631 1162 Si
1657 1131 1770 1161 vero
1795 1123 1866 1162 est
1891 1119 2079 1161 omnino

309 1191 575 1233 necessaria
599 1190 874 1243 residencia,
900 1194 1006 1232 tunc
1033 1202 1192 1243 quero,
1218 1193 1371 1232 utrum
1397 1190 1665 1242 requiratur
1689 1189 1953 1232 residencia
1976 1201 2080 1243 per-

312 1262 485 1305 sonalis
508 1274 642 1315 pape,
666 1274 723 1303 an
748 1261 967 1313 sufficiat,
991 1261 1114 1313 quod
1136 1273 1222 1314 per
1244 1264 1593 1313 procuratorem
1614 1273 1701 1302 seu
1723 1260 1947 1302 vicarium
1968 1259 2080 1302 resi·-

311 1333 432 1374 deat:
477 1332 521 1374 Si
550 1332 828 1385 personalis,
857 1331 1023 1373 mirum
1050 1335 1137 1384 est,
1168 1331 1291 1384 quod
1319 1344 1442 1384 papa
1471 1344 1564 1373 non
1590 1331 1740 1385 possit
1767 1331 1830 1374 ita
1859 1331 2080 1384 delegare

312 1404 356 1445 in
381 1407 522 1446 totum
545 1404 668 1444 vices
694 1416 802 1445 suas
827 1403 885 1444 ad
906 1403 1028 1444 hunc
1052 1405 1215 1455 actum,
1241 1402 1417 1444 scilicet
1441 1402 1500 1444 aid
1523 1402 1860 1455 p-residenvdum
1884 1402 1932 1444 in
1956 1404 2081 1444 certo

311 1474 516 1526 concilio,
552 1474 667 1516 sicut
699 1478 850 1526 potest
883 1473 942 1515 ad
976 1474 1092 1515 alios
1128 1476 1267 1517 actus.
1319 1473 1432 1515 Item
1463 1473 1691 1526 sequitur,
1727 1472 1864 1526 quod,
1896 1471 1938 1515 si
1971 1471 2080 1514 olim

311 1545 548 1587 ‚Johannes
574 1545 822 1586 mansisset
845 1544 918 1586 hic
944 1544 990 1585 in
1013 1543 1213 1586 concilio
1236 1547 1282 1586 et
1305 1556 1398 1586 non
1424 1543 1711 1599 recessisset,
1735 1556 1829 1585 non
1854 1542 2081 1597 potuisset

312 1616 498 1668 procedi
525 1619 683 1657 contra
707 1627 826 1668 eum,
853 1616 1017 1657 saltem
1040 1627 1102 1656 ex
1128 1615 1222 1656 illis
1247 1615 1414 1668 causis,
1440 1627 1498 1656 ex
1524 1614 1694 1667 quibus
1716 1626 1987 1667 processum
2011 1615 2081 1657 est

312 1689 468 1728 contra
490 1699 594 1727 eum
617 1689 661 1728 et
683 1699 741 1727 ex
764 1686 934 1739 quibus
954 1686 1054 1739 ipse
1075 1689 1146 1728 est
1167 1685 1422 1739 depositus,
1445 1685 1568 1738 quod
1589 1697 1806 1728 asserere
1826 1687 1899 1728 est
1918 1684 2082 1728 venire

310 1760 466 1798 contra
498 1756 733 1798 decretum
762 1757 901 1800 huius
927 1756 1125 1798 concilii.
1168 1756 1215 1798 Si
1245 1769 1358 1798 vero
1384 1755 1578 1809 sufficit,
1610 1755 1733 1809 quod
1761 1755 1968 1809 resideat
1995 1766 2081 1809 per

310 1830 670 1880 procuratorem,
720 1827 834 1869 sicut
878 1827 928 1868 *in
976 1828 1219 1880 plerisque
1267 1827 1471 1880 antiquis
1517 1827 1728 1869 conciliis
1776 1826 1947 1869 factum
1997 1827 2080 1879 est,

311 1898 494 1950 quando
534 1911 654 1951 papa
693 1899 902 1941 mittebat
940 1899 1132 1952 legato-s,
1172 1901 1279 1940 tunc
1317 1898 1482 1940 eodem
1520 1897 1657 1940 modo
1694 1897 1919 1951 sequitur,
1958 1895 2080 1951 quod

312 1968 432 2010 istud
455 1969 697 2011 concilium
721 1982 813 2011 non
838 1972 989 2022 potest
1010 1969 1270 2022 procedere
1293 1973 1455 2012 contra
1479 1968 1755 2022 Johannem,
1779 1967 1901 2022 quia,
1923 1972 1974 2012 ut
1995 1979 2080 2021 pro

312 2043 434 2081 certo
467 2039 705 2092 asseritur,
737 2043 841 2092 post
871 2040 1029 2093 fugam
1062 2052 1191 2082 suam
1220 2039 1324 2092 ¹ipse
1359 2039 1486 2081 dedit
1517 2039 1733 2082 omnibus
1765 2037 2081 2081 cardinalibus

314 2110 358 2150 in
394 2110 591 2151 solidum
624 2113 899 2162 potestatem
934 2110 1208 2164 presidendi
1243 2111 1453 2163 concilio,
1488 2110 1548 2152 ita
1583 2109 1707 2163 quod
1741 2122 1929 2163 semper
1961 2121 2081 2164 unus

312 2192 471 2221 eorum
497 2181 772 2234 presideret,
798 2181 905 2223 licet
928 2182 1013 2223 hoc
1038 2194 1131 2223 non
1155 2181 1216 2223 sit
1241 2180 1288 2222 in
1313 2181 1508 2223 concilio
1532 2180 1831 2234 publicatum,
1857 2180 1965 2233 quia
1989 2179 2081 2226 for-¹

314 2254 436 2293 tasse
476 2264 567 2293 non
606 2252 773 2295 fuisset
811 2252 1014 2294 admissa
1051 2252 1159 2295 talis
1197 2255 1417 2305 potestas.
1468 2251 1515 2294 Si
1554 2263 1669 2294 vero
1704 2251 1910 2293 secundo
1946 2249 2082 2294 modo

316 2321 597 2374 intelligatur
619 2322 928 2376 „residente“,
951 2323 1126 2366 scilicet
1144 2322 1205 2364 de
1226 2322 1464 2365 residente
1483 2323 1534 2364 ¹in
1555 2322 1767 2375 ecclesia,
1785 2324 1836 2364 ut
1856 2331 2081 2375 expresse

314 2392 499 2443 ponitur
532 2392 577 2433 in
608 2392 767 2435 ultima
800 2393 1081 2446 assercione,
1115 2393 1239 2446 quod
1270 2397 1340 2436 est
1371 2405 1476 2436 esse
1507 2392 1566 2434 de
1599 2392 1778 2446 gremio
1806 2391 2007 2434 ecclesie
2037 2392 2082 2432 et

316 2461 496 2503 videtur
524 2475 628 2504 esse
659 2463 715 2504 de
747 2467 900 2505 mente
933 2464 1204 2516 asserent-is,
1235 2466 1280 2505 et
1309 2464 1519 2516 capiatur
1548 2462 1768 2517 ,legitime
1797 2460 2080 2516 presidente‘

316 2533 464 2584 primo
489 2533 637 2586 modo,
664 2535 838 2576 scilicet
864 2534 1051 2587 quando
1076 2537 1146 2577 est
1172 2535 1407 2588 legitimus
1431 2546 1567 2587 papa,
1591 2534 1806 2587 quamvis
1831 2532 2000 2586 aliquis
2024 2531 2082 2575 sit

316 2602 525 2656 iniustus,
556 2604 632 2656 qui
664 2616 830 2646 sensus
861 2592 931 2647 est
960 2604 1258 2658 communior,
1289 2608 1396 2647 tunc
1427 2604 1502 2647 isti
1531 2604 1674 2646 oblati
1704 2604 1916 2646 absolute
1945 2601 2081 2657 positi

317 2674 611 2716 resolvuntur
637 2675 682 2715 in
708 2675 1088 2729 condicionalem,
1112 2676 1197 2717 hoc
1223 2679 1307 2728 est,
1334 2675 1372 2718 si
1396 2687 1519 2728 papa
1545 2674 1751 2728 legitime
1772 2673 2014 2728 presideat
2036 2675 2082 2715 et

318 2744 353 2784 si
389 2744 591 2786 resideat
626 2745 670 2785 in
703 2746 914 2798 ecclesia,
947 2758 1003 2787 6ο
1031 2758 1143 2788 casu
1175 2745 1380 2788 totaliter
1409 2745 1551 2788 hab-et
1579 2744 1911 2787 execueionem
1943 2746 1989 2786 et
2019 2743 2082 2786 sic

319 2813 621 2866 intelligendo
648 2816 796 2857 solum
824 2816 869 2857 in
898 2816 1078 2858 duobus
1106 2816 1290 2859 casibus
1316 2815 1560 2858 concilium
1588 2815 1729 2858 habet
1752 2815 2083 2857 execueionem

317 2896 398 2925 sue
431 2882 773 2938 iurisdictionis,
806 2886 980 2929 scilicet
1011 2887 1057 2927 in
1089 2899 1228 2929 causa
1254 2886 1500 2940 scismati-s,
1530 2886 1610 2928 ubi
1643 2885 1948 2939 dubitaretur,
1979 2884 2081 2938 quis

319 2966 376 2994 ex
403 2955 616 3006 pluribus
643 2956 816 3009 electis,
844 2957 916 2998 vel
944 2969 1002 2998 an
1030 2957 1200 3009 aliquis
1226 2970 1360 3010 unus,
1388 2957 1466 3010 qui
1493 2960 1563 2999 est
1585 2957 1716 2999 solus
1743 2957 1934 3010 electu-s,
1959 2957 2083 2998 esset

320 3036 457 3066 verus
485 3038 605 3077 papa
635 3028 707 3067 vel
737 3039 844 3079 non,
873 3028 1059 3068 racione
1089 3027 1208 3071 tituli
1240 3028 1453 3080 acquisiti
1481 3028 1555 3069 vel
1584 3039 1678 3069 non
1707 3026 1936 3080 acquisiti3
1964 3028 2010 3068 et
2035 3023 2083 3066 in
