2227 3434
585 193 623 227 C.
665 193 756 228 Acta
783 194 932 229 concilii
960 194 1028 228 des
1056 193 1097 228 G.
1125 194 1172 228 de
1201 194 1330 228 Turre.
1756 194 1839 237 357

76 311 430 365 proponendum
460 315 505 353 et
535 311 864 364 exponendum
897 311 942 352 in
974 312 1093 354 dicto
1124 311 1310 364 publico
1340 311 1626 363 consistorio,
1658 324 1747 363 que
1779 310 1842 352 di-

77 394 197 434 cere,
225 394 490 436 proponere
520 394 603 423 seu
632 393 870 434 exponere
901 383 1088 423 vellent.

197 452 280 495 Die
312 452 423 495 lune
457 453 684 505 sequenti,
718 464 806 505 que
839 452 925 494 fuit
957 452 1035 494 XI.
1069 452 1176 494 dicti
1211 453 1384 494 mensis
1420 452 1592 506 Marcii,
1624 452 1842 505 prelibati

78 523 119 565 d.
154 523 516 566 ambassiatores
547 535 632 576 per
665 535 888 576 organum
923 523 962 567 d.
997 523 1205 576 episcopi
1241 522 1628 565 Carcassonensis
1662 522 1709 564 in
1740 534 1845 576 pre-

78 593 234 636 sencia
263 606 398 648 pape,
430 594 737 647 imperatoris,
768 593 1074 636 cardinalium
1104 597 1149 635 et
1179 594 1323 636 tocius
1355 593 1535 636 concilii
1566 606 1616 636 ac
1647 593 1844 636 aliorum

78 664 308 707 interesse
355 665 615 706 volencium
663 664 709 705 in
757 664 1050 706 multitudine
1097 664 1284 718 copiosa
1332 665 1545 706 fecerunt
1591 663 1694 716 dici,
1741 676 1845 717 pro-

78 736 187 788 poni
227 739 273 778 et
309 736 494 789 exequi,
532 739 668 789 prout
704 735 751 776 in
786 735 1113 788 proposicione
1155 735 1367 788 sequenti
1406 736 1680 777 continetur.
1731 734 1845 786 Que-

78 805 264 859 quidem
295 806 559 859 proposicio
590 805 717 848 iuxta
748 805 988 848 materiam
1021 805 1306 859 agendorum
1340 806 1386 847 in
1417 805 1610 848 concilio
1642 809 1686 848 et
1719 817 1846 849 sanc-

76 876 243 919 tissimi
274 877 503 930 propositi
536 877 660 930 regis
693 875 1066 919 christianissimi
1097 876 1188 919 fuit
1219 877 1277 919 ab
1310 876 1524 919 omnibus
1555 876 1845 930 permaxime

79 947 279 1001 laudata,
316 947 587 1001 approbata,
622 947 942 990 commendata
979 950 1024 989 et
1057 960 1150 990 non
1187 947 1287 989 sine
1325 960 1476 989 causa.
1525 947 1699 989 Thema
1735 958 1846 989 vero

79 1017 197 1062 dicte
224 1017 563 1071 proposicionis
592 1017 697 1060 fuit:
743 1017 927 1071 Dissipa
955 1021 1037 1060 etc.

197 1088 373 1132 Diebus
398 1100 511 1132 vero
535 1089 711 1142 martis,
737 1089 969 1142 mercurii,
996 1089 1112 1131 iovis
1139 1092 1183 1131 et
1208 1089 1397 1131 veneris
1424 1088 1510 1131 fuit
1537 1088 1846 1131 deliberatum

80 1172 165 1213 per
207 1160 429 1203 naciones
473 1159 777 1212 Gallicanam,
820 1159 1124 1213 Anglicanam
1167 1163 1214 1201 et
1255 1159 1594 1212 Germanicam,
1638 1159 1760 1213 quod
1804 1159 1845 1200 d.

78 1233 236 1273 noster
276 1230 477 1273 debebat
515 1230 795 1273 constituere
835 1233 1161 1284 procuratores
1202 1230 1243 1272 d.
1286 1231 1614 1283 imperatorem
1653 1233 1698 1272 et
1736 1242 1848 1272 non-

79 1302 234 1344 nullos
260 1300 377 1344 alios
404 1301 490 1344 sub
516 1301 704 1344 nomine
732 1301 966 1355 dignitatis
993 1301 1052 1344 ad
1077 1301 1335 1343 cedendum
1364 1302 1553 1354 papatui
1581 1304 1679 1353 etc.,
1706 1313 1848 1354 quan-

79 1371 321 1426 docunque
358 1372 464 1414 huic
501 1385 632 1416 sacro
669 1372 860 1414 concilio
897 1372 1158 1425 expediens
1194 1371 1444 1414 videretur.
1494 1371 1591 1423 Quo
1627 1374 1847 1425 percepto

76 1455 162 1496 per
196 1443 238 1485 d.
271 1446 481 1486 nostrum
515 1443 678 1485 volens
712 1443 902 1485 obviare
939 1442 1288 1496 deliberacioni,
1323 1445 1649 1496 procuratores
1683 1443 1848 1484 consti-

81 1517 210 1556 tuere
242 1514 431 1556 minime
462 1513 753 1567 desiderans,
786 1514 1019 1569 sabbatoa)
1054 1515 1268 1567 sequenti
1300 1513 1534 1556 mandavit
1565 1525 1651 1566 pro
1681 1513 1722 1555 d.
1754 1525 1849 1555 car-

79 1584 327 1638 dinalibus,
358 1584 591 1638 deputatis
620 1584 866 1627 nacionum
895 1589 941 1628 et
969 1585 1073 1628 aliis
1104 1597 1240 1638 quam
1270 1584 1497 1637 plurimis.
1540 1584 1716 1635 Quibus
1745 1597 1849 1626 con-

80 1656 252 1699 vocatis
285 1655 332 1698 in
367 1656 473 1699 aula
506 1669 673 1710 magna
707 1655 816 1699 fecit
851 1657 939 1698 dici
974 1660 1019 1698 et
1053 1656 1329 1709 responderi
1364 1668 1449 1709 per
1485 1655 1526 1697 d.
1562 1654 1847 1697 cardinalem

80 1726 399 1770 Florentinum
433 1727 491 1770 ad
522 1727 667 1781 petita
699 1730 745 1770 et
777 1726 1038 1769 deliberata
1070 1739 1154 1780 per
1189 1726 1332 1769 dictas
1365 1726 1598 1779 naciones,
1632 1728 1768 1779 prout
1802 1727 1848 1767 in

80 1796 244 1841 sedula
273 1798 487 1851 sequenti
514 1798 790 1840 continetur:
833 1797 1144 1840 Venerabiles
1173 1798 1346 1840 fratres
1375 1800 1419 1839 et
1447 1797 1601 1839 dilecti
1628 1796 1737 1838 filii!
1779 1796 1848 1838 Ad

80 1867 197 1911 illud
227 1869 350 1922 quod
381 1903 389 1911 .
426 1903 433 1910 .
470 1903 478 1911 .
510 1867 829 1924 predictas¹’)¹)

198 1940 284 1983 Die
318 1941 428 1982 lune
462 1940 633 1982 XVIII,
669 1940 776 1982 dicti
811 1940 986 1982 mensis
1018 1940 1212 1982 nacione
1248 1939 1491 1981 Gallicana
1524 1942 1771 1981 convocata
1805 1941 1849 1980 et

81 2014 371 2065 congregata,
408 2011 454 2052 in
492 2024 581 2064 qua
618 2014 753 2054 erant
787 2014 1001 2064 quattuor
1038 2011 1079 2052 d.
1118 2010 1381 2053 cardinales
1419 2023 1504 2063 pro
1542 2009 1849 2052 deliberando

81 2094 223 2135 super
253 2083 562 2135 responsione
591 2082 762 2135 prefati
794 2082 835 2123 d.
866 2082 1026 2134 nostri,
1058 2094 1116 2123 an
1148 2080 1371 2123 sufficere
1404 2080 1611 2134 deberet,
1643 2081 1715 2122 vel
1748 2093 1850 2133 pro-

82 2156 319 2196 curatores
362 2152 605 2206 premissis
649 2165 742 2195 non
785 2153 1075 2195 obstantibus
1119 2151 1400 2195 constituere
1444 2154 1698 2203 teneretur,
1743 2153 1848 2193 ante

83 2222 478 2266 deliberacionem
503 2224 689 2266 intravit
711 2223 751 2268 d,
777 2223 1028 2276 imperator
1053 2223 1306 2266 associatus
1331 2222 1511 2265 duabus
1534 2222 1709 2264 scilicet
1731 2221 1851 2274 Ang-

84 2294 233 2337 licana
268 2297 314 2337 et
350 2294 627 2337 Germanica
661 2294 935 2337 nacionibus
971 2294 1017 2336 in
1052 2306 1218 2347 magno
1253 2305 1448 2335 numero
1484 2293 1771 2346 prelatorum
1806 2295 1851 2333 et

82 2364 369 2407 notabilium.
409 2365 465 2408 Et
490 2365 633 2408 voluit
660 2378 711 2407 ac
739 2365 994 2418 requisivit,
1023 2364 1145 2418 quod
1172 2364 1432 2406 deliberata
1458 2367 1505 2406 et
1531 2363 1740 2406 advisata
1766 2375 1851 2416 per

83 2435 225 2479 dictas
259 2435 374 2478 duas
408 2436 627 2478 naciones
664 2436 835 2478 ibidem
870 2436 1245 2489 approbarentur
1279 2438 1324 2477 et
1357 2436 1733 2487 proponerentur
1765 2446 1850 2487 per

84 2504 267 2548 modum
301 2506 621 2549 advisamenti.
669 2507 735 2548 De
771 2507 939 2560 quibus
974 2507 1015 2548 d.
1050 2506 1315 2548 cardinales
1348 2508 1562 2558 quattuor
1595 2508 1641 2546 et
1674 2504 1851 2547 ambas-

85 2576 280 2620 siatores
305 2577 679 2620 christianissimi
706 2577 829 2631 regis
857 2577 1050 2620 Francie
1077 2580 1123 2619 et
1148 2576 1250 2618 fere
1278 2579 1371 2618 tota
1395 2576 1529 2618 nacio
1553 2575 1744 2617 fuerunt
1771 2574 1851 2616 ali-

85 2647 285 2699 qualiter
324 2647 489 2691 irritati
530 2648 737 2691 dicentes
776 2651 821 2690 et
860 2650 1176 2701 proponentes
1217 2646 1401 2689 modum
1439 2647 1611 2688 bonum
1652 2658 1735 2687 seu
1774 2645 1852 2686 ho-

86 2720 267 2760 nestum
304 2718 491 2760 minime
529 2731 648 2771 esse,
684 2731 837 2771 ymmo
874 2718 1097 2761 indecens
1133 2722 1178 2760 et
1216 2719 1261 2759 in
1298 2719 1607 2770 contemptum
1644 2715 1850 2758 nacionis

86 2787 170 2830 hoc
207 2787 488 2842 redundare,
525 2802 625 2831 cum
665 2789 783 2832 dicta
821 2789 952 2831 nacio
990 2789 1107 2832 alias
1144 2789 1379 2841 naciones,
1416 2788 1506 2830 nisi
1546 2787 1660 2829 sicut
1698 2785 1849 2827 eidem

87 2857 254 2901 iustum
282 2862 327 2901 et
354 2859 702 2902 racionabiliter
728 2859 979 2912 videretur,
1007 2860 1190 2912 insequi
1217 2872 1308 2901 non
1338 2861 1591 2909 teneretur,
1620 2856 1703 2899 sed
1730 2856 1852 2898 vole-

89 2928 198 2972 bant
221 2941 306 2982 per
330 2942 380 2972 se
406 2930 546 2983 ipsos,
572 2934 620 2973 ut
642 2933 912 2972 consuetum
938 2933 1051 2982 erat,
1076 2929 1341 2972 deliberare
1368 2932 1412 2970 et
1436 2931 1597 2980 postea
1622 2927 1851 2968 delibera-

194 3032 291 3064 a)'H⁸
310 3032 552 3067 sabbatijvowo.
611 3034 642 3058 b»
666 3033 775 3059 Druck
797 3033 974 3067 protacta&

206 3093 238 3134 ¹)
273 3093 397 3128 Monsi
430 3091 585 3134 XXVII,
617 3093 694 3129 573.
739 3091 816 3128 Der
847 3091 986 3137 Schluss
1016 3091 1112 3135 fehlt
1144 3090 1234 3124 also.
