2227 3434
599 214 638 248 B.
675 213 922 247 Avisamente
947 213 1016 247 der
1041 212 1356 247 Reformatorien.
1776 212 1861 255 693

95 332 341 386 privilegia
373 335 418 374 et
450 331 621 374 talibus
654 334 838 373 utentes
870 329 1130 384 privilegiis
1163 330 1366 383 graviter
1400 330 1620 382 peccant?
1670 330 1861 381 Rursus,

95 405 317 455 quantum
346 402 407 444 ad
439 402 637 454 primam
666 401 853 443 illarum
887 404 986 443 octo
1016 400 1406 453 proposicionum,
1438 411 1629 444 nescimus
1662 420 1735 453 quo
1767 420 1864 444 eom-

95 486 221 534 mento
249 483 398 518 dicatur
425 483 545 517 fuisse
572 484 778 526 dampnata
807 493 876 525 per
901 482 1114 517 ,Iohannem
1147 483 1316 524 papam
1344 480 1477 521 XXII.,
1505 480 1684 523 quoniam
1714 480 1752 512 in
1779 489 1863 513 con-

94 535 295 576 stitucione
324 551 402 583 ,vas
429 541 644 576 eleccionis‘
673 541 802 575 nullus
831 541 868 574 in
899 542 1021 575 forma
1050 541 1137 574 talis
1164 540 1347 574 articulus
1375 539 1600 579 continetur,
1630 539 1730 581 quod
1760 537 1864 571 vide-

95 599 182 634 licet
207 600 405 634 confessus
430 599 540 633 fratri
564 599 732 633 admisso
760 599 798 632 in
825 600 947 633 fornia
972 599 1141 639 ,dudum‘
1168 598 1390 639 teneatur.³)

219 657 346 710 Item,
388 658 496 710 quia
537 657 595 700 ad
635 657 742 710 plus
782 670 873 698 non
916 657 977 698 ibi
1021 657 1401 709 condempnatur,
1443 656 1531 698 nisi
1571 659 1620 698 ut
1659 656 1780 697 falsa
1820 657 1864 696 et

97 740 298 770 erronea
318 740 404 770 nec
427 740 557 770 sacre
583 728 790 770 doctrine
815 740 1031 780 consona,
1055 728 1128 769 hic
1153 731 1305 769 autem
1330 727 1608 780 dampnatur
1631 730 1864 778 tamquam

96 797 292 842 heresis.

218 869 331 911 Item
363 869 551 922 ponitur
582 869 656 911 hic
690 870 773 911 hoc
806 869 994 910 nomine
1029 868 1241 921 ,curatus‘
1276 871 1321 910 et
1355 868 1402 909 in
1436 868 1526 910 alia
1546 868 1644 909 >hoc
1678 867 1864 908 nomine

98 939 330 994 ,proprius
367 940 599 982 sacerdos‘
636 943 681 982 et
716 939 779 982 sic
815 939 1053 981 videretur
1087 939 1173 991 hic,
1209 939 1331 991 quod
1368 938 1455 991 ipsi
1492 940 1708 991 reputant
1743 937 1865 978 idem

96 1011 338 1064 proprium
362 1010 653 1052 sacerdotem
676 1015 726 1054 et
750 1014 971 1053 curatum.
1010 1009 1140 1061 Quod
1164 1010 1310 1051 eciam
1337 1009 1521 1050 videtur
1547 1009 1721 1050 sentire
1751 1008 1867 1049 Mar-

97 1082 223 1124 tinus
246 1093 368 1134 papa
392 1082 439 1123 in
463 1081 794 1124 constitucione
821 1081 925 1133 alia,
951 1093 1088 1133 quam
1113 1080 1236 1133 fecit,
1262 1080 1308 1121 in
1334 1092 1423 1132 qua
1448 1079 1628 1131 dicitur,
1654 1079 1867 1120 volumus

98 1155 266 1205 autem,
292 1152 415 1205 quod
438 1152 516 1205 hii,
542 1153 619 1205 qui
646 1152 870 1194 fratribus
895 1151 1256 1203 confitebuntur,
1281 1150 1446 1192 eadem
1473 1150 1568 1192 suis
1592 1149 1868 1202 parochiali-

98 1222 184 1266 bus
214 1223 504 1276 presbyteris
534 1222 749 1265 confiteri
783 1223 927 1265 semel
960 1222 1006 1263 in
1038 1234 1174 1274 anno,
1204 1224 1342 1274 prout
1370 1220 1592 1274 generale
1623 1220 1867 1262 concilium

99 1294 268 1347 statuit,
290 1297 552 1336 teneantur.
591 1294 732 1336 Multa
772 1306 955 1346 quoque
979 1293 1028 1334 in
1052 1293 1173 1334 hunc
1199 1292 1385 1333 modum
1409 1291 1538 1344 ponit
1562 1295 1695 1333 tenor
1720 1290 1868 1343 ipsius

98 1364 242 1418 bulle,
276 1377 368 1418 que
403 1365 478 1406 vel
514 1364 909 1417 reprehensibilia
947 1367 1065 1416 sunt,
1103 1363 1177 1404 vel
1212 1364 1382 1416 glosas,
1420 1375 1508 1415 que
1547 1361 1868 1414 prohibentur,

98 1435 303 1489 exigunt,
329 1448 430 1478 cum
459 1438 613 1478 textus
640 1448 732 1477 non
761 1434 1025 1487 distinguat.
1068 1434 1136 1475 Ex
1164 1434 1333 1486 quibus
1362 1432 1585 1486 sequitur,
1614 1431 1868 1474 secundum

99 1507 222 1560 quod
254 1506 473 1549 videlicet
505 1506 624 1554 dicta
656 1507 784 1548 bulla
820 1505 1150 1547 intollerabilis
1184 1508 1229 1547 et
1261 1517 1319 1546 ex
1354 1504 1697 1546 sentenciarum
1731 1507 1867 1555 atque

97 1589 325 1631 penarum
356 1578 566 1630 gravium
598 1580 644 1619 et
675 1576 1017 1618 horrendarum
1050 1574 1397 1627 fulminacione,
1430 1573 1662 1627 quoniam,
1693 1574 1734 1616 si
1766 1585 1869 1626 pre-

100 1649 234 1692 dictis
275 1649 332 1691 de
375 1649 528 1691 causis
570 1648 768 1701 quedam
813 1660 975 1689 earum
1016 1646 1286 1688 necessario
1327 1645 1500 1699 glosari
1545 1648 1589 1687 et
1631 1644 1868 1686 meritorie

97 1719 284 1773 exponi,
315 1720 614 1772 interpretari
643 1722 687 1760 et
715 1719 888 1772 glosari
917 1720 1125 1771 possunt,
1153 1730 1305 1769 ymmo
1334 1716 1533 1769 quedam
1563 1728 1737 1767 earum,
1766 1727 1868 1768 pre-

99 1791 259 1832 sertim
301 1790 553 1832 secundum
594 1789 798 1842 aliquem
841 1801 1044 1841 sensum,
1085 1787 1277 1829 defendi
1320 1790 1364 1829 et
1403 1786 1626 1829 sustineri
1667 1786 1867 1838 valeant,

99 1861 397 1904 manifestum
419 1865 503 1913 est,
528 1873 665 1913 quam
688 1859 908 1902 iniustum
933 1859 989 1901 sit
1012 1862 1056 1901 et
1079 1858 1377 1900 intolerabile
1400 1869 1548 1910 penas
1570 1869 1662 1898 non
1686 1857 1868 1909 quales-

97 1944 280 1985 cunque
306 1931 389 1974 sed
413 1930 712 1984 gravissimas
739 1934 783 1973 et
808 1930 1041 1973 terrificas
1067 1929 1342 1982 piarumque
1367 1931 1413 1970 et
1439 1928 1718 1981 simplicium
1744 1939 1868 1969 men-

98 2002 218 2045 cium
244 2015 330 2056 pro
355 2002 527 2045 talibus
551 2002 695 2055 glosis
723 2001 956 2054 infligere.

332 2073 548 2126 Amplius
588 2084 651 2118 isti
688 2084 739 2117 XI
775 2083 924 2117 articuli
960 2082 1157 2125 dampnati
1187 2083 1287 2112 cum
1325 2069 1590 2112 adieccione
1627 2081 1868 2122 penarum,

98 2144 268 2198 quibus
304 2145 506 2186 maiores
544 2143 600 2185 ab
636 2142 836 2184 ecclesia
873 2141 1211 2195 quantumlibet
1247 2141 1510 2183 criminosis
1547 2153 1639 2182 non
1674 2142 1869 2193 possunt

98 2215 266 2269 infligi,
295 2226 414 2260 multa
439 2225 647 2268 implicant,
674 2234 834 2267 quorum
861 2223 1002 2258 veritas
1027 2225 1091 2257 aut
1119 2222 1267 2256 falsitas
1294 2221 1534 2265 inpertinens
1560 2223 1616 2255 est
1642 2222 1796 2264 penitus
1822 2222 1868 2254 ad

96 2306 154 2339 ea,
179 2307 253 2341 que
277 2299 362 2331 sunt
388 2296 495 2337 fidei,
523 2296 571 2325 3ss
596 2295 758 2339 perinde
783 2304 915 2329 eorum
940 2293 1107 2328 assercio
1132 2293 1192 2327 vel
1217 2292 1373 2336 negacio
1391 2283 1442 2323 ’θῒ
1467 2293 1551 2333 pel*
1572 2291 1864 2331 consequens

99 2356 244 2399 multo
271 2367 397 2401 minus
420 2355 632 2408 ipsarum
673 2364 856 2410 glosacio;
897 2364 1002 2398 nullo
1041 2351 1179 2405 igitur
1233 2366 1341 2406 paeto
1378 2352 1483 2393 talis
1523 2350 1726 2404 glosacio
1768 2359 1865 2394 redit

98 2426 305 2467 hominem,
333 2428 527 2469 tamquam
543 2424 591 2458 sit
606 2424 798 2458 hereticus
813 2423 1027 2457 censendus
1042 2424 1077 2456 et
1093 2421 1337 2457 anathemate
1353 2420 1517 2455 terribili
1534 2420 1732 2454 feriendus
1746 2428 1789 2453 ac
1804 2428 1872 2461 per

99 2485 323 2527 auxilium
350 2495 496 2530 brachii
512 2495 696 2530 secularis
711 2493 981 2529 cohercendus.
1013 2481 1124 2523 Item
1148 2484 1194 2522 et
1214 2480 1438 2533 finaliter,
1461 2483 1682 2532 quantum
1705 2478 1762 2520 ad
1785 2478 1870 2519 hoc

94 2566 336 2610 presuposito
351 2575 400 2600 ex
414 2565 585 2600 doctrina
599 2564 823 2608 theologica,
852 2552 1106 2593 S‘eCundum
1134 2564 1271 2604 quam
1296 2563 1382 2594 nos
1408 2550 1466 2593 ad
1491 2553 1662 2592 certam
1688 2561 1870 2590 mensu-

98 2638 197 2668 ram
225 2625 351 2678 loqui
380 2623 453 2667 fas
481 2624 605 2677 eSt,¹)
638 2635 737 2678 quod
768 2644 880 2668 nemo
909 2634 1123 2667 censendus
1151 2635 1206 2666 est
1236 2632 1439 2673 hereticus,
1468 2630 1542 2664 nisi
1574 2621 1783 2673 privatus
1813 2620 1870 2661 sit

98 2696 293 2738 veritate
325 2715 394 2749 per
419 2715 588 2739 errorem
617 2707 745 2739 contra
772 2704 889 2738 fidem
919 2703 956 2737 in
985 2703 1179 2737 intellectu
1206 2705 1241 2737 et
1270 2712 1339 2746 per
1364 2700 1664 2735 obstinat-ionem
1692 2703 1727 2734 et
1756 2699 1870 2742 perti-

97 2776 244 2810 naciam
271 2775 308 2809 in
332 2776 486 2810 affectu.
523 2763 791 2806 Hereticare
818 2766 995 2816 potero,
1022 2762 1170 2815 inquit
1195 2761 1494 2815 Augustinus,
1523 2759 1605 2802 sed
1630 2758 1864 2800 hereticus

101 2847 193 2877 non
228 2847 324 2877 ero.
371 2834 530 2886 Qualis
565 2837 636 2876 est
671 2834 865 2887 equitas,
901 2833 1150 2886 presertim
1187 2833 1233 2873 in
1270 2832 1372 2884 lege
1410 2828 1794 2880 mansuetudinis,
1830 2827 1867 2868 si

204 2984 234 3017 a)
258 2984 297 3010 In
318 2985 376 3010 1ch-
399 2984 545 3017 thsssuny
566 2983 619 3009 des
632 2983 750 3009 Juhres
773 2985 841 3008 141¹)
860 2981 943 3014 sulm
965 2981 1077 3008 eadem
1094 2982 1231 3015 poccata
1247 2980 1277 3006 in
1290 2986 1424 3006 numero
1444 2979 1562 3005 iterum
1578 2978 1695 3004 curato
1711 2975 1869 3003 confiteri.

217 3045 248 3086 ¹)
277 3044 324 3078 So
348 3044 420 3085 Hs,·
445 3044 508 3078 die
534 3043 651 3076 Stella
675 3043 822 3077 schein!
846 3042 938 3076 auch
968 3042 1006 3075 in
1031 3042 1100 3075 cler
1126 3051 1195 3075 con
1221 3039 1376 3082 nonme
1401 3039 1464 3082 fiir
1489 3039 1557 3072 clas
1581 3036 1863 3070 Char-{ularinm

101 3101 303 3137 benutzlen
323 3102 378 3136 Hs
403 3102 578 3136 verderbl
601 3111 779 3144 (jeu-esen
801 3110 845 3134 :a
860 3100 956 3141 sein,
971 3100 1018 3133 da
1035 3109 1078 3133 cr
1090 3099 1165 3133 den
1183 3099 1273 3132 Text
1292 3107 1361 3132 nm·
1375 3097 1492 3131 durch
1509 3095 1657 3131 Pauli-te
1672 3094 1863 3129 andeutet.
