<?xml version="1.0" encoding="UTF-8"?>
<!DOCTYPE html PUBLIC "-//W3C//DTD XHTML 1.0 Transitional//EN"
    "http://www.w3.org/TR/xhtml1/DTD/xhtml1-transitional.dtd">
<html xmlns="http://www.w3.org/1999/xhtml" xml:lang="en" lang="en">
 <head>
  <title>
</title>
<meta http-equiv="Content-Type" content="text/html;charset=utf-8" />
  <meta name='ocr-system' content='tesseract 3.04.00' />
  <meta name='ocr-capabilities' content='ocr_page ocr_carea ocr_par ocr_line ocrx_word'/>
</head>
<body>
  <div class='ocr_page' id='page_1' title='image "./actaconciliicons02counuoft/actaconciliicons02counuoft_0292.png"; bbox 0 0 2102 3444; ppageno 0'>
   <div class='ocr_carea' id='block_1_1' title="bbox 246 154 1482 199">
    <p class='ocr_par' dir='ltr' id='par_1_1' title="bbox 246 154 1482 199">
     <span class='ocr_line' id='line_1_1' title="bbox 246 154 1482 199; baseline 0 -11"><span class='ocrx_word' id='word_1_1' title='bbox 246 156 330 198; x_wconf 76' lang='lat'>278</span> <span class='ocrx_word' id='word_1_2' title='bbox 782 155 806 188; x_wconf 89' lang='lat' dir='ltr'>I.</span> <span class='ocrx_word' id='word_1_3' title='bbox 836 154 1044 190; x_wconf 77' lang='lat' dir='ltr'>Abschnitt.</span> <span class='ocrx_word' id='word_1_4' title='bbox 1084 154 1482 199; x_wconf 76' lang='lat' dir='ltr'>Konzilstagebiicher.</span> 
     </span>
    </p>
   </div>
   <div class='ocr_carea' id='block_1_2' title="bbox 245 272 2018 1107">
    <p class='ocr_par' dir='ltr' id='par_1_2' title="bbox 247 272 2017 528">
     <span class='ocr_line' id='line_1_2' title="bbox 364 272 2017 326; baseline 0.001 -11"><span class='ocrx_word' id='word_1_5' title='bbox 364 273 523 325; x_wconf 82' lang='lat' dir='ltr'>Jubes‚</span> <span class='ocrx_word' id='word_1_6' title='bbox 551 277 600 315; x_wconf 90' lang='lat' dir='ltr'>ut</span> <span class='ocrx_word' id='word_1_7' title='bbox 629 273 853 314; x_wconf 91' lang='lat' dir='ltr'>ieiunium</span> <span class='ocrx_word' id='word_1_8' title='bbox 883 273 927 314; x_wconf 91' lang='lat' dir='ltr'>in</span> <span class='ocrx_word' id='word_1_9' title='bbox 958 272 1315 326; x_wconf 84' lang='lat' dir='ltr'>quadragesima</span> <span class='ocrx_word' id='word_1_10' title='bbox 1345 286 1370 315; x_wconf 93' lang='lat' dir='ltr'>a</span> <span class='ocrx_word' id='word_1_11' title='bbox 1399 274 1606 326; x_wconf 82' lang='lat' dir='ltr'>puericia</span> <span class='ocrx_word' id='word_1_12' title='bbox 1636 286 1784 326; x_wconf 90' lang='lat' dir='ltr'>usque</span> <span class='ocrx_word' id='word_1_13' title='bbox 1813 273 1871 316; x_wconf 92' lang='lat' dir='ltr'>ad</span> <span class='ocrx_word' id='word_1_14' title='bbox 1898 274 2017 316; x_wconf 91' lang='lat' dir='ltr'>hanc</span> 
     </span>
     <span class='ocr_line' id='line_1_3' title="bbox 247 343 2016 396; baseline 0 -10"><span class='ocrx_word' id='word_1_15' title='bbox 247 348 414 386; x_wconf 84' lang='lat' dir='ltr'>etatem</span> <span class='ocrx_word' id='word_1_16' title='bbox 455 348 688 386; x_wconf 79' lang='lat' dir='ltr'>servatum</span> <span class='ocrx_word' id='word_1_17' title='bbox 726 343 932 396; x_wconf 85' lang='lat' dir='ltr'>linquam</span> <span class='ocrx_word' id='word_1_18' title='bbox 971 347 1015 385; x_wconf 92' lang='lat' dir='ltr'>et</span> <span class='ocrx_word' id='word_1_19' title='bbox 1055 343 1217 386; x_wconf 90' lang='lat' dir='ltr'>inertis</span> <span class='ocrx_word' id='word_1_20' title='bbox 1256 356 1382 386; x_wconf 90' lang='lat' dir='ltr'>more</span> <span class='ocrx_word' id='word_1_21' title='bbox 1421 345 1624 386; x_wconf 87' lang='lat' dir='ltr'>cursoris</span> <span class='ocrx_word' id='word_1_22' title='bbox 1663 344 1707 385; x_wconf 91' lang='lat' dir='ltr'>in</span> <span class='ocrx_word' id='word_1_23' title='bbox 1746 344 1881 386; x_wconf 91' lang='lat' dir='ltr'>stadii</span> <span class='ocrx_word' id='word_1_24' title='bbox 1917 344 2016 387; x_wconf 85' lang='lat' dir='ltr'>fine</span> 
     </span>
     <span class='ocr_line' id='line_1_4' title="bbox 248 414 2015 468; baseline 0.001 -12"><span class='ocrx_word' id='word_1_25' title='bbox 248 415 477 457; x_wconf 75' lang='lat' dir='ltr'>deficiam.</span> <span class='ocrx_word' id='word_1_26' title='bbox 514 415 662 468; x_wconf 79' lang='lat' dir='ltr'>Atque</span> <span class='ocrx_word' id='word_1_27' title='bbox 684 427 776 456; x_wconf 93' lang='lat' dir='ltr'>non</span> <span class='ocrx_word' id='word_1_28' title='bbox 800 427 921 456; x_wconf 91' lang='lat' dir='ltr'>nunc</span> <span class='ocrx_word' id='word_1_29' title='bbox 944 414 1082 456; x_wconf 88' lang='lat' dir='ltr'>audio</span> <span class='ocrx_word' id='word_1_30' title='bbox 1104 414 1297 457; x_wconf 91' lang='lat' dir='ltr'>consilia</span> <span class='ocrx_word' id='word_1_31' title='bbox 1320 415 1602 457; x_wconf 87' lang='lat' dir='ltr'>medicorum</span> <span class='ocrx_word' id='word_1_32' title='bbox 1625 415 1796 456; x_wconf 88' lang='lat' dir='ltr'>divinis</span> <span class='ocrx_word' id='word_1_33' title='bbox 1818 415 2015 458; x_wconf 89' lang='lat' dir='ltr'>adversa</span> 
     </span>
     <span class='ocr_line' id='line_1_5' title="bbox 247 485 577 528; baseline 0.003 -2"><span class='ocrx_word' id='word_1_34' title='bbox 247 485 488 528; x_wconf 87' lang='lat' dir='ltr'>consiliis.</span> <span class='ocrx_word' id='word_1_35' title='bbox 525 519 532 527; x_wconf 96' lang='lat'>.</span> <span class='ocrx_word' id='word_1_36' title='bbox 569 519 577 527; x_wconf 89' lang='lat'>.</span> 
     </span>
    </p>

    <p class='ocr_par' dir='ltr' id='par_1_3' title="bbox 245 555 2018 1107">
     <span class='ocr_line' id='line_1_6' title="bbox 366 555 2018 610; baseline 0.001 -12"><span class='ocrx_word' id='word_1_37' title='bbox 366 557 431 599; x_wconf 92' lang='lat' dir='ltr'>Ita</span> <span class='ocrx_word' id='word_1_38' title='bbox 463 557 587 598; x_wconf 91' lang='lat' dir='ltr'>enim</span> <span class='ocrx_word' id='word_1_39' title='bbox 619 556 775 598; x_wconf 90' lang='lat' dir='ltr'>sencio</span> <span class='ocrx_word' id='word_1_40' title='bbox 805 556 929 598; x_wconf 87' lang='lat' dir='ltr'>fame</span> <span class='ocrx_word' id='word_1_41' title='bbox 962 555 1157 609; x_wconf 90' lang='lat' dir='ltr'>aliquos,</span> <span class='ocrx_word' id='word_1_42' title='bbox 1189 557 1350 609; x_wconf 88' lang='lat' dir='ltr'>plures</span> <span class='ocrx_word' id='word_1_43' title='bbox 1382 557 1586 610; x_wconf 81' lang='lat' dir='ltr'>crapula,</span> <span class='ocrx_word' id='word_1_44' title='bbox 1619 557 1799 598; x_wconf 90' lang='lat' dir='ltr'>nullum</span> <span class='ocrx_word' id='word_1_45' title='bbox 1830 558 2018 610; x_wconf 91' lang='lat' dir='ltr'>penitus</span> 
     </span>
     <span class='ocr_line' id='line_1_7' title="bbox 249 627 2017 681; baseline 0.001 -13"><span class='ocrx_word' id='word_1_46' title='bbox 249 628 420 669; x_wconf 87' lang='lat' dir='ltr'>ieiunio</span> <span class='ocrx_word' id='word_1_47' title='bbox 450 627 646 680; x_wconf 89' lang='lat' dir='ltr'>perisse.</span> <span class='ocrx_word' id='word_1_48' title='bbox 691 627 786 669; x_wconf 88' lang='lat' dir='ltr'>Hec</span> <span class='ocrx_word' id='word_1_49' title='bbox 819 627 1094 670; x_wconf 88' lang='lat' dir='ltr'>Franciscus</span> <span class='ocrx_word' id='word_1_50' title='bbox 1125 627 1390 679; x_wconf 85' lang='lat' dir='ltr'>Petrarcha,</span> <span class='ocrx_word' id='word_1_51' title='bbox 1422 628 1498 669; x_wconf 94' lang='lat' dir='ltr'>ubi</span> <span class='ocrx_word' id='word_1_52' title='bbox 1534 640 1689 680; x_wconf 90' lang='lat' dir='ltr'>supra,</span> <span class='ocrx_word' id='word_1_53' title='bbox 1722 627 1799 680; x_wconf 91' lang='lat' dir='ltr'>qui</span> <span class='ocrx_word' id='word_1_54' title='bbox 1832 628 2017 681; x_wconf 83' lang='lat' dir='ltr'>loqutus</span> 
     </span>
     <span class='ocr_line' id='line_1_8' title="bbox 246 698 2016 751; baseline 0.001 -12"><span class='ocrx_word' id='word_1_55' title='bbox 246 702 314 739; x_wconf 76' lang='lat' dir='ltr'>est</span> <span class='ocrx_word' id='word_1_56' title='bbox 353 698 409 739; x_wconf 84' lang='lat' dir='ltr'>de</span> <span class='ocrx_word' id='word_1_57' title='bbox 450 698 623 740; x_wconf 92' lang='lat' dir='ltr'>ieiunio</span> <span class='ocrx_word' id='word_1_58' title='bbox 661 698 907 751; x_wconf 89' lang='lat' dir='ltr'>corporali,</span> <span class='ocrx_word' id='word_1_59' title='bbox 945 709 1067 751; x_wconf 80' lang='lat' dir='ltr'>quod</span> <span class='ocrx_word' id='word_1_60' title='bbox 1105 698 1257 751; x_wconf 90' lang='lat' dir='ltr'>quoad</span> <span class='ocrx_word' id='word_1_61' title='bbox 1297 698 1539 741; x_wconf 90' lang='lat' dir='ltr'>sanitatem</span> <span class='ocrx_word' id='word_1_62' title='bbox 1577 698 1786 751; x_wconf 88' lang='lat' dir='ltr'>corporis</span> <span class='ocrx_word' id='word_1_63' title='bbox 1824 699 2016 741; x_wconf 90' lang='lat' dir='ltr'>multum</span> 
     </span>
     <span class='ocr_line' id='line_1_9' title="bbox 247 768 2016 821; baseline 0.001 -12"><span class='ocrx_word' id='word_1_64' title='bbox 247 769 368 811; x_wconf 79' lang='lat' dir='ltr'>valet</span> <span class='ocrx_word' id='word_1_65' title='bbox 397 804 404 811; x_wconf 90' lang='lat'>.</span> <span class='ocrx_word' id='word_1_66' title='bbox 441 803 448 810; x_wconf 91' lang='lat'>.</span> <span class='ocrx_word' id='word_1_67' title='bbox 485 803 492 810; x_wconf 94' lang='lat'>.</span> <span class='ocrx_word' id='word_1_68' title='bbox 533 768 691 820; x_wconf 86' lang='lat' dir='ltr'>Quoad</span> <span class='ocrx_word' id='word_1_69' title='bbox 720 769 917 811; x_wconf 90' lang='lat' dir='ltr'>salutem</span> <span class='ocrx_word' id='word_1_70' title='bbox 945 770 1097 811; x_wconf 91' lang='lat' dir='ltr'>anime</span> <span class='ocrx_word' id='word_1_71' title='bbox 1127 769 1380 821; x_wconf 77' lang='lat' dir='ltr'>requiritur</span> <span class='ocrx_word' id='word_1_72' title='bbox 1410 770 1454 810; x_wconf 94' lang='lat' dir='ltr'>in</span> <span class='ocrx_word' id='word_1_73' title='bbox 1484 769 1720 811; x_wconf 89' lang='lat' dir='ltr'>ieiunante</span> <span class='ocrx_word' id='word_1_74' title='bbox 1748 781 1840 811; x_wconf 91' lang='lat' dir='ltr'>non</span> <span class='ocrx_word' id='word_1_75' title='bbox 1868 769 2016 811; x_wconf 91' lang='lat' dir='ltr'>solum</span> 
     </span>
     <span class='ocr_line' id='line_1_10' title="bbox 247 839 2017 893; baseline 0.001 -13"><span class='ocrx_word' id='word_1_76' title='bbox 247 839 444 892; x_wconf 80' lang='lat' dir='ltr'>parcitas</span> <span class='ocrx_word' id='word_1_77' title='bbox 480 840 702 892; x_wconf 85' lang='lat' dir='ltr'>ciborum,</span> <span class='ocrx_word' id='word_1_78' title='bbox 737 840 819 882; x_wconf 89' lang='lat' dir='ltr'>sed</span> <span class='ocrx_word' id='word_1_79' title='bbox 853 840 990 882; x_wconf 87' lang='lat' dir='ltr'>etiam</span> <span class='ocrx_word' id='word_1_80' title='bbox 1025 839 1313 883; x_wconf 68' lang='lat' dir='ltr'>abstinencia</span> <span class='ocrx_word' id='word_1_81' title='bbox 1346 840 1566 882; x_wconf 76' lang='lat' dir='ltr'>viciorum</span> <span class='ocrx_word' id='word_1_82' title='bbox 1604 874 1612 882; x_wconf 85' lang='lat'>.</span> <span class='ocrx_word' id='word_1_83' title='bbox 1649 874 1656 882; x_wconf 91' lang='lat'>.</span> <span class='ocrx_word' id='word_1_84' title='bbox 1693 874 1700 882; x_wconf 92' lang='lat'>.</span> <span class='ocrx_word' id='word_1_85' title='bbox 1749 840 2017 893; x_wconf 86' lang='lat' dir='ltr'>Requiritur</span> 
     </span>
     <span class='ocr_line' id='line_1_11' title="bbox 246 910 2018 964; baseline 0.001 -12"><span class='ocrx_word' id='word_1_86' title='bbox 246 910 382 952; x_wconf 91' lang='lat' dir='ltr'>etiam</span> <span class='ocrx_word' id='word_1_87' title='bbox 419 911 464 952; x_wconf 91' lang='lat' dir='ltr'>in</span> <span class='ocrx_word' id='word_1_88' title='bbox 498 910 735 953; x_wconf 90' lang='lat' dir='ltr'>ieiunante</span> <span class='ocrx_word' id='word_1_89' title='bbox 770 914 893 953; x_wconf 87' lang='lat' dir='ltr'>recta</span> <span class='ocrx_word' id='word_1_90' title='bbox 930 912 1144 964; x_wconf 82' lang='lat' dir='ltr'>intencio,</span> <span class='ocrx_word' id='word_1_91' title='bbox 1180 912 1280 953; x_wconf 91' lang='lat' dir='ltr'>sine</span> <span class='ocrx_word' id='word_1_92' title='bbox 1315 924 1404 964; x_wconf 90' lang='lat' dir='ltr'>qua</span> <span class='ocrx_word' id='word_1_93' title='bbox 1439 911 1661 953; x_wconf 92' lang='lat' dir='ltr'>ieiunium</span> <span class='ocrx_word' id='word_1_94' title='bbox 1697 923 1861 964; x_wconf 90' lang='lat' dir='ltr'>parum</span> <span class='ocrx_word' id='word_1_95' title='bbox 1895 912 2018 954; x_wconf 86' lang='lat' dir='ltr'>valet</span> 
     </span>
     <span class='ocr_line' id='line_1_12' title="bbox 245 981 2017 1035; baseline 0.001 -13"><span class='ocrx_word' id='word_1_96' title='bbox 245 985 321 1023; x_wconf 84' lang='lat' dir='ltr'>aut</span> <span class='ocrx_word' id='word_1_97' title='bbox 348 981 503 1024; x_wconf 85' lang='lat' dir='ltr'>nichil.</span> <span class='ocrx_word' id='word_1_98' title='bbox 544 982 670 1035; x_wconf 90' lang='lat' dir='ltr'>Nam,</span> <span class='ocrx_word' id='word_1_99' title='bbox 700 985 748 1024; x_wconf 90' lang='lat' dir='ltr'>ut</span> <span class='ocrx_word' id='word_1_100' title='bbox 775 982 961 1025; x_wconf 86' lang='lat' dir='ltr'>Blasius</span> <span class='ocrx_word' id='word_1_101' title='bbox 990 982 1146 1024; x_wconf 90' lang='lat' dir='ltr'>doctor</span> <span class='ocrx_word' id='word_1_102' title='bbox 1175 982 1374 1025; x_wconf 84' lang='lat' dir='ltr'>eximius</span> <span class='ocrx_word' id='word_1_103' title='bbox 1404 982 1563 1035; x_wconf 89' lang='lat' dir='ltr'>inquit,</span> <span class='ocrx_word' id='word_1_104' title='bbox 1594 983 1803 1024; x_wconf 90' lang='lat' dir='ltr'>ieiunant</span> <span class='ocrx_word' id='word_1_105' title='bbox 1832 981 2017 1035; x_wconf 82' lang='lat' dir='ltr'>milites,</span> 
     </span>
     <span class='ocr_line' id='line_1_13' title="bbox 248 1053 2018 1107; baseline 0.001 -14"><span class='ocrx_word' id='word_1_106' title='bbox 248 1056 291 1094; x_wconf 82' lang='lat' dir='ltr'>ut</span> <span class='ocrx_word' id='word_1_107' title='bbox 318 1053 470 1095; x_wconf 89' lang='lat' dir='ltr'>aliena</span> <span class='ocrx_word' id='word_1_108' title='bbox 498 1053 696 1106; x_wconf 91' lang='lat' dir='ltr'>rapiant,</span> <span class='ocrx_word' id='word_1_109' title='bbox 723 1053 931 1096; x_wconf 90' lang='lat' dir='ltr'>ieiunant</span> <span class='ocrx_word' id='word_1_110' title='bbox 958 1053 1125 1095; x_wconf 87' lang='lat' dir='ltr'>divites</span> <span class='ocrx_word' id='word_1_111' title='bbox 1152 1057 1197 1095; x_wconf 93' lang='lat' dir='ltr'>et</span> <span class='ocrx_word' id='word_1_112' title='bbox 1222 1053 1387 1107; x_wconf 83' lang='lat' dir='ltr'>gulosi,</span> <span class='ocrx_word' id='word_1_113' title='bbox 1414 1057 1462 1095; x_wconf 90' lang='lat' dir='ltr'>ut</span> <span class='ocrx_word' id='word_1_114' title='bbox 1489 1054 1594 1106; x_wconf 90' lang='lat' dir='ltr'>plus</span> <span class='ocrx_word' id='word_1_115' title='bbox 1621 1053 1877 1106; x_wconf 89' lang='lat' dir='ltr'>comedant,</span> <span class='ocrx_word' id='word_1_116' title='bbox 1906 1054 2018 1096; x_wconf 93' lang='lat' dir='ltr'>ieiu-</span> 
     </span>
    </p>
   </div>
   <div class='ocr_carea' id='block_1_3' title="bbox 244 1124 2018 1320">
    <p class='ocr_par' dir='ltr' id='par_1_4' title="bbox 244 1124 2018 1320">
     <span class='ocr_line' id='line_1_14' title="bbox 245 1124 2017 1177; baseline 0.002 -13"><span class='ocrx_word' id='word_1_117' title='bbox 245 1127 354 1165; x_wconf 88' lang='lat' dir='ltr'>nant</span> <span class='ocrx_word' id='word_1_118' title='bbox 386 1124 606 1176; x_wconf 84' lang='lat' dir='ltr'>scolares,</span> <span class='ocrx_word' id='word_1_119' title='bbox 637 1127 686 1166; x_wconf 93' lang='lat' dir='ltr'>ut</span> <span class='ocrx_word' id='word_1_120' title='bbox 717 1125 762 1165; x_wconf 96' lang='lat' dir='ltr'>in</span> <span class='ocrx_word' id='word_1_121' title='bbox 795 1124 1033 1166; x_wconf 89' lang='lat' dir='ltr'>intellectu</span> <span class='ocrx_word' id='word_1_122' title='bbox 1067 1124 1336 1167; x_wconf 91' lang='lat' dir='ltr'>subtiliores</span> <span class='ocrx_word' id='word_1_123' title='bbox 1367 1124 1485 1167; x_wconf 81' lang='lat' dir='ltr'>fiant</span> <span class='ocrx_word' id='word_1_124' title='bbox 1518 1159 1525 1166; x_wconf 93' lang='lat'>.</span> <span class='ocrx_word' id='word_1_125' title='bbox 1562 1162 1568 1168; x_wconf 90' lang='lat'>.</span> <span class='ocrx_word' id='word_1_126' title='bbox 1606 1158 1614 1166; x_wconf 95' lang='lat'>.</span> <span class='ocrx_word' id='word_1_127' title='bbox 1651 1125 1865 1167; x_wconf 93' lang='lat' dir='ltr'>Ieiunant</span> <span class='ocrx_word' id='word_1_128' title='bbox 1897 1124 2017 1177; x_wconf 91' lang='lat' dir='ltr'>iusti,</span> 
     </span>
     <span class='ocr_line' id='line_1_15' title="bbox 249 1195 2018 1248; baseline 0.001 -12"><span class='ocrx_word' id='word_1_129' title='bbox 249 1199 291 1237; x_wconf 84' lang='lat' dir='ltr'>ut</span> <span class='ocrx_word' id='word_1_130' title='bbox 317 1195 606 1238; x_wconf 85' lang='lat' dir='ltr'>solummodo</span> <span class='ocrx_word' id='word_1_131' title='bbox 631 1195 934 1248; x_wconf 88' lang='lat' dir='ltr'>premientur.</span> <span class='ocrx_word' id='word_1_132' title='bbox 971 1195 1174 1247; x_wconf 86' lang='lat' dir='ltr'>Quorum</span> <span class='ocrx_word' id='word_1_133' title='bbox 1199 1196 1323 1237; x_wconf 92' lang='lat' dir='ltr'>enim</span> <span class='ocrx_word' id='word_1_134' title='bbox 1350 1196 1573 1237; x_wconf 92' lang='lat' dir='ltr'>ieiunium</span> <span class='ocrx_word' id='word_1_135' title='bbox 1600 1208 1692 1237; x_wconf 92' lang='lat' dir='ltr'>non</span> <span class='ocrx_word' id='word_1_136' title='bbox 1719 1195 1871 1238; x_wconf 88' lang='lat' dir='ltr'>anime</span> <span class='ocrx_word' id='word_1_137' title='bbox 1898 1196 2018 1238; x_wconf 92' lang='lat' dir='ltr'>salu-</span> 
     </span>
     <span class='ocr_line' id='line_1_16' title="bbox 244 1266 2017 1320; baseline 0.001 -13"><span class='ocrx_word' id='word_1_138' title='bbox 244 1269 342 1308; x_wconf 87' lang='lat' dir='ltr'>tare</span> <span class='ocrx_word' id='word_1_139' title='bbox 378 1269 446 1308; x_wconf 92' lang='lat' dir='ltr'>set</span> <span class='ocrx_word' id='word_1_140' title='bbox 478 1266 632 1319; x_wconf 91' lang='lat' dir='ltr'>potius</span> <span class='ocrx_word' id='word_1_141' title='bbox 663 1267 979 1319; x_wconf 87' lang='lat' dir='ltr'>perniciosum</span> <span class='ocrx_word' id='word_1_142' title='bbox 1013 1279 1118 1309; x_wconf 90' lang='lat' dir='ltr'>esse</span> <span class='ocrx_word' id='word_1_143' title='bbox 1151 1269 1381 1309; x_wconf 89' lang='lat' dir='ltr'>censetur.</span> <span class='ocrx_word' id='word_1_144' title='bbox 1429 1301 1436 1308; x_wconf 93' lang='lat'>.</span> <span class='ocrx_word' id='word_1_145' title='bbox 1473 1301 1481 1308; x_wconf 90' lang='lat'>.</span> <span class='ocrx_word' id='word_1_146' title='bbox 1517 1301 1525 1308; x_wconf 91' lang='lat'>.</span> <span class='ocrx_word' id='word_1_147' title='bbox 1572 1267 1626 1308; x_wconf 92' lang='lat' dir='ltr'>Et</span> <span class='ocrx_word' id='word_1_148' title='bbox 1657 1267 1743 1308; x_wconf 90' lang='lat' dir='ltr'>hec</span> <span class='ocrx_word' id='word_1_149' title='bbox 1777 1267 1833 1309; x_wconf 92' lang='lat' dir='ltr'>de</span> <span class='ocrx_word' id='word_1_150' title='bbox 1866 1267 2017 1320; x_wconf 91' lang='lat' dir='ltr'>primo</span> 
     </span>
    </p>
   </div>
   <div class='ocr_carea' id='block_1_4' title="bbox 239 1337 2018 3027">
    <p class='ocr_par' dir='ltr' id='par_1_5' title="bbox 246 1337 1684 1393">
     <span class='ocr_line' id='line_1_17' title="bbox 246 1337 1684 1393; baseline 0.001 -15"><span class='ocrx_word' id='word_1_151' title='bbox 246 1338 453 1380; x_wconf 82' lang='lat' dir='ltr'>membro</span> <span class='ocrx_word' id='word_1_152' title='bbox 473 1337 723 1391; x_wconf 88' lang='lat' dir='ltr'>principali</span> <span class='ocrx_word' id='word_1_153' title='bbox 745 1337 986 1380; x_wconf 80' lang='lat' dir='ltr'>sufficiant</span> <span class='ocrx_word' id='word_1_154' title='bbox 1005 1351 1091 1391; x_wconf 93' lang='lat' dir='ltr'>pro</span> <span class='ocrx_word' id='word_1_155' title='bbox 1111 1338 1319 1391; x_wconf 89' lang='lat' dir='ltr'>presenti</span> <span class='ocrx_word' id='word_1_156' title='bbox 1345 1372 1353 1379; x_wconf 88' lang='lat'>.</span> <span class='ocrx_word' id='word_1_157' title='bbox 1390 1372 1397 1379; x_wconf 94' lang='lat'>.</span> <span class='ocrx_word' id='word_1_158' title='bbox 1434 1372 1441 1380; x_wconf 89' lang='lat'>.</span> <span class='ocrx_word' id='word_1_159' title='bbox 1680 1390 1684 1393; x_wconf 87' lang='lat'>.</span> 
     </span>
    </p>

    <p class='ocr_par' dir='ltr' id='par_1_6' title="bbox 244 1408 2017 1523">
     <span class='ocr_line' id='line_1_18' title="bbox 361 1408 2017 1462; baseline 0 -12"><span class='ocrx_word' id='word_1_160' title='bbox 361 1408 585 1451; x_wconf 80' lang='lat' dir='ltr'>Revmisin</span> <span class='ocrx_word' id='word_1_161' title='bbox 608 1409 713 1451; x_wconf 86' lang='lat' dir='ltr'>Chr.</span> <span class='ocrx_word' id='word_1_162' title='bbox 738 1423 780 1462; x_wconf 91' lang='lat' dir='ltr'>p.</span> <span class='ocrx_word' id='word_1_163' title='bbox 805 1412 849 1451; x_wconf 91' lang='lat' dir='ltr'>et</span> <span class='ocrx_word' id='word_1_164' title='bbox 872 1409 913 1452; x_wconf 89' lang='lat' dir='ltr'>d.</span> <span class='ocrx_word' id='word_1_165' title='bbox 938 1413 1135 1462; x_wconf 90' lang='lat' dir='ltr'>quatuor</span> <span class='ocrx_word' id='word_1_166' title='bbox 1155 1409 1399 1451; x_wconf 85' lang='lat' dir='ltr'>nacionum</span> <span class='ocrx_word' id='word_1_167' title='bbox 1423 1409 1785 1462; x_wconf 89' lang='lat' dir='ltr'>presedentibus</span> <span class='ocrx_word' id='word_1_168' title='bbox 1808 1411 1854 1451; x_wconf 92' lang='lat' dir='ltr'>et</span> <span class='ocrx_word' id='word_1_169' title='bbox 1876 1408 2017 1462; x_wconf 94' lang='lat' dir='ltr'>depu-</span> 
     </span>
     <span class='ocr_line' id='line_1_19' title="bbox 244 1479 666 1523; baseline 0.002 -2"><span class='ocrx_word' id='word_1_170' title='bbox 244 1480 349 1523; x_wconf 85' lang='lat' dir='ltr'>tatis</span> <span class='ocrx_word' id='word_1_171' title='bbox 377 1479 666 1522; x_wconf 90' lang='lat' dir='ltr'>Constancie.</span> 
     </span>
    </p>

    <p class='ocr_par' dir='ltr' id='par_1_7' title="bbox 239 1549 2018 3027">
     <span class='ocr_line' id='line_1_20' title="bbox 362 1549 2018 1605; baseline 0 -12"><span class='ocrx_word' id='word_1_172' title='bbox 362 1551 512 1593; x_wconf 84' lang='lat' dir='ltr'>Revmi</span> <span class='ocrx_word' id='word_1_173' title='bbox 543 1552 589 1593; x_wconf 93' lang='lat' dir='ltr'>in</span> <span class='ocrx_word' id='word_1_174' title='bbox 621 1551 726 1594; x_wconf 90' lang='lat' dir='ltr'>Chr.</span> <span class='ocrx_word' id='word_1_175' title='bbox 755 1564 799 1605; x_wconf 91' lang='lat' dir='ltr'>p.</span> <span class='ocrx_word' id='word_1_176' title='bbox 829 1555 875 1594; x_wconf 92' lang='lat' dir='ltr'>et</span> <span class='ocrx_word' id='word_1_177' title='bbox 903 1552 944 1594; x_wconf 92' lang='lat' dir='ltr'>d.</span> <span class='ocrx_word' id='word_1_178' title='bbox 974 1551 1350 1604; x_wconf 86' lang='lat' dir='ltr'>prestantissimi.</span> <span class='ocrx_word' id='word_1_179' title='bbox 1390 1551 1442 1595; x_wconf 86' lang='lat' dir='ltr'>V.</span> <span class='ocrx_word' id='word_1_180' title='bbox 1474 1564 1508 1593; x_wconf 93' lang='lat' dir='ltr'>r.</span> <span class='ocrx_word' id='word_1_181' title='bbox 1538 1564 1581 1604; x_wconf 90' lang='lat' dir='ltr'>p.</span> <span class='ocrx_word' id='word_1_182' title='bbox 1612 1564 1697 1604; x_wconf 93' lang='lat' dir='ltr'>per</span> <span class='ocrx_word' id='word_1_183' title='bbox 1727 1550 1843 1593; x_wconf 88' lang='lat' dir='ltr'>alias</span> <span class='ocrx_word' id='word_1_184' title='bbox 1879 1549 2018 1605; x_wconf 88' lang='lat' dir='ltr'>[litte-</span> 
     </span>
     <span class='ocr_line' id='line_1_21' title="bbox 246 1622 2016 1678; baseline 0 -14"><span class='ocrx_word' id='word_1_185' title='bbox 246 1622 390 1678; x_wconf 70' lang='lat' dir='ltr'>ras]²²)</span> <span class='ocrx_word' id='word_1_186' title='bbox 418 1626 575 1665; x_wconf 88' lang='lat' dir='ltr'>notum</span> <span class='ocrx_word' id='word_1_187' title='bbox 602 1622 725 1676; x_wconf 81' lang='lat' dir='ltr'>fecit,</span> <span class='ocrx_word' id='word_1_188' title='bbox 752 1623 953 1676; x_wconf 88' lang='lat' dir='ltr'>qualiter</span> <span class='ocrx_word' id='word_1_189' title='bbox 978 1623 1099 1665; x_wconf 92' lang='lat' dir='ltr'>XVI.</span> <span class='ocrx_word' id='word_1_190' title='bbox 1127 1622 1200 1665; x_wconf 94' lang='lat' dir='ltr'>die</span> <span class='ocrx_word' id='word_1_191' title='bbox 1224 1623 1364 1664; x_wconf 90' lang='lat' dir='ltr'>huius</span> <span class='ocrx_word' id='word_1_192' title='bbox 1394 1622 1559 1665; x_wconf 87' lang='lat' dir='ltr'>intravi</span> <span class='ocrx_word' id='word_1_193' title='bbox 1585 1622 1891 1665; x_wconf 88' lang='lat' dir='ltr'>Barzilonam.</span> <span class='ocrx_word' id='word_1_194' title='bbox 1930 1622 2016 1664; x_wconf 90' lang='lat' dir='ltr'>Die</span> 
     </span>
     <span class='ocr_line' id='line_1_22' title="bbox 245 1693 2016 1747; baseline 0 -12"><span class='ocrx_word' id='word_1_195' title='bbox 245 1706 354 1735; x_wconf 71' lang='lat' dir='ltr'>vero</span> <span class='ocrx_word' id='word_1_196' title='bbox 383 1694 530 1736; x_wconf 83' lang='lat' dir='ltr'>XVII.</span> <span class='ocrx_word' id='word_1_197' title='bbox 560 1694 740 1737; x_wconf 85' lang='lat' dir='ltr'>litteras</span> <span class='ocrx_word' id='word_1_198' title='bbox 770 1693 888 1737; x_wconf 89' lang='lat' dir='ltr'>sacri</span> <span class='ocrx_word' id='word_1_199' title='bbox 918 1694 1097 1736; x_wconf 90' lang='lat' dir='ltr'>concilii</span> <span class='ocrx_word' id='word_1_200' title='bbox 1129 1694 1399 1737; x_wconf 90' lang='lat' dir='ltr'>consulibus</span> <span class='ocrx_word' id='word_1_201' title='bbox 1427 1693 1566 1736; x_wconf 91' lang='lat' dir='ltr'>huius</span> <span class='ocrx_word' id='word_1_202' title='bbox 1594 1693 1706 1735; x_wconf 89' lang='lat' dir='ltr'>ville</span> <span class='ocrx_word' id='word_1_203' title='bbox 1735 1693 2016 1747; x_wconf 91' lang='lat' dir='ltr'>presentavi,</span> 
     </span>
     <span class='ocr_line' id='line_1_23' title="bbox 246 1764 2016 1819; baseline -0.001 -12"><span class='ocrx_word' id='word_1_204' title='bbox 246 1765 430 1807; x_wconf 85' lang='lat' dir='ltr'>demum</span> <span class='ocrx_word' id='word_1_205' title='bbox 466 1765 534 1808; x_wconf 90' lang='lat' dir='ltr'>eis</span> <span class='ocrx_word' id='word_1_206' title='bbox 570 1779 654 1818; x_wconf 90' lang='lat' dir='ltr'>pro</span> <span class='ocrx_word' id='word_1_207' title='bbox 690 1768 821 1819; x_wconf 90' lang='lat' dir='ltr'>parte</span> <span class='ocrx_word' id='word_1_208' title='bbox 858 1765 1040 1807; x_wconf 88' lang='lat' dir='ltr'>concilii</span> <span class='ocrx_word' id='word_1_209' title='bbox 1077 1765 1361 1819; x_wconf 82' lang='lat' dir='ltr'>regraciatus</span> <span class='ocrx_word' id='word_1_210' title='bbox 1396 1765 1478 1817; x_wconf 79' lang='lat' dir='ltr'>fui,</span> <span class='ocrx_word' id='word_1_211' title='bbox 1514 1777 1651 1818; x_wconf 91' lang='lat' dir='ltr'>quam</span> <span class='ocrx_word' id='word_1_212' title='bbox 1686 1765 1854 1807; x_wconf 90' lang='lat' dir='ltr'>melius</span> <span class='ocrx_word' id='word_1_213' title='bbox 1891 1764 2016 1808; x_wconf 89' lang='lat' dir='ltr'>scivi.</span> 
     </span>
     <span class='ocr_line' id='line_1_24' title="bbox 244 1835 2015 1890; baseline 0 -12"><span class='ocrx_word' id='word_1_214' title='bbox 244 1837 511 1890; x_wconf 88' lang='lat' dir='ltr'>Eademque</span> <span class='ocrx_word' id='word_1_215' title='bbox 534 1838 649 1879; x_wconf 92' lang='lat' dir='ltr'>hora</span> <span class='ocrx_word' id='word_1_216' title='bbox 672 1837 979 1879; x_wconf 90' lang='lat' dir='ltr'>instrumenta</span> <span class='ocrx_word' id='word_1_217' title='bbox 1001 1840 1046 1879; x_wconf 93' lang='lat' dir='ltr'>et</span> <span class='ocrx_word' id='word_1_218' title='bbox 1067 1838 1248 1879; x_wconf 87' lang='lat' dir='ltr'>litteras</span> <span class='ocrx_word' id='word_1_219' title='bbox 1268 1837 1443 1878; x_wconf 87' lang='lat' dir='ltr'>vicario</span> <span class='ocrx_word' id='word_1_220' title='bbox 1464 1836 1588 1890; x_wconf 83' lang='lat' dir='ltr'>regis</span> <span class='ocrx_word' id='word_1_221' title='bbox 1606 1835 1892 1889; x_wconf 76' lang='lat' dir='ltr'>presentavi,</span> <span class='ocrx_word' id='word_1_222' title='bbox 1925 1835 2015 1878; x_wconf 89' lang='lat' dir='ltr'>Sed</span> 
     </span>
     <span class='ocr_line' id='line_1_25' title="bbox 245 1906 2017 1961; baseline 0 -12"><span class='ocrx_word' id='word_1_223' title='bbox 245 1908 348 1960; x_wconf 83' lang='lat' dir='ltr'>quia</span> <span class='ocrx_word' id='word_1_224' title='bbox 382 1908 586 1949; x_wconf 91' lang='lat' dir='ltr'>nondum</span> <span class='ocrx_word' id='word_1_225' title='bbox 616 1908 874 1950; x_wconf 90' lang='lat' dir='ltr'>habueram</span> <span class='ocrx_word' id='word_1_226' title='bbox 907 1908 1061 1950; x_wconf 90' lang='lat' dir='ltr'>salvos</span> <span class='ocrx_word' id='word_1_227' title='bbox 1093 1908 1343 1950; x_wconf 88' lang='lat' dir='ltr'>conductus</span> <span class='ocrx_word' id='word_1_228' title='bbox 1375 1920 1535 1961; x_wconf 77' lang='lat' dir='ltr'>regum</span> <span class='ocrx_word' id='word_1_229' title='bbox 1568 1908 1763 1950; x_wconf 89' lang='lat' dir='ltr'>Francie</span> <span class='ocrx_word' id='word_1_230' title='bbox 1795 1910 1840 1949; x_wconf 95' lang='lat' dir='ltr'>et</span> <span class='ocrx_word' id='word_1_231' title='bbox 1870 1906 2017 1949; x_wconf 94' lang='lat' dir='ltr'>Ludo-</span> 
     </span>
     <span class='ocr_line' id='line_1_26' title="bbox 245 1978 2015 2032; baseline 0 -12"><span class='ocrx_word' id='word_1_232' title='bbox 245 1980 328 2021; x_wconf 79' lang='lat' dir='ltr'>vici</span> <span class='ocrx_word' id='word_1_233' title='bbox 352 1992 531 2021; x_wconf 89' lang='lat' dir='ltr'>necnon</span> <span class='ocrx_word' id='word_1_234' title='bbox 555 1979 595 2021; x_wconf 92' lang='lat' dir='ltr'>d.</span> <span class='ocrx_word' id='word_1_235' title='bbox 621 1979 841 2032; x_wconf 91' lang='lat' dir='ltr'>Delphini</span> <span class='ocrx_word' id='word_1_236' title='bbox 864 1982 1147 2032; x_wconf 87' lang='lat' dir='ltr'>protestatus</span> <span class='ocrx_word' id='word_1_237' title='bbox 1169 1980 1252 2032; x_wconf 83' lang='lat' dir='ltr'>fui,</span> <span class='ocrx_word' id='word_1_238' title='bbox 1269 1979 1391 2032; x_wconf 88' lang='lat' dir='ltr'>quod</span> <span class='ocrx_word' id='word_1_239' title='bbox 1408 1992 1492 2032; x_wconf 88' lang='lat' dir='ltr'>per</span> <span class='ocrx_word' id='word_1_240' title='bbox 1506 1979 1591 2020; x_wconf 90' lang='lat' dir='ltr'>hoc</span> <span class='ocrx_word' id='word_1_241' title='bbox 1606 1991 1699 2021; x_wconf 92' lang='lat' dir='ltr'>non</span> <span class='ocrx_word' id='word_1_242' title='bbox 1717 1978 2015 2020; x_wconf 88' lang='lat' dir='ltr'>intendebam</span> 
     </span>
     <span class='ocr_line' id='line_1_27' title="bbox 246 2048 2015 2102; baseline 0.001 -12"><span class='ocrx_word' id='word_1_243' title='bbox 246 2051 287 2091; x_wconf 85' lang='lat' dir='ltr'>in</span> <span class='ocrx_word' id='word_1_244' title='bbox 325 2051 482 2102; x_wconf 91' lang='lat' dir='ltr'>aliquo</span> <span class='ocrx_word' id='word_1_245' title='bbox 517 2063 542 2092; x_wconf 91' lang='lat' dir='ltr'>a</span> <span class='ocrx_word' id='word_1_246' title='bbox 574 2049 724 2092; x_wconf 79' lang='lat' dir='ltr'>forma</span> <span class='ocrx_word' id='word_1_247' title='bbox 759 2050 1034 2093; x_wconf 88' lang='lat' dir='ltr'>concordata</span> <span class='ocrx_word' id='word_1_248' title='bbox 1069 2050 1305 2092; x_wconf 87' lang='lat' dir='ltr'>recedere.</span> <span class='ocrx_word' id='word_1_249' title='bbox 1354 2050 1479 2091; x_wconf 88' lang='lat' dir='ltr'>Tunc</span> <span class='ocrx_word' id='word_1_250' title='bbox 1515 2050 1555 2092; x_wconf 92' lang='lat' dir='ltr'>d.</span> <span class='ocrx_word' id='word_1_251' title='bbox 1591 2049 1791 2092; x_wconf 90' lang='lat' dir='ltr'>vicarius</span> <span class='ocrx_word' id='word_1_252' title='bbox 1825 2048 2015 2092; x_wconf 91' lang='lat' dir='ltr'>easdem</span> 
     </span>
     <span class='ocr_line' id='line_1_28' title="bbox 243 2121 2014 2175; baseline 0 -13"><span class='ocrx_word' id='word_1_253' title='bbox 243 2121 422 2163; x_wconf 91' lang='lat' dir='ltr'>litteras</span> <span class='ocrx_word' id='word_1_254' title='bbox 447 2121 622 2174; x_wconf 87' lang='lat' dir='ltr'>recepit</span> <span class='ocrx_word' id='word_1_255' title='bbox 645 2125 689 2163; x_wconf 92' lang='lat' dir='ltr'>et</span> <span class='ocrx_word' id='word_1_256' title='bbox 714 2121 911 2163; x_wconf 91' lang='lat' dir='ltr'>similem</span> <span class='ocrx_word' id='word_1_257' title='bbox 935 2121 1325 2175; x_wconf 90' lang='lat' dir='ltr'>protestacionem</span> <span class='ocrx_word' id='word_1_258' title='bbox 1351 2122 1473 2171; x_wconf 80' lang='lat' dir='ltr'>fecit,</span> <span class='ocrx_word' id='word_1_259' title='bbox 1500 2121 1685 2163; x_wconf 90' lang='lat' dir='ltr'>demum</span> <span class='ocrx_word' id='word_1_260' title='bbox 1709 2121 1890 2164; x_wconf 90' lang='lat' dir='ltr'>litteras</span> <span class='ocrx_word' id='word_1_261' title='bbox 1912 2133 2014 2162; x_wconf 91' lang='lat' dir='ltr'>cum</span> 
     </span>
     <span class='ocr_line' id='line_1_29' title="bbox 242 2191 2012 2245; baseline 0 -12"><span class='ocrx_word' id='word_1_262' title='bbox 242 2193 449 2234; x_wconf 86' lang='lat' dir='ltr'>clausula</span> <span class='ocrx_word' id='word_1_263' title='bbox 478 2193 745 2245; x_wconf 83' lang='lat' dir='ltr'>presentavi</span> <span class='ocrx_word' id='word_1_264' title='bbox 776 2205 877 2234; x_wconf 88' lang='lat' dir='ltr'>cum</span> <span class='ocrx_word' id='word_1_265' title='bbox 906 2193 1261 2245; x_wconf 79' lang='lat' dir='ltr'>protestacione,</span> <span class='ocrx_word' id='word_1_266' title='bbox 1289 2196 1426 2245; x_wconf 89' lang='lat' dir='ltr'>prout</span> <span class='ocrx_word' id='word_1_267' title='bbox 1453 2192 1588 2234; x_wconf 90' lang='lat' dir='ltr'>michi</span> <span class='ocrx_word' id='word_1_268' title='bbox 1618 2195 1717 2234; x_wconf 93' lang='lat' dir='ltr'>erat</span> <span class='ocrx_word' id='word_1_269' title='bbox 1744 2191 2012 2234; x_wconf 91' lang='lat' dir='ltr'>iniunctum.</span> 
     </span>
     <span class='ocr_line' id='line_1_30' title="bbox 244 2262 2013 2317; baseline -0.001 -12"><span class='ocrx_word' id='word_1_270' title='bbox 244 2264 352 2316; x_wconf 84' lang='lat' dir='ltr'>Ego,</span> <span class='ocrx_word' id='word_1_271' title='bbox 392 2262 528 2305; x_wconf 75' lang='lat' dir='ltr'>revmi</span> <span class='ocrx_word' id='word_1_272' title='bbox 565 2276 623 2316; x_wconf 86' lang='lat' dir='ltr'>p.,</span> <span class='ocrx_word' id='word_1_273' title='bbox 664 2264 851 2316; x_wconf 90' lang='lat' dir='ltr'>reperio</span> <span class='ocrx_word' id='word_1_274' title='bbox 886 2264 1098 2305; x_wconf 87' lang='lat' dir='ltr'>homines</span> <span class='ocrx_word' id='word_1_275' title='bbox 1135 2264 1273 2306; x_wconf 90' lang='lat' dir='ltr'>huius</span> <span class='ocrx_word' id='word_1_276' title='bbox 1311 2264 1422 2305; x_wconf 83' lang='lat' dir='ltr'>ville</span> <span class='ocrx_word' id='word_1_277' title='bbox 1460 2263 1630 2317; x_wconf 90' lang='lat' dir='ltr'>optime</span> <span class='ocrx_word' id='word_1_278' title='bbox 1669 2263 1920 2316; x_wconf 82' lang='lat' dir='ltr'>dispositos</span> <span class='ocrx_word' id='word_1_279' title='bbox 1956 2262 2013 2305; x_wconf 88' lang='lat' dir='ltr'>ad</span> 
     </span>
     <span class='ocr_line' id='line_1_31' title="bbox 241 2333 2013 2387; baseline 0 -12"><span class='ocrx_word' id='word_1_280' title='bbox 241 2334 459 2376; x_wconf 88' lang='lat' dir='ltr'>unionem</span> <span class='ocrx_word' id='word_1_281' title='bbox 494 2337 538 2376; x_wconf 89' lang='lat' dir='ltr'>et</span> <span class='ocrx_word' id='word_1_282' title='bbox 572 2347 724 2387; x_wconf 84' lang='lat' dir='ltr'>spero,</span> <span class='ocrx_word' id='word_1_283' title='bbox 758 2335 880 2387; x_wconf 91' lang='lat' dir='ltr'>quod</span> <span class='ocrx_word' id='word_1_284' title='bbox 913 2336 1159 2376; x_wconf 91' lang='lat' dir='ltr'>terminum</span> <span class='ocrx_word' id='word_1_285' title='bbox 1196 2334 1240 2376; x_wconf 90' lang='lat' dir='ltr'>in</span> <span class='ocrx_word' id='word_1_286' title='bbox 1274 2335 1443 2377; x_wconf 89' lang='lat' dir='ltr'>litteris</span> <span class='ocrx_word' id='word_1_287' title='bbox 1477 2334 1738 2387; x_wconf 91' lang='lat' dir='ltr'>appositum</span> <span class='ocrx_word' id='word_1_288' title='bbox 1772 2333 2013 2376; x_wconf 90' lang='lat' dir='ltr'>abbrevia-</span> 
     </span>
     <span class='ocr_line' id='line_1_32' title="bbox 242 2403 2012 2457; baseline 0.001 -12"><span class='ocrx_word' id='word_1_289' title='bbox 242 2406 368 2457; x_wconf 86' lang='lat' dir='ltr'>bunt,</span> <span class='ocrx_word' id='word_1_290' title='bbox 405 2405 652 2448; x_wconf 90' lang='lat' dir='ltr'>dummodo</span> <span class='ocrx_word' id='word_1_291' title='bbox 688 2406 801 2448; x_wconf 78' lang='lat' dir='ltr'>salvi</span> <span class='ocrx_word' id='word_1_292' title='bbox 840 2405 1090 2448; x_wconf 85' lang='lat' dir='ltr'>conductus</span> <span class='ocrx_word' id='word_1_293' title='bbox 1124 2406 1425 2448; x_wconf 90' lang='lat' dir='ltr'>haberentur.</span> <span class='ocrx_word' id='word_1_294' title='bbox 1473 2405 1624 2456; x_wconf 87' lang='lat' dir='ltr'>Quare</span> <span class='ocrx_word' id='word_1_295' title='bbox 1660 2405 1844 2448; x_wconf 89' lang='lat' dir='ltr'>videtur</span> <span class='ocrx_word' id='word_1_296' title='bbox 1878 2403 2012 2447; x_wconf 87' lang='lat' dir='ltr'>michi</span> 
     </span>
     <span class='ocr_line' id='line_1_33' title="bbox 240 2476 2012 2529; baseline 0 -12"><span class='ocrx_word' id='word_1_297' title='bbox 240 2477 368 2529; x_wconf 89' lang='lat' dir='ltr'>utile,</span> <span class='ocrx_word' id='word_1_298' title='bbox 396 2477 517 2529; x_wconf 91' lang='lat' dir='ltr'>quod</span> <span class='ocrx_word' id='word_1_299' title='bbox 544 2489 664 2519; x_wconf 89' lang='lat' dir='ltr'>unus</span> <span class='ocrx_word' id='word_1_300' title='bbox 692 2478 809 2519; x_wconf 90' lang='lat' dir='ltr'>alter</span> <span class='ocrx_word' id='word_1_301' title='bbox 836 2489 920 2529; x_wconf 88' lang='lat' dir='ltr'>pro</span> <span class='ocrx_word' id='word_1_302' title='bbox 949 2477 1082 2519; x_wconf 89' lang='lat' dir='ltr'>dictis</span> <span class='ocrx_word' id='word_1_303' title='bbox 1111 2476 1252 2519; x_wconf 85' lang='lat' dir='ltr'>salvis</span> <span class='ocrx_word' id='word_1_304' title='bbox 1279 2476 1579 2518; x_wconf 89' lang='lat' dir='ltr'>conductibus</span> <span class='ocrx_word' id='word_1_305' title='bbox 1609 2476 1868 2518; x_wconf 89' lang='lat' dir='ltr'>mitteretur</span> <span class='ocrx_word' id='word_1_306' title='bbox 1893 2476 2012 2518; x_wconf 89' lang='lat' dir='ltr'>cele-</span> 
     </span>
     <span class='ocr_line' id='line_1_34' title="bbox 243 2546 2012 2601; baseline 0.001 -13"><span class='ocrx_word' id='word_1_307' title='bbox 243 2549 369 2599; x_wconf 88' lang='lat' dir='ltr'>riter,</span> <span class='ocrx_word' id='word_1_308' title='bbox 401 2547 508 2600; x_wconf 92' lang='lat' dir='ltr'>quia</span> <span class='ocrx_word' id='word_1_309' title='bbox 539 2547 691 2599; x_wconf 87' lang='lat' dir='ltr'>credo,</span> <span class='ocrx_word' id='word_1_310' title='bbox 724 2548 845 2601; x_wconf 88' lang='lat' dir='ltr'>quod</span> <span class='ocrx_word' id='word_1_311' title='bbox 875 2547 1047 2589; x_wconf 90' lang='lat' dir='ltr'>habitis</span> <span class='ocrx_word' id='word_1_312' title='bbox 1079 2547 1210 2590; x_wconf 89' lang='lat' dir='ltr'>dictis</span> <span class='ocrx_word' id='word_1_313' title='bbox 1241 2548 1383 2589; x_wconf 85' lang='lat' dir='ltr'>salvis</span> <span class='ocrx_word' id='word_1_314' title='bbox 1415 2547 1716 2589; x_wconf 87' lang='lat' dir='ltr'>conductibus</span> <span class='ocrx_word' id='word_1_315' title='bbox 1748 2546 2012 2589; x_wconf 91' lang='lat' dir='ltr'>immediate</span> 
     </span>
     <span class='ocr_line' id='line_1_35' title="bbox 244 2617 2012 2672; baseline 0 -13"><span class='ocrx_word' id='word_1_316' title='bbox 244 2620 315 2661; x_wconf 86' lang='lat' dir='ltr'>isti</span> <span class='ocrx_word' id='word_1_317' title='bbox 340 2619 567 2672; x_wconf 89' lang='lat' dir='ltr'>arripient</span> <span class='ocrx_word' id='word_1_318' title='bbox 590 2619 690 2661; x_wconf 86' lang='lat' dir='ltr'>iter.</span> <span class='ocrx_word' id='word_1_319' title='bbox 728 2620 927 2671; x_wconf 89' lang='lat' dir='ltr'>Insuper</span> <span class='ocrx_word' id='word_1_320' title='bbox 948 2618 1186 2671; x_wconf 84' lang='lat' dir='ltr'>noverit-is,</span> <span class='ocrx_word' id='word_1_321' title='bbox 1209 2618 1408 2671; x_wconf 87' lang='lat' dir='ltr'>qualiter</span> <span class='ocrx_word' id='word_1_322' title='bbox 1431 2618 1470 2662; x_wconf 83' lang='lat' dir='ltr'>d.</span> <span class='ocrx_word' id='word_1_323' title='bbox 1496 2631 1579 2659; x_wconf 84' lang='lat' dir='ltr'>rex</span> <span class='ocrx_word' id='word_1_324' title='bbox 1600 2619 1867 2671; x_wconf 84' lang='lat' dir='ltr'>Aragonum</span> <span class='ocrx_word' id='word_1_325' title='bbox 1889 2617 2012 2661; x_wconf 89' lang='lat' dir='ltr'>misit</span> 
     </span>
     <span class='ocr_line' id='line_1_36' title="bbox 241 2688 2009 2742; baseline -0.001 -10"><span class='ocrx_word' id='word_1_326' title='bbox 241 2690 601 2732; x_wconf 89' lang='lat' dir='ltr'>ambassiatores</span> <span class='ocrx_word' id='word_1_327' title='bbox 644 2703 751 2732; x_wconf 90' lang='lat' dir='ltr'>suos</span> <span class='ocrx_word' id='word_1_328' title='bbox 793 2690 850 2732; x_wconf 91' lang='lat' dir='ltr'>ad</span> <span class='ocrx_word' id='word_1_329' title='bbox 893 2690 1078 2731; x_wconf 80' lang='lat' dir='ltr'>Petrum</span> <span class='ocrx_word' id='word_1_330' title='bbox 1122 2689 1178 2731; x_wconf 94' lang='lat' dir='ltr'>de</span> <span class='ocrx_word' id='word_1_331' title='bbox 1222 2689 1350 2731; x_wconf 89' lang='lat' dir='ltr'>Luna</span> <span class='ocrx_word' id='word_1_332' title='bbox 1394 2702 1535 2742; x_wconf 84' lang='lat' dir='ltr'>super</span> <span class='ocrx_word' id='word_1_333' title='bbox 1575 2689 1738 2742; x_wconf 87' lang='lat' dir='ltr'>tribus,</span> <span class='ocrx_word' id='word_1_334' title='bbox 1779 2688 2009 2740; x_wconf 86' lang='lat' dir='ltr'>videlicet,</span> 
     </span>
     <span class='ocr_line' id='line_1_37' title="bbox 240 2759 2007 2814; baseline -0.001 -11"><span class='ocrx_word' id='word_1_335' title='bbox 240 2761 389 2814; x_wconf 90' lang='lat' dir='ltr'>primo</span> <span class='ocrx_word' id='word_1_336' title='bbox 416 2762 537 2814; x_wconf 91' lang='lat' dir='ltr'>quod</span> <span class='ocrx_word' id='word_1_337' title='bbox 565 2762 733 2803; x_wconf 92' lang='lat' dir='ltr'>debeat</span> <span class='ocrx_word' id='word_1_338' title='bbox 759 2761 1041 2803; x_wconf 89' lang='lat' dir='ltr'>constituere</span> <span class='ocrx_word' id='word_1_339' title='bbox 1067 2764 1393 2813; x_wconf 87' lang='lat' dir='ltr'>procuratores</span> <span class='ocrx_word' id='word_1_340' title='bbox 1421 2773 1528 2802; x_wconf 91' lang='lat' dir='ltr'>suos</span> <span class='ocrx_word' id='word_1_341' title='bbox 1555 2760 1613 2802; x_wconf 92' lang='lat' dir='ltr'>ad</span> <span class='ocrx_word' id='word_1_342' title='bbox 1641 2759 2007 2802; x_wconf 89' lang='lat' dir='ltr'>renunciandum</span> 
     </span>
     <span class='ocr_line' id='line_1_38' title="bbox 240 2830 2007 2885; baseline -0.001 -12"><span class='ocrx_word' id='word_1_343' title='bbox 240 2832 281 2873; x_wconf 90' lang='lat' dir='ltr'>in</span> <span class='ocrx_word' id='word_1_344' title='bbox 311 2832 522 2883; x_wconf 64' lang='lat' dir='ltr'>concilim</span> <span class='ocrx_word' id='word_1_345' title='bbox 551 2832 755 2875; x_wconf 89' lang='lat' dir='ltr'>secundo</span> <span class='ocrx_word' id='word_1_346' title='bbox 779 2832 900 2885; x_wconf 93' lang='lat' dir='ltr'>quod</span> <span class='ocrx_word' id='word_1_347' title='bbox 927 2832 1094 2873; x_wconf 90' lang='lat' dir='ltr'>debeat</span> <span class='ocrx_word' id='word_1_348' title='bbox 1119 2845 1199 2874; x_wconf 82' lang='lat' dir='ltr'>vos</span> <span class='ocrx_word' id='word_1_349' title='bbox 1225 2831 1436 2873; x_wconf 90' lang='lat' dir='ltr'>dominos</span> <span class='ocrx_word' id='word_1_350' title='bbox 1462 2831 1518 2873; x_wconf 91' lang='lat' dir='ltr'>de</span> <span class='ocrx_word' id='word_1_351' title='bbox 1544 2830 1738 2874; x_wconf 86' lang='lat' dir='ltr'>concil-io</span> <span class='ocrx_word' id='word_1_352' title='bbox 1759 2830 2007 2873; x_wconf 88' lang='lat' dir='ltr'>habilitare</span> 
     </span>
     <span class='ocr_line' id='line_1_39' title="bbox 240 2902 2007 2956; baseline 0 -13"><span class='ocrx_word' id='word_1_353' title='bbox 240 2906 341 2954; x_wconf 82' lang='lat' dir='ltr'>ctc.;</span> <span class='ocrx_word' id='word_1_354' title='bbox 380 2903 523 2945; x_wconf 88' lang='lat' dir='ltr'>tercio</span> <span class='ocrx_word' id='word_1_355' title='bbox 559 2903 681 2956; x_wconf 90' lang='lat' dir='ltr'>quod</span> <span class='ocrx_word' id='word_1_356' title='bbox 718 2903 886 2945; x_wconf 90' lang='lat' dir='ltr'>debeat</span> <span class='ocrx_word' id='word_1_357' title='bbox 922 2915 1142 2944; x_wconf 88' lang='lat' dir='ltr'>revocare</span> <span class='ocrx_word' id='word_1_358' title='bbox 1180 2914 1341 2945; x_wconf 90' lang='lat' dir='ltr'>omnes</span> <span class='ocrx_word' id='word_1_359' title='bbox 1377 2915 1625 2955; x_wconf 87' lang='lat' dir='ltr'>processus</span> <span class='ocrx_word' id='word_1_360' title='bbox 1661 2905 1819 2944; x_wconf 88' lang='lat' dir='ltr'>contra</span> <span class='ocrx_word' id='word_1_361' title='bbox 1857 2902 2007 2955; x_wconf 91' lang='lat' dir='ltr'>ipsum</span> 
     </span>
     <span class='ocr_line' id='line_1_40' title="bbox 239 2971 2008 3027; baseline -0.001 -13"><span class='ocrx_word' id='word_1_362' title='bbox 239 2973 396 3016; x_wconf 77' lang='lat' dir='ltr'>factos.</span> <span class='ocrx_word' id='word_1_363' title='bbox 437 2974 648 3016; x_wconf 92' lang='lat' dir='ltr'>Nondum</span> <span class='ocrx_word' id='word_1_364' title='bbox 678 2974 787 3016; x_wconf 79' lang='lat' dir='ltr'>fecit</span> <span class='ocrx_word' id='word_1_365' title='bbox 816 2974 1188 3027; x_wconf 87' lang='lat' dir='ltr'>responsionem;</span> <span class='ocrx_word' id='word_1_366' title='bbox 1222 2973 1302 3015; x_wconf 90' lang='lat' dir='ltr'>sed</span> <span class='ocrx_word' id='word_1_367' title='bbox 1334 2986 1434 3015; x_wconf 90' lang='lat' dir='ltr'>cum</span> <span class='ocrx_word' id='word_1_368' title='bbox 1466 2973 1659 3025; x_wconf 82' lang='lat' dir='ltr'>scivero,</span> <span class='ocrx_word' id='word_1_369' title='bbox 1688 2986 1727 3014; x_wconf 90' lang='lat' dir='ltr'>v.</span> <span class='ocrx_word' id='word_1_370' title='bbox 1755 2985 1800 3026; x_wconf 90' lang='lat' dir='ltr'>p.</span> <span class='ocrx_word' id='word_1_371' title='bbox 1831 2971 2008 3026; x_wconf 76' lang='lat' dir='ltr'>signiti-</span> 
     </span>
    </p>
   </div>
   <div class='ocr_carea' id='block_1_5' title="bbox 344 3078 778 3111">
    <p class='ocr_par' dir='ltr' id='par_1_8' title="bbox 344 3078 778 3111">
     <span class='ocr_line' id='line_1_41' title="bbox 344 3078 778 3111; baseline -0.002 -8"><span class='ocrx_word' id='word_1_372' title='bbox 344 3082 373 3103; x_wconf 68' lang='lat' dir='ltr'>a)</span> <span class='ocrx_word' id='word_1_373' title='bbox 395 3086 428 3102; x_wconf 55' lang='lat' dir='ltr'>sn,</span> <span class='ocrx_word' id='word_1_374' title='bbox 455 3078 533 3104; x_wconf 62' lang='lat' dir='ltr'>wohl</span> <span class='ocrx_word' id='word_1_375' title='bbox 555 3086 590 3104; x_wconf 70' lang='grc' dir='ltr'>ει(</span> <span class='ocrx_word' id='word_1_376' title='bbox 613 3080 778 3111; x_wconf 65' lang='lat' dir='ltr'>eryc&#39;inzfln.</span> 
     </span>
    </p>
   </div>
  </div>
 </body>
</html>
