2102 3444
239 141 324 185 266
774 141 799 176 I.
827 141 1036 176 Abschnitt.
1076 141 1477 186 Konzilstagebiicher.

240 262 390 302 starra
423 271 561 302 senza
594 259 859 302 rinunciare
892 260 1045 302 insino
1077 260 1169 302 alla
1202 264 1362 303 morte.
1408 261 1460 303 El
1495 261 1620 305 detto
1652 263 1845 305 castello
1874 275 1904 305 e
1934 275 2008 317 ap-

241 343 405 382 presso
430 331 489 373 ad
511 331 716 373 Valenza
741 331 798 372 ad
823 344 914 373 una
936 331 1147 383 giornata
1171 334 1215 373 et
1239 343 1367 374 meza
1391 333 1483 374 alla
1507 333 1700 385 marina,
1726 333 1866 375 molto
1889 333 2007 376 forte

240 402 432 443 castello
463 405 508 443 et
539 414 564 443 e
598 415 680 444 suo
713 415 738 443 o
772 401 896 444 della
928 401 1097 443 chiesa.
1143 402 1319 444 Perche
1352 403 1466 445 siate
1500 403 1709 446 advisati.
1755 404 1811 445 Vi
1843 403 2009 446 mando

240 476 403 524 questo
433 473 627 514 corrieri
659 472 704 523 in
735 472 886 514 dodici
919 472 978 514 di,

356 543 656 585 Sacrosancte
693 543 1045 585 Constanciensi
1081 544 1258 596 synodo
1293 578 1301 586 .
1338 578 1345 586 .
1382 579 1390 586 .
1437 545 1654 596 Quamvis
1690 544 1811 588 circa
1844 545 2011 598 princi·

240 615 365 667 pium
390 614 571 656 consilii
599 648 606 655 .
643 648 650 655 .
687 649 695 656 .
721 614 893 656 XVIII.
919 614 994 655 die
1020 614 1196 657 mensis
1219 614 1483 669 Octobris.¹)

361 685 713 737 Infrascriptum
744 697 1007 727 sermonem
1037 698 1119 727 scu
1149 686 1450 728 collacionem
1479 686 1589 728 fecit
1615 689 1661 728 et
1688 686 2011 739 pronunciavit

240 769 333 797 rev.
364 756 390 797 i.
421 755 526 798 Chr.
554 769 598 809 p.
627 755 669 798 d.
696 755 912 798 Andreas
940 756 1145 798 Lascarii
1173 757 1349 800 electus
1378 757 1713 800 Poznaniensis
1742 758 1790 799 in
1817 757 2011 800 concilio

238 827 448 879 generali
480 826 833 869 Constanciensi
862 827 909 868 in
938 827 1136 870 ecclesia
1165 827 1420 869 cathedrali
1450 828 1495 869 in
1526 829 1626 870 loco
1656 828 1882 870 sessionis
1913 862 1922 870 .
1958 862 1966 871 .
2002 862 2010 870 .

240 898 283 939 in
314 897 543 951 solempni
572 898 930 951 presentacione
960 898 1001 940 d.
1032 898 1417 941 ambassiatorum
1449 899 1858 941 serenissimorum
1887 899 2012 953 prin-

239 968 390 1021 cipum
416 969 456 1010 d.
482 969 607 1022 regis
631 969 824 1011 Polonie
849 973 894 1011 et
916 968 1089 1011 Vitoldi
1114 970 1266 1022 magni
1293 969 1422 1012 ducis
1446 969 1692 1012 Lithuanie
1718 969 1775 1011 de
1797 970 2011 1013 terminis

239 1040 499 1092 Lithuanie,
541 1039 878 1093 Samagitarum
920 1043 965 1082 et
1005 1040 1170 1083 Russie
1212 1040 1438 1082 nobilium
1481 1040 1677 1082 militum
1718 1041 2011 1084 transmisso-

239 1123 352 1155 rum.
389 1110 525 1153 Anno
549 1110 661 1153 1415
686 1110 760 1153 die
784 1111 1001 1152 mercurii
1026 1111 1155 1153 XIII.
1181 1111 1507 1165 Decembris&

355 1182 455 1223 Viri
493 1181 665 1224 fratres
701 1185 747 1224 et
782 1185 940 1235 patres
978 1182 1145 1224 sacrati
1181 1182 1424 1235 antistites,
1461 1182 1697 1235 principes
1732 1183 2010 1236 populorum

238 1266 339 1294 cum
367 1253 467 1295 Deo
494 1256 540 1295 et
566 1253 613 1294 in
642 1253 740 1295 Deo
769 1253 816 1294 in
843 1252 1026 1295 civitate
1054 1252 1228 1295 domini
1256 1253 1475 1295 virtutum
1504 1253 1705 1295 feliciter
1732 1253 2010 1307 congregati.

237 1324 283 1366 Si
315 1324 454 1367 huius
486 1327 613 1366 cetus
647 1323 960 1366 sacratissima
991 1326 1121 1377 gesta
1154 1323 1358 1366 almifica
1389 1327 1434 1366 et
1465 1336 1610 1377 opera
1640 1323 1841 1366 mirifica
1872 1337 2011 1367 manu

238 1395 392 1437 divine
425 1395 661 1448 sapiencie
692 1394 918 1437 fabricata
950 1395 1089 1448 digno
1119 1395 1340 1448 preconio
1369 1395 1487 1448 phas
1516 1395 1657 1437 habet
1686 1395 1889 1438 humana
1920 1395 2012 1438 fra-

237 1466 391 1519 gilitas
426 1467 762 1520 perstringere,
798 1467 957 1519 lingua
993 1478 1110 1519 mea,
1145 1466 1183 1508 si
1220 1466 1425 1508 calamus
1461 1465 1611 1508 scribe
1646 1465 1869 1508 velociter
1903 1467 2011 1509 scri-

238 1538 432 1592 bentis2)
469 1537 707 1590 existeret,
741 1536 901 1590 utique
934 1549 1029 1579 non
1061 1540 1249 1579 taceret.
1301 1536 1464 1590 Magna
1497 1537 1671 1590 quippe
1706 1540 1813 1579 sunt
1844 1537 1893 1579 in
1926 1537 2012 1580 hac

240 1621 384 1662 opera
418 1609 607 1662 domini,
645 1621 840 1662 quorum
877 1621 1019 1650 sonus
1054 1608 1101 1649 in
1136 1620 1320 1650 omnem
1355 1611 1529 1650 terram
1564 1611 1609 1649 et
1644 1607 1691 1649 in
1724 1607 1850 1650 fines
1885 1608 2013 1651 orbis

239 1681 510 1734 terraruinss)
539 1679 630 1722 hiis
656 1679 822 1721 diebus
848 1679 1047 1721 intonuit
1070 1682 1116 1721 et
1140 1679 1268 1721 filios
1295 1678 1353 1721 de
1379 1679 1516 1732 longe
1540 1679 1704 1721 venire
1729 1682 1777 1722 et
1801 1678 1929 1722 filias
1955 1679 2012 1721 de

240 1751 386 1793 latere
417 1763 610 1804 surgere
639 1753 684 1793 et
711 1754 958 1804 presentes
988 1750 1350 1792 ambassiatores
1380 1749 1728 1803 celeberrimos,
1757 1750 1815 1792 de
1844 1750 2013 1804 quibus

241 1822 376 1864 michi
399 1834 552 1864 sermo
575 1821 844 1865 reddendus
868 1825 950 1875 est,
975 1822 1111 1864 stella
1135 1821 1279 1862 divini
1300 1822 1539 1863 tutaminis
1562 1833 1710 1874 usque
1734 1820 1927 1863 adduxit
1950 1855 1959 1863 .
1977 1854 1985 1862 .
2003 1854 2012 1862 .

241 1894 330 1935 Pro
367 1906 562 1946 quorum
600 1906 693 1935 non
730 1893 839 1935 ficta
876 1896 945 1934 set
982 1905 1093 1934 vera
1131 1892 1538 1934 commendacione
1575 1892 1869 1945 brevissima,
1905 1904 2013 1946 qua-

241 1965 364 2007 tinus
403 1964 461 2006 ad
498 1977 696 2017 presens
735 1963 983 2016 deserviat,
1020 1963 1309 2017 propositum
1348 1963 1466 2005 illud
1503 1962 1808 2006 accomodans
1845 1962 2010 2005 dicam:

242 2036 446 2077 Venient
482 2035 539 2077 ad
575 2039 635 2088 te,
672 2035 750 2088 qui
788 2035 1098 2077 detrahebant
1133 2034 1216 2076 tibi
1252 2038 1299 2076 et
1333 2033 1595 2076 adorabunt
1635 2033 1735 2088 (Ys.
1774 2033 1873 2088 LX)
1916 2068 1924 2076 .
1960 2067 1969 2076 .
2004 2067 2013 2075 .

244 2107 295 2148 In
337 2107 505 2159 quibus
545 2106 703 2148 verbis
745 2106 832 2149 tria
873 2106 984 2147 duxi
1026 2105 1234 2148 breviter
1275 2105 1558 2147 annotanda:
1602 2105 1758 2147 Primo
1799 2107 2014 2148 attractos

243 2179 623 2231 appropinquare
663 2190 747 2230 per
788 2177 932 2218 fidem
974 2177 1294 2219 conversivam
1334 2176 1381 2217 in
1420 2176 1582 2218 verbo:
1624 2175 1814 2218 venient
1853 2175 1912 2218 ad
1948 2178 2012 2227 te;

243 2248 447 2290 secundo
480 2248 779 2300 imperfectos
814 2248 1069 2301 permutari
1102 2248 1151 2289 in
1184 2260 1343 2289 vocem
1378 2246 1676 2300 laudativam,
1709 2246 1790 2288 ibi:
1827 2246 1906 2300 qui
1939 2246 2016 2288 de-

242 2319 489 2361 trahebant
523 2319 624 2371 tibi;
662 2318 805 2361 tercio
841 2319 1059 2360 devocius
1095 2318 1315 2361 honorari
1351 2318 1467 2360 alias
1501 2315 1762 2371 venerarib)
1799 2318 2015 2360 virtutem

243 2390 544 2444 perfectivam
577 2391 623 2432 in
655 2390 816 2432 verbo:
851 2389 1124 2432 adorabunt.
1170 2389 1324 2432 Primo
1354 2389 1571 2431 notabam
1603 2391 1818 2431 attractos
1850 2401 2015 2442 appro-

245 2463 474 2515 pinquare
513 2462 571 2503 ad
610 2461 754 2503 fidem
793 2461 1126 2502 conversivam.
1183 2460 1260 2502 Isti
1300 2473 1515 2513 namque,
1556 2460 1613 2502 de
1654 2460 1823 2513 quibus
1861 2472 2015 2502 sermo

244 2545 442 2586 presens
483 2532 747 2585 assumitur,
787 2531 964 2574 attracti
1006 2535 1111 2573 sunt
1150 2544 1242 2573 non
1283 2531 1530 2573 fraudibus
1570 2531 1884 2584 circumventi,
1922 2542 2014 2572 non

245 2604 351 2647 dolo
377 2604 522 2646 eciam
549 2604 671 2645 bono
698 2602 885 2656 inducti,
913 2603 969 2644 de
997 2615 1087 2655 quo
1112 2602 1158 2643 in
1185 2602 1232 2644 C.
1261 2601 1402 2654 „Cum
1429 2601 1613 2644 dilecti“
1641 2601 1699 2644 de
1724 2601 1830 2655 hiis,
1856 2613 1946 2655 que
1970 2600 2015 2643 vi

245 2678 452 2718 metusve
484 2687 622 2717 causa
652 2674 786 2726 fiunt,
818 2674 900 2716 sed
930 2677 978 2715 ut
1008 2685 1093 2727 per
1122 2673 1354 2715 bellorum
1385 2672 1638 2715 certamina
1667 2675 1713 2715 et
1740 2684 2014 2726 guerrarum

351 2830 379 2857 a)
402 2830 424 2853 (s
443 2827 544 2860 solut:
565 2827 752 2861 apostolica
773 2826 849 2853 sede
872 2829 1019 2852 vacante.
1065 2826 1094 2858 b)
1117 2825 1200 2852 alias
1224 2825 1370 2852 venerari
1394 2827 1423 2851 in
1448 2827 1474 2852 Ji
1496 2834 1545 2851 (1111
1572 2826 1683 2851 leunaelc
1706 2825 1760 2851 mit
1789 2825 2015 2857 Verereiwnsls-

245 2876 377 2901 wistron.
418 2878 439 2898 ι’
457 2876 512 2900 hat
534 2883 574 2900 an
598 2876 654 2901 rlC'J'
676 2874 781 2900 stalle:
803 2873 961 2900 devocius
984 2873 1098 2900 honori
1120 2872 1204 2899 alias
1227 2873 1375 2899 venerari
1400 2872 1566 2899 virtutum.

366 2936 396 2977 ¹)
431 2936 534 2979 lirief
562 2935 706 2979 Koniys
737 2935 937 2969 Ladislaus
966 2944 1034 2968 ans
1064 2933 1218 2975 Konzik
1249 2933 1367 2968 Hardt
1398 2933 1463 2976 IV,
1493 2933 1673 2976 548—51‚·
1706 2933 1831 2967 Mansi
1860 2929 2018 2971 XXVII,

248 2995 418 3028 2:31-24.

368 3055 399 3094 ¹³)
432 3053 490 3086 Ps.
520 3053 576 3094 44,
605 3052 636 3086 2.
783 3052 814 3094 3)
846 3052 906 3087 Ps.
939 3052 992 3093 18,
1022 3053 1053 3086 5.
