2102 3444
237 129 324 173 264
772 129 798 164 1.
825 128 1034 164 Abschnitt.
1074 128 1475 173 Konzilstagebiicher.

238 247 412 290 mensis
440 247 729 302 Septembris
759 260 880 290 anno
909 247 1081 290 domini
1112 247 1362 290 millesimo
1391 247 1852 302 quadringentesimo
1879 247 2006 302 quin-

237 318 477 362 todecimo.

1052 388 1292 431 Johannes
1317 389 1694 442 archiepiscopus
1720 388 1947 443 Rigensis.

356 460 499 514 Copia
524 460 688 502 cedule
713 460 854 503 misse
876 460 996 502 intra
1021 459 1312 513 supradictas
1334 460 1528 502 litt-eras.

353 530 505 572 Revmi
537 544 579 584 p.
613 524 658 573 et
688 531 748 572 d.!
796 530 981 572 Placeat
1013 531 1148 583 scire,
1180 531 1302 584 quod
1334 531 1502 573 litteris
1536 530 1634 573 istis
1667 530 1851 584 scriptis
1883 543 2007 573 sere-

235 602 456 644 nissimus
493 602 533 643 d.
570 615 654 644 rex
689 602 954 655 Aragonum
992 601 1115 644 misit
1150 601 1207 644 ad
1242 602 1417 655 regiam
1452 601 1740 644 maiestatem
1774 601 2006 644 notabiles

235 685 463 725 personas
487 672 544 715 ad
566 672 871 715 intimandum
895 672 998 725 sibi,
1022 672 1145 726 quod
1167 673 1288 715 letus
1308 676 1436 715 esset
1457 676 1503 714 et
1524 672 1701 714 faceret
1723 672 1812 714 sibi
1834 672 2006 715 bonum

235 744 425 796 vultum,
454 744 563 796 quia
593 743 694 797 ipse
725 743 920 785 deberet
947 756 1052 786 esse
1083 746 1250 796 certus,
1280 743 1402 797 quod
1432 743 1676 786 recederet
1704 743 1762 786 ab
1792 743 1880 786 isto
1907 744 2007 786 loco

236 815 382 857 eciam
406 815 452 856 in
475 814 607 856 brevi
629 827 731 856 cum
751 814 962 868 perfecta
983 814 1155 857 unione
1179 818 1261 857 etc.
1297 814 1351 856 Et
1373 814 1495 856 istud
1517 814 1575 857 ad
1599 813 1883 867 singularem
1903 826 2008 856 con·

165 935 171 940 ,
236 884 517 927 solacionem
548 885 761 927 volumus
793 886 963 928 vestris
993 898 1036 939 p.
1068 884 1225 928 rev11¹iS
1258 884 1471 927 intimare
1503 888 1607 939 post
1639 883 1730 928 alia
1762 885 1809 927 in
1840 884 2008 928 litteris

235 955 574 1009 principalibus
606 959 834 999 contenta.

350 1027 652 1070 Sacrosancte
683 1026 1035 1070 Constanciensi
1068 1027 1244 1080 synodo
1273 1027 1485 1080 generali
1515 1026 1831 1070 universalem
1863 1027 2007 1069 eccle-

234 1098 350 1140 siam
369 1099 715 1152 representanti
736 1099 838 1141 eius
859 1098 1053 1141 devotus
1074 1097 1205 1141 filius
1225 1100 1270 1140 et
1291 1098 1540 1141 advocatus
1561 1097 1886 1151 Sigismundus
1908 1131 1923 1140 ..
1952 1135 1960 1142 .
1997 1132 2005 1140 .

234 1182 318 1211 rex
356 1169 675 1212 reverenciam
713 1172 758 1211 et
794 1169 1094 1211 devocionem
1130 1169 1329 1211 filialem
1368 1182 1419 1212 ac
1457 1168 1669 1222 spiritum
1705 1167 2006 1211 fortitudinis.

232 1241 330 1283 Non
354 1241 646 1294 ambigimus,
668 1235 1012 1294 patres'sancti,
1035 1239 1161 1283 tedio
1181 1240 1327 1282 nimio
1349 1253 1408 1282 ex
1431 1253 1560 1282 mora
1583 1253 1666 1283 vos
1689 1239 1900 1293 affectos,
1924 1239 2007 1283 sed

233 1315 277 1353 et
307 1324 392 1354 nos
424 1311 585 1354 dolore
616 1311 769 1354 cordis
801 1311 1081 1353 intrinsecus
1111 1310 1217 1353 tacti
1248 1323 1307 1353 ex
1339 1309 1668 1354 retardatione.
1712 1309 2008 1354 Desideravi-

235 1395 335 1426 mus
369 1381 601 1435 equidem,
636 1382 751 1425 sicut
785 1382 934 1425 adhuc
967 1381 1292 1425 desideramus
1325 1394 1384 1423 ex
1418 1381 1606 1435 intimis,
1641 1393 1783 1435 super
1815 1381 2008 1436 negocio

231 1454 419 1497 unionis
443 1456 599 1496 sancte
622 1466 721 1495 rem
744 1453 877 1496 vobis
898 1453 1110 1506 hylarem
1134 1453 1404 1495 describere
1427 1455 1474 1495 et
1495 1452 1635 1495 corda
1657 1455 1813 1495 vestra
1834 1452 1882 1494 in
1906 1452 2005 1495 Deo

234 1524 426 1567 salutari
456 1527 618 1567 nostro
651 1524 896 1566 cons-olari.
943 1523 1035 1567 Sed
1067 1523 1147 1566 ille
1181 1523 1223 1566 d.
1258 1524 1424 1566 Petrus
1458 1523 1515 1566 de
1549 1523 1694 1578 Luna,
1726 1522 2006 1566 Benedictus

232 1596 615 1638 terciusdecimus
647 1596 694 1637 in
728 1609 810 1638 sua
843 1594 1117 1637 obediencia
1148 1598 1457 1648 nuncupatus,
1489 1597 1626 1636 utens
1657 1606 1786 1637 more
1819 1607 1904 1638 suo
1933 1608 2007 1637 us-

233 1679 512 1720 quequaque
535 1666 825 1720 respondere
850 1666 1175 1719 dissimulavit,
1197 1665 1306 1708 licet
1327 1665 1504 1708 vicibus
1526 1666 1804 1719 plerumque
1828 1665 2007 1708 iteratis

234 1738 405 1780 dixerit
434 1738 696 1781 formaliter
724 1738 810 1780 hec
839 1737 999 1790 verba,
1029 1740 1092 1791 ut,
1124 1740 1345 1790 quantum
1376 1736 1422 1778 in
1454 1737 1556 1790 ipso
1585 1739 1669 1790 est,
1701 1736 1813 1779 dare
1842 1749 2004 1790 pacem

232 1810 329 1851 vult
355 1809 553 1851 ecclesie
580 1812 626 1851 et
651 1808 834 1861 cedere,
863 1808 925 1851 ita
952 1808 1075 1862 quod
1102 1808 1229 1851 Deus
1255 1811 1300 1851 et
1327 1807 1527 1850 mundus
1555 1807 1720 1850 merito
1747 1807 1921 1850 debent
1947 1807 2004 1850 de

234 1880 335 1932 ipso
363 1881 635 1932 contentari,
663 1879 912 1922 dummodo
938 1892 1049 1922 vera
1077 1882 1123 1921 et
1149 1879 1369 1921 canonica
1397 1879 1507 1921 unio
1533 1892 1593 1921 ex
1618 1878 1885 1921 huiusmodi
1911 1891 2007 1922 ces-

235 1951 363 1993 sione
404 1951 536 2004 sequi
573 1953 745 2004 posset.
795 1951 970 1992 Verum
1009 1953 1230 2003 quantum
1266 1951 1470 1992 humana
1509 1949 1828 1992 consideracio
1865 1962 2005 1992 nosse

236 2022 345 2064 sinit
366 2035 467 2064 cum
489 2035 559 2075 ea,
581 2035 670 2075 que
694 2025 799 2064 sunt
820 2022 867 2063 in
888 2034 1014 2074 voc-e,
1039 2025 1146 2064 sunt
1165 2034 1341 2073 earum,
1363 2033 1452 2074 que
1475 2024 1581 2063 sunt
1602 2021 1649 2062 in
1672 2021 1840 2073 animo,
1861 2021 2008 2074 passi-

235 2106 373 2135 onum
393 2096 514 2135 note.
550 2092 830 2136 Carissimus
852 2092 1000 2135 frater
1020 2095 1181 2135 noster
1203 2106 1286 2134 rex
1308 2093 1574 2145 Aragonum
1596 2092 1697 2134 zelo
1717 2091 2007 2134 rectitudinis

235 2168 279 2207 et
314 2164 594 2207 sinceritatis
628 2164 816 2206 fervore
852 2176 1074 2206 accensus
1107 2167 1154 2206 et
1187 2164 1334 2206 eciam
1370 2164 1732 2206 ambassiatores
1766 2163 1891 2217 regis
1926 2163 2008 2206 Ca-

236 2236 371 2278 stelle
399 2235 516 2278 alias
541 2235 748 2288 Yspanie
777 2235 822 2276 in
849 2247 1051 2288 persona
1077 2238 1122 2277 et
1148 2235 1418 2277 auctoritate
1445 2234 1656 2277 eiusdem
1683 2233 1807 2288 regis
1833 2233 2007 2277 domini

239 2307 442 2360 ipsorum
470 2310 576 2349 sunt
600 2309 833 2359 compotes
858 2310 904 2348 et
926 2305 1130 2348 totaliter
1155 2306 1272 2349 votis
1295 2305 1468 2348 nostris
1493 2305 1770 2348 conformes.
1808 2305 1864 2348 Et
1886 2318 2007 2357 ecce,

236 2378 343 2419 dum
371 2377 415 2419 in
445 2377 679 2420 anxietate
706 2377 849 2419 nimia
877 2380 922 2418 et
949 2376 1164 2419 dolorosa
1191 2380 1452 2419 moraretur
1480 2377 1672 2430 spiritus
1698 2379 1871 2429 noster,
1899 2388 2007 2430 que-

236 2449 340 2491 dam
368 2449 454 2491 sub
481 2448 634 2501 sigillo
660 2449 812 2501 magni
841 2448 1007 2490 secreti
1034 2451 1078 2490 et
1104 2447 1225 2500 quod
1252 2448 1465 2489 ammodo
1491 2448 1576 2490 sub
1603 2447 1758 2500 specie
1785 2447 2008 2490 confessi-

234 2521 336 2562 onis
365 2519 505 2562 hodie
535 2518 672 2562 nobis
702 2519 910 2561 revelata
942 2521 1061 2571 sunt,
1093 2531 1182 2572 que
1212 2518 1431 2560 nimirum
1464 2519 1667 2560 animum
1697 2521 1906 2561 nostrum
1937 2531 2008 2561 re-

237 2590 438 2633 creando
466 2591 620 2632 valide
650 2589 956 2642 letificavere,
986 2602 1075 2642 que
1104 2589 1308 2631 nondum
1340 2589 1398 2632 ad
1426 2602 1564 2632 aures
1594 2590 1790 2632 alicuius
1819 2589 1877 2631 de
1905 2601 2008 2643 pec-

233 2663 346 2704 toris
376 2661 523 2704 nostri
552 2661 757 2704 thalamo
788 2661 877 2702 nisi
909 2660 1105 2703 illustris
1135 2660 1397 2702 Eberhardi
1428 2660 1604 2703 comitis
1636 2660 1692 2702 de
1722 2660 2006 2714 Virtenberg

173 2738 176 2741 “
236 2733 429 2775 iunioris
467 2732 683 2775 avunculi
719 2735 765 2774 et
800 2731 961 2774 fidelis
997 2731 1143 2774 nostri
1182 2731 1337 2773 dilecti
1376 2731 1545 2774 illustri
1584 2731 1816 2774 Ludovico
1852 2730 2004 2774 comiti

237 2804 450 2846 Palatino
476 2803 607 2856 Reni,
636 2803 753 2846 sacri
781 2802 974 2845 Romani
1005 2802 1189 2856 imperii
1218 2801 1565 2855 archidapifero
1592 2805 1637 2845 et
1664 2802 1767 2844 duci
1795 2802 2006 2854 Bavarie,

237 2876 435 2928 principi
474 2874 679 2927 electori,
717 2874 1063 2926 consanguineo
1100 2876 1260 2916 nostro
1296 2873 1535 2915 carissimo
1571 2878 1631 2916 'ac
1662 2873 1786 2915 vices
1822 2875 2006 2916 nostras

235 2946 430 2998 gerenti,
461 2945 629 2987 deinde
658 2958 744 2998 per
770 2945 898 2998 ipsos
927 2947 1004 2987 aut
1033 2945 1230 2987 alterum
1261 2944 1465 2997 ipsorum
1496 2944 1665 2986 vestris
1693 2943 2006 2998 prestantissi-

234 3017 321 3059 mis
356 3016 713 3070 paternitatibus
748 3014 985 3059 recitanda
1019 3015 1381 3068 descenderunt3
1418 3028 1503 3071 per
1538 3028 1628 3069 que
1660 3027 1755 3058 non
1788 3014 1879 3059 nisi
1914 3014 2003 3059 dis-
