2227 3434
509 195 552 230 A.
594 196 791 231 Fillastres
819 197 934 232 Gesta
962 198 1111 232 concilii
1139 197 1454 233 Constantiensis.
1809 201 1865 245 35

99 326 220 368 pape
248 327 299 357 ac
326 314 461 357 bonis
489 314 590 357 eius
617 319 662 357 et
688 315 1047 358 familiariorum
1078 330 1267 359 suorum
1297 318 1548 360 salvandis.
1589 319 1685 370 Que
1714 320 1866 361 omnia

99 397 184 427 rex
210 385 408 438 admisit,
435 386 620 428 illorum
647 386 1005 439 disposicionem
1031 388 1118 429 sibi
1146 401 1396 431 reservans
1421 393 1467 431 et
1493 390 1655 431 ducem
1682 391 1867 432 admisit

101 456 160 499 ad
186 457 387 510 graciam
417 460 486 499 set
515 457 573 500 ad
603 458 997 511 supplicacionem
1026 459 1082 500 de
1113 472 1234 512 papa
1263 472 1355 502 non
1386 461 1639 514 respondit.

217 527 570 581 Consequenter
596 528 690 570 dux
716 529 902 571 Austrie
930 530 1083 582 posuit
1112 530 1401 583 Friburgum,
1429 531 1507 572 ubi
1534 534 1634 573 erat
1659 544 1794 584 papa,
1821 532 1864 573 in

102 611 240 640 manu
273 600 412 652 regis,
447 602 491 641 et
526 600 587 641 ita
622 611 789 652 papam
827 600 873 640 in
909 613 1047 642 manu
1083 601 1206 653 regis
1242 603 1409 654 posuit,
1445 615 1534 655 quo
1569 602 1710 644 nichil
1747 616 1867 656 papa

101 670 245 723 magis
278 671 681 724 perhorrescebat,
717 672 794 723 qui
830 675 983 713 tamen
1021 672 1077 713 de
1115 672 1244 714 ducis
1280 673 1497 715 mandato
1530 676 1661 715 nocte
1698 674 1867 726 dieque

100 740 460 794 custodiebatur,
494 754 519 783 a
551 741 681 795 XII²¹)
718 742 792 783 die
825 746 870 784 et
902 742 1084 783 XXIIII
1119 747 1265 785 nocte.
1315 743 1380 785 Ita
1413 756 1534 797 papa
1568 744 1792 787 deductus
1824 747 1869 786 et

103 813 269 855 illusus
291 816 375 865 est,
399 813 521 866 quod
543 812 816 866 predixerat
839 813 927 855 sibi
950 814 1201 856 cardinalis
1225 815 1369 856 sancti
1397 815 1534 857 Marci
1560 816 1605 856 in
1629 816 1868 868 legacione

102 883 373 937 prescripta,
409 896 509 925 cum
545 888 813 936 presentem
849 885 1106 926 cessionem
1144 885 1465 938 persuaderet.
1516 887 1679 928 Forma
1718 889 1869 928 autem

67 994 70 995 ⁷
102 955 230 1008 pacis
262 954 392 997 ducis
424 955 612 997 Austrie
645 968 746 997 cum
779 968 889 1008 rege
921 957 1027 998 talis
1060 960 1146 997 est:
1194 957 1283 998 Nos
1320 957 1583 999 Fridericus
1618 991 1625 998 .
1662 992 1669 998 .
1706 995 1712 1001 .
1748 958 1871 1010 prin-

102 1026 230 1080 cipes
257 1027 382 1080 etc.¹)

222 1098 307 1140 Die
332 1098 550 1140 mercurii
574 1098 787 1151 sequenti
812 1111 896 1140 rex
920 1111 1019 1139 cum
1045 1099 1278 1151 deputatis
1301 1099 1545 1141 nacionum
1570 1103 1614 1141 et
1639 1099 1872 1152 aliquibus

102 1169 420 1224 cardinalibus
468 1169 698 1211 ordinavit
746 1170 802 1211 de
852 1169 1074 1211 mittendo
1124 1170 1399 1223 Friburgum
1449 1171 1506 1211 ad
1553 1170 1870 1212 reducendum

105 1253 272 1294 papam
301 1244 346 1282 et
377 1241 436 1283 ad
464 1241 548 1283 hoc
579 1240 666 1283 fuit
697 1241 944 1294 deputatus
974 1241 1266 1294 burgravius,
1298 1242 1375 1294 qui
1406 1244 1560 1283 tamen
1591 1244 1873 1294 protestatus

103 1315 174 1354 est
207 1345 218 1365 ,
252 1312 376 1365 quod
410 1324 578 1365 papam
612 1325 705 1354 non
738 1315 951 1365 tangeret
984 1325 1068 1353 nec
1104 1325 1289 1354 manum
1325 1316 1520 1365 poneret
1556 1313 1603 1353 in
1638 1312 1871 1354 Christum

107 1383 280 1426 domini
303 1386 373 1426 set
393 1383 514 1436 illos,
538 1383 615 1436 qui
638 1396 743 1425 eum
768 1383 1068 1436 adducerent,
1092 1387 1303 1425 servaret
1326 1397 1351 1425 a
1373 1384 1417 1424 vi
1441 1384 1629 1425 maiore.
1669 1384 1874 1425 Fuerunt

105 1455 250 1497 eciam
283 1455 490 1508 deputati
525 1455 904 1507 archiepiscopus
938 1454 1222 1507 Bisuntinus,
1257 1455 1304 1496 Τ.
1340 1455 1396 1496 de
1431 1454 1592 1496 Rubeo
1628 1454 1795 1506 Monte,
1829 1457 1875 1495 et

107 1526 484 1580 archiepiscopus
511 1526 727 1579 Rigensis
754 1526 811 1567 de
838 1526 1003 1567 ordine
1031 1526 1165 1568 beate
1199 1526 1340 1567 Mai-ie
1368 1525 1803 1577 Theutonichorum,
1831 1528 1875 1566 et

108 1597 187 1640 ivit
213 1597 491 1651 burgravius
520 1610 621 1639 cum
650 1597 859 1639 exercitu
887 1601 931 1638 et
962 1600 1258 1639 recesserunt
1288 1597 1344 1638 de
1375 1596 1651 1639 Constancia
1679 1596 1725 1637 in
1755 1596 1876 1637 festo

107 1668 394 1712 ascensionis
417 1668 659 1722 dominice,
689 1669 762 1711 IX.
788 1669 911 1710 Maii.

226 1740 310 1783 Die
334 1741 444 1782 lune
468 1740 597 1782 XIII.
627 1740 730 1782 Maii
756 1740 876 1782 sedit
899 1740 1157 1781 concilium.
1195 1740 1293 1780 Rex
1316 1751 1514 1792 presens
1537 1739 1625 1780 fuit
1648 1741 1696 1780 ut
1720 1749 1875 1790 supra.

109 1811 163 1854 Et
206 1812 415 1864 presedit
460 1811 711 1853 cardinalis
757 1811 1001 1862 Ostiensis;
1051 1810 1416 1852 Sarisberiensis
1467 1810 1714 1862 episcopus
1761 1808 1876 1849 dixit

108 1882 308 1926 missam.
345 1883 622 1925 Procurator
647 1883 827 1924 concilii
854 1882 1073 1935 produxit
1098 1882 1362 1923 citationem
1385 1881 1693 1934 prescriptam
1717 1883 1875 1922 contra

109 1967 276 2008 papam
312 1957 357 1996 et
393 1967 631 2007 sequaces,
668 1954 950 1996 adherentes
985 1956 1029 1994 et
1065 1953 1274 1994 fautores
1310 1952 1450 2005 illius,
1487 1951 1793 1993 execuciones
1830 1951 1876 1992 in

109 2026 256 2069 valvis
292 2029 337 2069 et
373 2025 663 2068 audienciam
699 2024 1100 2076 contradictarum,
1137 2027 1302 2077 petens
1338 2023 1444 2065 illos
1481 2022 1688 2076 reputari
1725 2024 1878 2063 contu-

110 2109 262 2140 maces
283 2101 329 2139 et
350 2096 538 2138 decerni
560 2108 645 2149 per
667 2096 911 2137 concilium
932 2096 1127 2137 crimina
1150 2096 1196 2136 in
1218 2095 1441 2136 citacione
1462 2096 1677 2136 contenta
1696 2093 1876 2134 notoria

111 2171 155 2210 et
185 2180 327 2222 super
355 2168 450 2210 illis
480 2171 713 2220 tamquam
744 2179 885 2219 super
914 2166 1108 2208 notoriis
1138 2165 1499 2219 procedendum.

113 2239 164 2282 D.
196 2239 446 2282 cardinalis
480 2238 776 2281 Florentinus
809 2238 1013 2280 surrexit
1044 2241 1089 2279 et
1123 2237 1252 2290 dixit,
1285 2236 1408 2289 quod
1440 2248 1546 2278 sero
1578 2235 1802 2288 preterito
1835 2233 1877 2275 d.

112 2310 362 2353 cardinalis
387 2310 740 2353 Cameracensis
765 2312 1008 2362 receperat
1034 2322 1059 2351 a
1083 2321 1205 2362 papa
1229 2308 1419 2360 bullam,
1446 2307 1492 2348 in
1518 2319 1608 2359 qua
1633 2306 1879 2348 constitue-

113 2381 190 2424 bat
214 2385 539 2435 procuratores
566 2382 611 2422 in
641 2382 726 2423 ista
751 2393 890 2422 causa
915 2380 1083 2421 dictum
1112 2380 1153 2420 d.
1181 2378 1465 2420 cardinalem
1494 2377 1879 2419 Cameracensem

112 2455 158 2495 et
184 2452 467 2496 cardinalem
498 2452 641 2495 sancti
676 2452 810 2494 Marci
843 2455 887 2493 et
917 2451 1116 2492 eundem
1151 2449 1482 2492 Florentinum.
1525 2448 1784 2501 Scripserat
1814 2447 1879 2488 in-

116 2536 271 2578 super,
309 2524 431 2578 quod
471 2524 625 2566 audita
665 2535 778 2576 pace
818 2523 946 2564 ducis
985 2521 1171 2564 Austrie
1212 2520 1483 2562 intendebat
1522 2519 1682 2560 venire
1723 2530 1880 2571 perso-

115 2595 284 2638 naliter
303 2599 349 2638 et
367 2607 553 2637 causam
574 2607 703 2637 suam
726 2593 999 2635 defendere.
1036 2593 1161 2634 Dixit
1183 2593 1389 2644 insuper,
1411 2590 1534 2644 quod
1554 2590 1681 2632 illam
1704 2589 1879 2631 bullam

116 2667 161 2708 et
187 2666 357 2720 scripta
386 2678 506 2719 pape
538 2665 618 2708 illo
648 2677 754 2708 sero
783 2664 964 2706 viderat
993 2667 1037 2705 et
1069 2665 1168 2716 ipse
1199 2676 1250 2704 ac
1280 2661 1533 2704 cardinalis
1563 2659 1706 2703 sancti
1742 2659 1878 2700 Marci

118 2748 209 2779 non
253 2737 514 2780 habuerant
558 2739 740 2789 tempus
787 2734 1095 2786 deliberandi,
1142 2747 1201 2775 an
1248 2732 1539 2786 suspicerent
1583 2743 1714 2773 onus.
1776 2730 1881 2781 Ipse

119 2809 272 2850 tamen
309 2807 499 2861 faceret,
538 2807 653 2849 sicut
689 2806 933 2849 concilium
973 2806 1060 2848 sibi
1101 2804 1357 2856 mandaret,
1395 2806 1441 2845 et
1478 2802 1669 2844 tradidit
1708 2801 1881 2842 bullam

120 2879 404 2931 procuratori
431 2879 628 2921 concilii.

224 3032 253 3058 a)
276 3029 306 3062 C',
329 3029 358 3056 D
377 3028 462 3064 folqt
482 3028 536 3056 de!

237 3077 269 3120 1)
300 3076 420 3113 Hardt
451 3077 517 3120 IV,
549 3078 633 3120 162;
667 3077 791 3112 Mansz·
823 3075 980 3118 XXVII,
1012 3076 1119 3119 6387.
1624 3128 1671 3168 3*
