<?xml version="1.0" encoding="UTF-8"?>
<!DOCTYPE html PUBLIC "-//W3C//DTD XHTML 1.0 Transitional//EN"
    "http://www.w3.org/TR/xhtml1/DTD/xhtml1-transitional.dtd">
<html xmlns="http://www.w3.org/1999/xhtml" xml:lang="en" lang="en">
 <head>
  <title>
</title>
<meta http-equiv="Content-Type" content="text/html;charset=utf-8" />
  <meta name='ocr-system' content='tesseract 3.04.00' />
  <meta name='ocr-capabilities' content='ocr_page ocr_carea ocr_par ocr_line ocrx_word'/>
</head>
<body>
  <div class='ocr_page' id='page_1' title='image "./actaconciliicons02counuoft_0409.png"; bbox 0 0 2227 3434; ppageno 0'>
   <div class='ocr_carea' id='block_1_1' title="bbox 619 190 1874 235">
    <p class='ocr_par' dir='ltr' id='par_1_1' title="bbox 619 190 1874 235">
     <span class='ocr_line' id='line_1_1' title="bbox 619 190 1874 235; baseline -0.001 -11"><span class='ocrx_word' id='word_1_1' title='bbox 619 190 709 225; x_wconf 87' lang='grc'>1415</span> <span class='ocrx_word' id='word_1_2' title='bbox 729 190 874 226; x_wconf 84' lang='lat' dir='ltr'>Januar</span> <span class='ocrx_word' id='word_1_3' title='bbox 895 191 938 225; x_wconf 80' lang='lat'>22</span> <span class='ocrx_word' id='word_1_4' title='bbox 962 211 1003 215; x_wconf 85' lang='lat'><strong>—</strong></span> <span class='ocrx_word' id='word_1_5' title='bbox 1023 190 1169 225; x_wconf 84' lang='lat' dir='ltr'>Januar</span> <span class='ocrx_word' id='word_1_6' title='bbox 1188 190 1285 225; x_wconf 88' lang='lat' dir='ltr'>nach</span> <span class='ocrx_word' id='word_1_7' title='bbox 1307 191 1360 225; x_wconf 81' lang='lat'>29.</span> <span class='ocrx_word' id='word_1_8' title='bbox 1789 192 1874 235; x_wconf 83' lang='lat'>395</span> 
     </span>
    </p>
   </div>
   <div class='ocr_carea' id='block_1_2' title="bbox 104 307 1877 784">
    <p class='ocr_par' dir='ltr' id='par_1_2' title="bbox 104 307 1877 784">
     <span class='ocr_line' id='line_1_2' title="bbox 106 307 1873 362; baseline 0 -12"><span class='ocrx_word' id='word_1_9' title='bbox 106 320 190 350; x_wconf 89' lang='lat' dir='ltr'>nos</span> <span class='ocrx_word' id='word_1_10' title='bbox 220 308 278 350; x_wconf 94' lang='lat' dir='ltr'>ab</span> <span class='ocrx_word' id='word_1_11' title='bbox 307 308 566 351; x_wconf 81' lang='lat' dir='ltr'>externalis</span> <span class='ocrx_word' id='word_1_12' title='bbox 593 307 906 351; x_wconf 81' lang='lat' dir='ltr'>tribulationis</span> <span class='ocrx_word' id='word_1_13' title='bbox 936 308 1252 361; x_wconf 86' lang='lat' dir='ltr'>vehemencia,</span> <span class='ocrx_word' id='word_1_14' title='bbox 1282 308 1398 350; x_wconf 90' lang='lat' dir='ltr'>nihil</span> <span class='ocrx_word' id='word_1_15' title='bbox 1429 312 1621 362; x_wconf 89' lang='lat' dir='ltr'>propter</span> <span class='ocrx_word' id='word_1_16' title='bbox 1652 309 1799 350; x_wconf 90' lang='lat' dir='ltr'>Deum</span> <span class='ocrx_word' id='word_1_17' title='bbox 1831 312 1873 350; x_wconf 83' lang='lat' dir='ltr'>et</span> 
     </span>
     <span class='ocr_line' id='line_1_3' title="bbox 105 378 1873 433; baseline 0 -13"><span class='ocrx_word' id='word_1_18' title='bbox 105 379 261 432; x_wconf 86' lang='lat' dir='ltr'>gregi-s</span> <span class='ocrx_word' id='word_1_19' title='bbox 282 379 480 421; x_wconf 88' lang='lat' dir='ltr'>salutem</span> <span class='ocrx_word' id='word_1_20' title='bbox 504 378 562 421; x_wconf 88' lang='lat' dir='ltr'>de</span> <span class='ocrx_word' id='word_1_21' title='bbox 584 378 959 432; x_wconf 86' lang='lat' dir='ltr'>contingentibus</span> <span class='ocrx_word' id='word_1_22' title='bbox 982 378 1297 432; x_wconf 81' lang='lat' dir='ltr'>ommittendo,</span> <span class='ocrx_word' id='word_1_23' title='bbox 1321 391 1411 432; x_wconf 92' lang='lat' dir='ltr'>que</span> <span class='ocrx_word' id='word_1_24' title='bbox 1434 378 1690 432; x_wconf 76' lang='lat' dir='ltr'>perfectam</span> <span class='ocrx_word' id='word_1_25' title='bbox 1712 391 1873 433; x_wconf 88' lang='lat' dir='ltr'>pacem</span> 
     </span>
     <span class='ocr_line' id='line_1_4' title="bbox 105 449 1874 503; baseline 0 -13"><span class='ocrx_word' id='word_1_26' title='bbox 105 451 151 491; x_wconf 85' lang='lat' dir='ltr'>et</span> <span class='ocrx_word' id='word_1_27' title='bbox 179 449 376 491; x_wconf 86' lang='lat' dir='ltr'>salutem</span> <span class='ocrx_word' id='word_1_28' title='bbox 403 449 452 490; x_wconf 94' lang='lat' dir='ltr'>in</span> <span class='ocrx_word' id='word_1_29' title='bbox 477 449 678 491; x_wconf 84' lang='lat' dir='ltr'>ecclesia</span> <span class='ocrx_word' id='word_1_30' title='bbox 708 449 791 490; x_wconf 91' lang='lat' dir='ltr'>Dei</span> <span class='ocrx_word' id='word_1_31' title='bbox 819 453 864 491; x_wconf 86' lang='lat' dir='ltr'>et</span> <span class='ocrx_word' id='word_1_32' title='bbox 889 449 1065 502; x_wconf 94' lang='lat' dir='ltr'>populo</span> <span class='ocrx_word' id='word_1_33' title='bbox 1091 449 1343 492; x_wconf 86' lang='lat' dir='ltr'>christiano</span> <span class='ocrx_word' id='word_1_34' title='bbox 1370 450 1558 492; x_wconf 83' lang='lat' dir='ltr'>valeant</span> <span class='ocrx_word' id='word_1_35' title='bbox 1583 461 1874 503; x_wconf 84' lang='lat' dir='ltr'>promovere,</span> 
     </span>
     <span class='ocr_line' id='line_1_5' title="bbox 105 519 1876 574; baseline 0 -13"><span class='ocrx_word' id='word_1_36' title='bbox 105 522 153 561; x_wconf 88' lang='lat' dir='ltr'>ut</span> <span class='ocrx_word' id='word_1_37' title='bbox 181 519 352 561; x_wconf 86' lang='lat' dir='ltr'>exinde</span> <span class='ocrx_word' id='word_1_38' title='bbox 384 520 431 561; x_wconf 94' lang='lat' dir='ltr'>in</span> <span class='ocrx_word' id='word_1_39' title='bbox 461 523 538 562; x_wconf 88' lang='lat' dir='ltr'>tua</span> <span class='ocrx_word' id='word_1_40' title='bbox 568 519 734 562; x_wconf 86' lang='lat' dir='ltr'>virtute</span> <span class='ocrx_word' id='word_1_41' title='bbox 766 520 992 573; x_wconf 84' lang='lat' dir='ltr'>singulari</span> <span class='ocrx_word' id='word_1_42' title='bbox 1025 533 1050 562; x_wconf 90' lang='lat' dir='ltr'>a</span> <span class='ocrx_word' id='word_1_43' title='bbox 1081 520 1246 573; x_wconf 89' lang='lat' dir='ltr'>spiritu</span> <span class='ocrx_word' id='word_1_44' title='bbox 1277 520 1566 574; x_wconf 85' lang='lat' dir='ltr'>septiformis</span> <span class='ocrx_word' id='word_1_45' title='bbox 1595 520 1741 574; x_wconf 89' lang='lat' dir='ltr'>gratie</span> <span class='ocrx_word' id='word_1_46' title='bbox 1772 532 1876 573; x_wconf 92' lang='lat' dir='ltr'>per-</span> 
     </span>
     <span class='ocr_line' id='line_1_6' title="bbox 105 589 1877 645; baseline 0.001 -13"><span class='ocrx_word' id='word_1_47' title='bbox 105 590 307 643; x_wconf 87' lang='lat' dir='ltr'>amplius</span> <span class='ocrx_word' id='word_1_48' title='bbox 331 594 380 632; x_wconf 87' lang='lat' dir='ltr'>et</span> <span class='ocrx_word' id='word_1_49' title='bbox 403 589 659 644; x_wconf 86' lang='lat' dir='ltr'>perfectius</span> <span class='ocrx_word' id='word_1_50' title='bbox 686 591 980 633; x_wconf 84' lang='lat' dir='ltr'>consolemur</span> <span class='ocrx_word' id='word_1_51' title='bbox 1009 625 1016 632; x_wconf 96' lang='lat'><strong>.</strong></span> <span class='ocrx_word' id='word_1_52' title='bbox 1053 625 1060 632; x_wconf 92' lang='lat'>.</span> <span class='ocrx_word' id='word_1_53' title='bbox 1097 629 1103 635; x_wconf 90' lang='lat'><em>.</em></span> <span class='ocrx_word' id='word_1_54' title='bbox 1134 595 1179 634; x_wconf 91' lang='lat' dir='ltr'>et</span> <span class='ocrx_word' id='word_1_55' title='bbox 1206 592 1252 632; x_wconf 90' lang='lat' dir='ltr'>in</span> <span class='ocrx_word' id='word_1_56' title='bbox 1282 592 1404 634; x_wconf 94' lang='lat' dir='ltr'>bono</span> <span class='ocrx_word' id='word_1_57' title='bbox 1428 591 1571 645; x_wconf 82' lang='lat' dir='ltr'>pacis,</span> <span class='ocrx_word' id='word_1_58' title='bbox 1599 591 1805 633; x_wconf 88' lang='lat' dir='ltr'>caritatis</span> <span class='ocrx_word' id='word_1_59' title='bbox 1831 594 1877 632; x_wconf 89' lang='lat' dir='ltr'>et</span> 
     </span>
     <span class='ocr_line' id='line_1_7' title="bbox 105 659 1875 715; baseline 0.001 -14"><span class='ocrx_word' id='word_1_60' title='bbox 105 659 293 703; x_wconf 84' lang='lat' dir='ltr'>unitatis</span> <span class='ocrx_word' id='word_1_61' title='bbox 328 661 417 715; x_wconf 91' lang='lat' dir='ltr'>ipsi</span> <span class='ocrx_word' id='word_1_62' title='bbox 451 660 624 703; x_wconf 92' lang='lat' dir='ltr'>domini</span> <span class='ocrx_word' id='word_1_63' title='bbox 657 661 945 703; x_wconf 78' lang='lat' dir='ltr'>exercituum</span> <span class='ocrx_word' id='word_1_64' title='bbox 981 663 1192 704; x_wconf 85' lang='lat' dir='ltr'>veracius</span> <span class='ocrx_word' id='word_1_65' title='bbox 1227 662 1571 703; x_wconf 79' lang='lat' dir='ltr'>conformemur</span> <span class='ocrx_word' id='word_1_66' title='bbox 1606 696 1614 703; x_wconf 89' lang='lat'><strong>.</strong></span> <span class='ocrx_word' id='word_1_67' title='bbox 1651 696 1657 702; x_wconf 96' lang='lat'>.</span> <span class='ocrx_word' id='word_1_68' title='bbox 1695 696 1717 712; x_wconf 87' lang='lat'>.‚</span> <span class='ocrx_word' id='word_1_69' title='bbox 1753 660 1875 714; x_wconf 90' lang='lat' dir='ltr'>quod</span> 
     </span>
     <span class='ocr_line' id='line_1_8' title="bbox 104 731 559 784; baseline 0.002 -11"><span class='ocrx_word' id='word_1_70' title='bbox 104 731 205 784; x_wconf 88' lang='lat' dir='ltr'>ipse</span> <span class='ocrx_word' id='word_1_71' title='bbox 231 731 453 775; x_wconf 87' lang='lat' dir='ltr'>concedat</span> <span class='ocrx_word' id='word_1_72' title='bbox 474 735 559 775; x_wconf 86' lang='lat' dir='ltr'>etc.</span> 
     </span>
    </p>
   </div>
   <div class='ocr_carea' id='block_1_3' title="bbox 103 836 1381 962">
    <p class='ocr_par' dir='ltr' id='par_1_3' title="bbox 103 836 1381 962">
     <span class='ocr_line' id='line_1_9' title="bbox 103 836 1381 892; baseline 0.001 -13"><span class='ocrx_word' id='word_1_73' title='bbox 103 837 282 880; x_wconf 85' lang='lat' dir='ltr'>Januar</span> <span class='ocrx_word' id='word_1_74' title='bbox 315 836 369 879; x_wconf 79' lang='lat'>22</span> <span class='ocrx_word' id='word_1_75' title='bbox 402 838 474 881; x_wconf 84' lang='lat' dir='ltr'>od.</span> <span class='ocrx_word' id='word_1_76' title='bbox 509 837 577 881; x_wconf 86' lang='lat'>23.</span> <span class='ocrx_word' id='word_1_77' title='bbox 616 864 664 869; x_wconf 92' lang='lat'>—</span> <span class='ocrx_word' id='word_1_78' title='bbox 703 838 932 880; x_wconf 80' lang='lat' dir='ltr'>Robert</span> <span class='ocrx_word' id='word_1_79' title='bbox 987 839 1197 881; x_wconf 81' lang='lat' dir='ltr'>Halam</span> <span class='ocrx_word' id='word_1_80' title='bbox 1258 840 1381 892; x_wconf 76' lang='lat' dir='ltr'>ep.¹)</span> 
     </span>
     <span class='ocr_line' id='line_1_10' title="bbox 226 919 731 962; baseline 0.002 -10"><span class='ocrx_word' id='word_1_81' title='bbox 226 919 382 953; x_wconf 78' lang='lat' dir='ltr'>Teoet:</span> <span class='ocrx_word' id='word_1_82' title='bbox 418 919 488 953; x_wconf 87' lang='lat' dir='ltr'>Pal</span> <span class='ocrx_word' id='word_1_83' title='bbox 511 920 579 954; x_wconf 87' lang='lat'>595</span> <span class='ocrx_word' id='word_1_84' title='bbox 601 919 628 962; x_wconf 77' lang='grc' dir='ltr'>Τ.</span> <span class='ocrx_word' id='word_1_85' title='bbox 654 920 731 955; x_wconf 86' lang='grc'><strong>103.</strong></span> 
     </span>
    </p>
   </div>
   <div class='ocr_carea' id='block_1_4' title="bbox 102 989 1876 1742">
    <p class='ocr_par' dir='ltr' id='par_1_4' title="bbox 102 989 1876 1742">
     <span class='ocr_line' id='line_1_11' title="bbox 227 989 1874 1043; baseline -0.001 -12"><span class='ocrx_word' id='word_1_86' title='bbox 227 989 545 1032; x_wconf 88' lang='lat' dir='ltr'>Illustrissime</span> <span class='ocrx_word' id='word_1_87' title='bbox 585 990 818 1042; x_wconf 86' lang='lat' dir='ltr'>princeps,</span> <span class='ocrx_word' id='word_1_88' title='bbox 858 990 1104 1043; x_wconf 80' lang='lat' dir='ltr'>magnifice</span> <span class='ocrx_word' id='word_1_89' title='bbox 1143 994 1188 1032; x_wconf 86' lang='lat' dir='ltr'>et</span> <span class='ocrx_word' id='word_1_90' title='bbox 1228 991 1526 1032; x_wconf 83' lang='lat' dir='ltr'>invictissime</span> <span class='ocrx_word' id='word_1_91' title='bbox 1568 990 1874 1043; x_wconf 83' lang='lat' dir='ltr'>triumphator</span> 
     </span>
     <span class='ocr_line' id='line_1_12' title="bbox 104 1060 1874 1114; baseline 0.001 -13"><span class='ocrx_word' id='word_1_92' title='bbox 104 1071 291 1113; x_wconf 89' lang='lat' dir='ltr'>semper</span> <span class='ocrx_word' id='word_1_93' title='bbox 314 1063 550 1113; x_wconf 85' lang='lat' dir='ltr'>augustus.</span> <span class='ocrx_word' id='word_1_94' title='bbox 587 1061 800 1104; x_wconf 91' lang='lat' dir='ltr'>Pensatis</span> <span class='ocrx_word' id='word_1_95' title='bbox 821 1064 899 1103; x_wconf 90' lang='lat' dir='ltr'>tue</span> <span class='ocrx_word' id='word_1_96' title='bbox 925 1061 1216 1104; x_wconf 74' lang='lat' dir='ltr'>celsitudinis</span> <span class='ocrx_word' id='word_1_97' title='bbox 1237 1061 1328 1114; x_wconf 91' lang='lat' dir='ltr'>piis</span> <span class='ocrx_word' id='word_1_98' title='bbox 1353 1061 1592 1104; x_wconf 88' lang='lat' dir='ltr'>laboribus</span> <span class='ocrx_word' id='word_1_99' title='bbox 1617 1065 1663 1103; x_wconf 88' lang='lat' dir='ltr'>et</span> <span class='ocrx_word' id='word_1_100' title='bbox 1685 1060 1874 1112; x_wconf 84' lang='lat' dir='ltr'>affectu,</span> 
     </span>
     <span class='ocr_line' id='line_1_13' title="bbox 105 1130 1874 1185; baseline 0.001 -13"><span class='ocrx_word' id='word_1_101' title='bbox 105 1130 274 1183; x_wconf 89' lang='lat' dir='ltr'>quibus</span> <span class='ocrx_word' id='word_1_102' title='bbox 295 1131 423 1173; x_wconf 89' lang='lat' dir='ltr'>zelus</span> <span class='ocrx_word' id='word_1_103' title='bbox 446 1131 612 1174; x_wconf 92' lang='lat' dir='ltr'>domus</span> <span class='ocrx_word' id='word_1_104' title='bbox 635 1132 719 1173; x_wconf 90' lang='lat' dir='ltr'>Dei</span> <span class='ocrx_word' id='word_1_105' title='bbox 744 1136 788 1174; x_wconf 87' lang='lat' dir='ltr'>te</span> <span class='ocrx_word' id='word_1_106' title='bbox 813 1132 1024 1184; x_wconf 89' lang='lat' dir='ltr'>comedit,</span> <span class='ocrx_word' id='word_1_107' title='bbox 1047 1132 1192 1174; x_wconf 89' lang='lat' dir='ltr'>eciam</span> <span class='ocrx_word' id='word_1_108' title='bbox 1216 1133 1447 1185; x_wconf 91' lang='lat' dir='ltr'>quomodo</span> <span class='ocrx_word' id='word_1_109' title='bbox 1471 1133 1516 1174; x_wconf 92' lang='lat' dir='ltr'>in</span> <span class='ocrx_word' id='word_1_110' title='bbox 1541 1133 1630 1175; x_wconf 89' lang='lat' dir='ltr'>tuis</span> <span class='ocrx_word' id='word_1_111' title='bbox 1655 1131 1874 1174; x_wconf 82' lang='lat' dir='ltr'>felicibus</span> 
     </span>
     <span class='ocr_line' id='line_1_14' title="bbox 104 1201 1874 1257; baseline 0.001 -14"><span class='ocrx_word' id='word_1_112' title='bbox 104 1201 324 1255; x_wconf 84' lang='lat' dir='ltr'>auspiciis</span> <span class='ocrx_word' id='word_1_113' title='bbox 361 1206 409 1245; x_wconf 92' lang='lat' dir='ltr'>et</span> <span class='ocrx_word' id='word_1_114' title='bbox 444 1203 633 1255; x_wconf 87' lang='lat' dir='ltr'>placere</span> <span class='ocrx_word' id='word_1_115' title='bbox 673 1203 899 1245; x_wconf 85' lang='lat' dir='ltr'>altissimo</span> <span class='ocrx_word' id='word_1_116' title='bbox 935 1207 983 1245; x_wconf 88' lang='lat' dir='ltr'>et</span> <span class='ocrx_word' id='word_1_117' title='bbox 1019 1203 1088 1245; x_wconf 92' lang='lat' dir='ltr'>rei</span> <span class='ocrx_word' id='word_1_118' title='bbox 1126 1203 1312 1257; x_wconf 90' lang='lat' dir='ltr'>publice</span> <span class='ocrx_word' id='word_1_119' title='bbox 1350 1203 1576 1257; x_wconf 87' lang='lat' dir='ltr'>prodesse</span> <span class='ocrx_word' id='word_1_120' title='bbox 1617 1202 1874 1253; x_wconf 87' lang='lat' dir='ltr'>desideras,</span> 
     </span>
     <span class='ocr_line' id='line_1_15' title="bbox 103 1274 1875 1327; baseline 0.001 -13"><span class='ocrx_word' id='word_1_121' title='bbox 103 1284 351 1325; x_wconf 87' lang='lat' dir='ltr'>possumus</span> <span class='ocrx_word' id='word_1_122' title='bbox 386 1276 512 1315; x_wconf 90' lang='lat' dir='ltr'>tante</span> <span class='ocrx_word' id='word_1_123' title='bbox 550 1274 806 1316; x_wconf 83' lang='lat' dir='ltr'>maiestatis</span> <span class='ocrx_word' id='word_1_124' title='bbox 843 1275 1096 1316; x_wconf 89' lang='lat' dir='ltr'>clemencie</span> <span class='ocrx_word' id='word_1_125' title='bbox 1135 1274 1199 1316; x_wconf 90' lang='lat' dir='ltr'>sic</span> <span class='ocrx_word' id='word_1_126' title='bbox 1234 1276 1479 1317; x_wconf 88' lang='lat' dir='ltr'>consulere</span> <span class='ocrx_word' id='word_1_127' title='bbox 1515 1278 1562 1317; x_wconf 88' lang='lat' dir='ltr'>et</span> <span class='ocrx_word' id='word_1_128' title='bbox 1597 1274 1753 1316; x_wconf 88' lang='lat' dir='ltr'>dicere</span> <span class='ocrx_word' id='word_1_129' title='bbox 1788 1286 1875 1327; x_wconf 89' lang='lat' dir='ltr'>pro</span> 
     </span>
     <span class='ocr_line' id='line_1_16' title="bbox 103 1344 1875 1398; baseline 0.001 -14"><span class='ocrx_word' id='word_1_130' title='bbox 103 1344 330 1396; x_wconf 86' lang='lat' dir='ltr'>presenti:</span> <span class='ocrx_word' id='word_1_131' title='bbox 380 1344 642 1397; x_wconf 89' lang='lat' dir='ltr'>Tempus</span> <span class='ocrx_word' id='word_1_132' title='bbox 688 1348 808 1396; x_wconf 85' lang='lat' dir='ltr'>est,</span> <span class='ocrx_word' id='word_1_133' title='bbox 856 1349 917 1387; x_wconf 92' lang='lat' dir='ltr'>ut</span> <span class='ocrx_word' id='word_1_134' title='bbox 961 1344 1263 1387; x_wconf 85' lang='lat' dir='ltr'>iudicium</span> <span class='ocrx_word' id='word_1_135' title='bbox 1310 1345 1583 1398; x_wconf 86' lang='lat' dir='ltr'>incipiat</span> <span class='ocrx_word' id='word_1_136' title='bbox 1628 1358 1656 1387; x_wconf 90' lang='lat' dir='ltr'>a</span> <span class='ocrx_word' id='word_1_137' title='bbox 1702 1344 1875 1386; x_wconf 91' lang='lat' dir='ltr'>domo</span> 
     </span>
     <span class='ocr_line' id='line_1_17' title="bbox 105 1413 1876 1469; baseline 0.001 -14"><span class='ocrx_word' id='word_1_138' title='bbox 105 1413 239 1467; x_wconf 89' lang='lat' dir='ltr'>Dei,</span> <span class='ocrx_word' id='word_1_139' title='bbox 279 1414 569 1468; x_wconf 87' lang='lat' dir='ltr'>originaliter</span> <span class='ocrx_word' id='word_1_140' title='bbox 594 1415 679 1457; x_wconf 90' lang='lat' dir='ltr'>hec</span> <span class='ocrx_word' id='word_1_141' title='bbox 707 1416 852 1458; x_wconf 89' lang='lat' dir='ltr'>verba</span> <span class='ocrx_word' id='word_1_142' title='bbox 880 1419 1100 1458; x_wconf 82' lang='lat' dir='ltr'>secuntur</span> <span class='ocrx_word' id='word_1_143' title='bbox 1126 1417 1279 1469; x_wconf 90' lang='lat' dir='ltr'>prima</span> <span class='ocrx_word' id='word_1_144' title='bbox 1309 1416 1432 1458; x_wconf 86' lang='lat' dir='ltr'>Petri</span> <span class='ocrx_word' id='word_1_145' title='bbox 1467 1416 1525 1457; x_wconf 92' lang='lat' dir='ltr'>IV</span> <span class='ocrx_word' id='word_1_146' title='bbox 1556 1450 1563 1457; x_wconf 96' lang='lat'>.</span> <span class='ocrx_word' id='word_1_147' title='bbox 1601 1450 1608 1457; x_wconf 95' lang='lat'><strong>.</strong></span> <span class='ocrx_word' id='word_1_148' title='bbox 1645 1450 1652 1457; x_wconf 94' lang='lat'><strong><em>.</em></strong></span> <span class='ocrx_word' id='word_1_149' title='bbox 1699 1416 1750 1457; x_wconf 90' lang='lat' dir='ltr'>In</span> <span class='ocrx_word' id='word_1_150' title='bbox 1776 1416 1876 1468; x_wconf 91' lang='lat' dir='ltr'>qui-</span> 
     </span>
     <span class='ocr_line' id='line_1_18' title="bbox 102 1485 1875 1541; baseline 0 -14"><span class='ocrx_word' id='word_1_151' title='bbox 102 1486 190 1528; x_wconf 90' lang='lat' dir='ltr'>bus</span> <span class='ocrx_word' id='word_1_152' title='bbox 210 1485 370 1530; x_wconf 88' lang='lat' dir='ltr'>verbis</span> <span class='ocrx_word' id='word_1_153' title='bbox 391 1489 638 1530; x_wconf 84' lang='lat' dir='ltr'>occurrunt</span> <span class='ocrx_word' id='word_1_154' title='bbox 658 1487 797 1530; x_wconf 80' lang='lat' dir='ltr'>michi</span> <span class='ocrx_word' id='word_1_155' title='bbox 819 1487 1086 1541; x_wconf 90' lang='lat' dir='ltr'>specialiter</span> <span class='ocrx_word' id='word_1_156' title='bbox 1110 1488 1198 1530; x_wconf 91' lang='lat' dir='ltr'>ista</span> <span class='ocrx_word' id='word_1_157' title='bbox 1217 1487 1319 1540; x_wconf 88' lang='lat' dir='ltr'>tria,</span> <span class='ocrx_word' id='word_1_158' title='bbox 1343 1487 1575 1529; x_wconf 76' lang='lat' dir='ltr'>videlicet:</span> <span class='ocrx_word' id='word_1_159' title='bbox 1613 1486 1875 1540; x_wconf 86' lang='lat' dir='ltr'>congruitas</span> 
     </span>
     <span class='ocr_line' id='line_1_19' title="bbox 103 1557 1874 1612; baseline 0.001 -14"><span class='ocrx_word' id='word_1_160' title='bbox 103 1557 328 1610; x_wconf 89' lang='lat' dir='ltr'>temporis</span> <span class='ocrx_word' id='word_1_161' title='bbox 364 1557 538 1601; x_wconf 70' lang='lat' dir='ltr'>diutius</span> <span class='ocrx_word' id='word_1_162' title='bbox 574 1561 819 1612; x_wconf 85' lang='lat' dir='ltr'>expectata</span> <span class='ocrx_word' id='word_1_163' title='bbox 858 1560 1069 1612; x_wconf 85' lang='lat' dir='ltr'>„tempus</span> <span class='ocrx_word' id='word_1_164' title='bbox 1105 1558 1224 1609; x_wconf 88' lang='lat' dir='ltr'>est“;</span> <span class='ocrx_word' id='word_1_165' title='bbox 1266 1559 1453 1601; x_wconf 88' lang='lat' dir='ltr'>claritas</span> <span class='ocrx_word' id='word_1_166' title='bbox 1491 1558 1581 1600; x_wconf 82' lang='lat' dir='ltr'>vite</span> <span class='ocrx_word' id='word_1_167' title='bbox 1619 1561 1667 1600; x_wconf 89' lang='lat' dir='ltr'>et</span> <span class='ocrx_word' id='word_1_168' title='bbox 1703 1557 1874 1600; x_wconf 80' lang='lat' dir='ltr'>iustitie</span> 
     </span>
     <span class='ocr_line' id='line_1_20' title="bbox 104 1627 1875 1682; baseline 0 -12"><span class='ocrx_word' id='word_1_169' title='bbox 104 1627 345 1670; x_wconf 75' lang='lat' dir='ltr'>obfuscata</span> <span class='ocrx_word' id='word_1_170' title='bbox 382 1631 460 1680; x_wconf 83' lang='lat' dir='ltr'>„ut</span> <span class='ocrx_word' id='word_1_171' title='bbox 495 1629 715 1671; x_wconf 86' lang='lat' dir='ltr'>iudicium</span> <span class='ocrx_word' id='word_1_172' title='bbox 750 1629 988 1682; x_wconf 86' lang='lat' dir='ltr'>incipiat“;</span> <span class='ocrx_word' id='word_1_173' title='bbox 1026 1633 1074 1671; x_wconf 89' lang='lat' dir='ltr'>et</span> <span class='ocrx_word' id='word_1_174' title='bbox 1110 1630 1196 1671; x_wconf 92' lang='lat' dir='ltr'>loci</span> <span class='ocrx_word' id='word_1_175' title='bbox 1237 1630 1503 1682; x_wconf 83' lang='lat' dir='ltr'>specialitas</span> <span class='ocrx_word' id='word_1_176' title='bbox 1540 1629 1781 1681; x_wconf 86' lang='lat' dir='ltr'>designata</span> <span class='ocrx_word' id='word_1_177' title='bbox 1803 1641 1875 1679; x_wconf 78' lang='lat' dir='ltr'>·‚,a</span> 
     </span>
     <span class='ocr_line' id='line_1_21' title="bbox 103 1697 508 1742; baseline 0.005 -3"><span class='ocrx_word' id='word_1_178' title='bbox 103 1697 239 1742; x_wconf 90' lang='lat' dir='ltr'>domo</span> <span class='ocrx_word' id='word_1_179' title='bbox 267 1697 381 1740; x_wconf 87' lang='lat' dir='ltr'>Dei“</span> <span class='ocrx_word' id='word_1_180' title='bbox 412 1733 420 1741; x_wconf 92' lang='lat'><strong>.</strong></span> <span class='ocrx_word' id='word_1_181' title='bbox 456 1733 465 1741; x_wconf 92' lang='lat'><strong>.</strong></span> <span class='ocrx_word' id='word_1_182' title='bbox 501 1734 508 1741; x_wconf 94' lang='lat'>.</span> 
     </span>
    </p>
   </div>
   <div class='ocr_carea' id='block_1_5' title="bbox 102 1804 1305 1859">
    <p class='ocr_par' dir='ltr' id='par_1_5' title="bbox 102 1804 1305 1859">
     <span class='ocr_line' id='line_1_22' title="bbox 102 1804 1305 1859; baseline 0.001 -13"><span class='ocrx_word' id='word_1_183' title='bbox 102 1804 281 1847; x_wconf 85' lang='lat' dir='ltr'>Januar</span> <span class='ocrx_word' id='word_1_184' title='bbox 315 1805 430 1849; x_wconf 77' lang='lat' dir='ltr'>nach</span> <span class='ocrx_word' id='word_1_185' title='bbox 465 1805 532 1849; x_wconf 82' lang='lat'>29.</span> <span class='ocrx_word' id='word_1_186' title='bbox 572 1834 619 1837; x_wconf 97' lang='lat'><strong>—</strong></span> <span class='ocrx_word' id='word_1_187' title='bbox 656 1807 694 1848; x_wconf 75' lang='lat' dir='ltr'><em>A</em></span> <span class='ocrx_word' id='word_1_188' title='bbox 712 1820 737 1848; x_wconf 75' lang='lat' dir='ltr'>n</span> <span class='ocrx_word' id='word_1_189' title='bbox 756 1807 784 1848; x_wconf 80' lang='lat' dir='ltr'>d</span> <span class='ocrx_word' id='word_1_190' title='bbox 802 1819 822 1847; x_wconf 80' lang='lat' dir='ltr'>r</span> <span class='ocrx_word' id='word_1_191' title='bbox 840 1819 862 1848; x_wconf 84' lang='lat' dir='ltr'>e</span> <span class='ocrx_word' id='word_1_192' title='bbox 880 1820 903 1848; x_wconf 82' lang='lat' dir='ltr'>a</span> <span class='ocrx_word' id='word_1_193' title='bbox 921 1820 940 1848; x_wconf 81' lang='lat' dir='ltr'>s</span> <span class='ocrx_word' id='word_1_194' title='bbox 996 1806 1026 1847; x_wconf 94' lang='lat' dir='ltr'><em>L</em></span> <span class='ocrx_word' id='word_1_195' title='bbox 1045 1819 1104 1848; x_wconf 77' lang='lat' dir='ltr'>as</span> <span class='ocrx_word' id='word_1_196' title='bbox 1124 1819 1142 1848; x_wconf 83' lang='lat' dir='ltr'>c</span> <span class='ocrx_word' id='word_1_197' title='bbox 1160 1820 1183 1848; x_wconf 82' lang='grc' dir='ltr'><em>α</em></span> <span class='ocrx_word' id='word_1_198' title='bbox 1202 1820 1222 1847; x_wconf 81' lang='grc' dir='ltr'><em>ν</em></span> <span class='ocrx_word' id='word_1_199' title='bbox 1240 1807 1305 1859; x_wconf 66' lang='lat'>222)</span> 
     </span>
    </p>
   </div>
   <div class='ocr_carea' id='block_1_6' title="bbox 105 1887 1875 2328">
    <p class='ocr_par' dir='ltr' id='par_1_6' title="bbox 108 1887 680 1942">
     <span class='ocr_line' id='line_1_23' title="bbox 108 1887 680 1942; baseline 0.005 -14"><span class='ocrx_word' id='word_1_200' title='bbox 108 1887 140 1929; x_wconf 75' lang='lat' dir='ltr'><em>L</em></span> <span class='ocrx_word' id='word_1_201' title='bbox 188 1889 268 1930; x_wconf 73' lang='lat' dir='ltr'>An</span> <span class='ocrx_word' id='word_1_202' title='bbox 318 1888 432 1931; x_wconf 80' lang='lat' dir='ltr'>den</span> <span class='ocrx_word' id='word_1_203' title='bbox 479 1888 680 1942; x_wconf 62' lang='lat' dir='ltr'>PapsL</span> 
     </span>
    </p>

    <p class='ocr_par' dir='ltr' id='par_1_7' title="bbox 108 1957 1874 2060">
     <span class='ocr_line' id='line_1_24' title="bbox 227 1957 1874 2002; baseline 0.002 -11"><span class='ocrx_word' id='word_1_204' title='bbox 227 1957 252 1991; x_wconf 86' lang='lat' dir='ltr'><em>T</em></span> <span class='ocrx_word' id='word_1_205' title='bbox 268 1960 352 1991; x_wconf 58' lang='lat' dir='ltr'>ext</span> <span class='ocrx_word' id='word_1_206' title='bbox 372 1968 383 1992; x_wconf 93' lang='lat'>.·</span> <span class='ocrx_word' id='word_1_207' title='bbox 423 1958 494 1993; x_wconf 80' lang='lat' dir='ltr'>Bre</span> <span class='ocrx_word' id='word_1_208' title='bbox 518 1959 557 1993; x_wconf 80' lang='lat' dir='ltr'>F.</span> <span class='ocrx_word' id='word_1_209' title='bbox 580 1960 626 1994; x_wconf 67' lang='lat'>2&amp;</span> <span class='ocrx_word' id='word_1_210' title='bbox 648 1958 674 2002; x_wconf 73' lang='lat' dir='ltr'>r.</span> <span class='ocrx_word' id='word_1_211' title='bbox 699 1960 738 1997; x_wconf 58' lang='grc'>3,-</span> <span class='ocrx_word' id='word_1_212' title='bbox 766 1959 828 1993; x_wconf 67' lang='lat' dir='ltr'>Mn</span> <span class='ocrx_word' id='word_1_213' title='bbox 856 1959 967 1994; x_wconf 72' lang='lat'><em>1342]</em></span> <span class='ocrx_word' id='word_1_214' title='bbox 991 1961 1017 2002; x_wconf 74' lang='lat'>7·-</span> <span class='ocrx_word' id='word_1_215' title='bbox 1040 1959 1128 2001; x_wconf 71' lang='grc'><em>384;</em></span> <span class='ocrx_word' id='word_1_216' title='bbox 1153 1960 1210 1994; x_wconf 61' lang='lat' dir='ltr'>,wi</span> <span class='ocrx_word' id='word_1_217' title='bbox 1236 1960 1281 1994; x_wconf 62' lang='lat'>4&amp;</span> <span class='ocrx_word' id='word_1_218' title='bbox 1305 1970 1339 2002; x_wconf 73' lang='lat' dir='ltr'>l).</span> <span class='ocrx_word' id='word_1_219' title='bbox 1364 1960 1450 2001; x_wconf 76' lang='lat'>234;</span> <span class='ocrx_word' id='word_1_220' title='bbox 1475 1958 1528 1993; x_wconf 78' lang='lat' dir='ltr'>Pe</span> <span class='ocrx_word' id='word_1_221' title='bbox 1553 1959 1590 1993; x_wconf 83' lang='lat' dir='ltr'>F.</span> <span class='ocrx_word' id='word_1_222' title='bbox 1614 1959 1646 1993; x_wconf 79' lang='lat' dir='ltr'>J.</span> <span class='ocrx_word' id='word_1_223' title='bbox 1670 1959 1738 1995; x_wconf 80' lang='lat'>321</span> <span class='ocrx_word' id='word_1_224' title='bbox 1762 1958 1787 2002; x_wconf 76' lang='lat' dir='ltr'>r.</span> <span class='ocrx_word' id='word_1_225' title='bbox 1812 1960 1874 1999; x_wconf 75' lang='lat'>80,-</span> 
     </span>
     <span class='ocr_line' id='line_1_25' title="bbox 108 2015 1669 2060; baseline 0.001 -12"><span class='ocrx_word' id='word_1_226' title='bbox 108 2015 175 2050; x_wconf 74' lang='lat' dir='ltr'>Rei</span> <span class='ocrx_word' id='word_1_227' title='bbox 198 2016 243 2051; x_wconf 71' lang='lat'>23</span> <span class='ocrx_word' id='word_1_228' title='bbox 264 2015 290 2060; x_wconf 83' lang='grc' dir='ltr'>Ῑ.</span> <span class='ocrx_word' id='word_1_229' title='bbox 318 2018 401 2058; x_wconf 88' lang='grc'><strong>135;</strong></span> <span class='ocrx_word' id='word_1_230' title='bbox 427 2016 496 2050; x_wconf 76' lang='lat' dir='ltr'>Rei</span> <span class='ocrx_word' id='word_1_231' title='bbox 519 2017 565 2052; x_wconf 84' lang='lat'>48</span> <span class='ocrx_word' id='word_1_232' title='bbox 586 2016 611 2060; x_wconf 79' lang='grc' dir='ltr'>Ῐ.</span> <span class='ocrx_word' id='word_1_233' title='bbox 638 2018 698 2057; x_wconf 82' lang='grc'><strong><em>77,·</em></strong></span> <span class='ocrx_word' id='word_1_234' title='bbox 724 2018 787 2051; x_wconf 73' lang='lat' dir='ltr'>Slu</span> <span class='ocrx_word' id='word_1_235' title='bbox 811 2018 857 2052; x_wconf 87' lang='lat'>56</span> <span class='ocrx_word' id='word_1_236' title='bbox 877 2017 903 2060; x_wconf 76' lang='grc' dir='ltr'>Ῐ.</span> <span class='ocrx_word' id='word_1_237' title='bbox 927 2018 990 2057; x_wconf 84' lang='lat'><em>96,·</em></span> <span class='ocrx_word' id='word_1_238' title='bbox 1020 2017 1060 2049; x_wconf 90' lang='lat' dir='ltr'><em>W</em></span> <span class='ocrx_word' id='word_1_239' title='bbox 1082 2018 1175 2052; x_wconf 72' lang='lat'><em>4958</em></span> <span class='ocrx_word' id='word_1_240' title='bbox 1197 2017 1222 2060; x_wconf 73' lang='lat' dir='ltr'>f.</span> <span class='ocrx_word' id='word_1_241' title='bbox 1246 2017 1333 2053; x_wconf 68' lang='lat'>241.-</span> <span class='ocrx_word' id='word_1_242' title='bbox 1363 2017 1403 2049; x_wconf 90' lang='lat' dir='ltr'><em>W</em></span> <span class='ocrx_word' id='word_1_243' title='bbox 1427 2018 1518 2052; x_wconf 83' lang='lat'>5113</span> <span class='ocrx_word' id='word_1_244' title='bbox 1541 2016 1565 2060; x_wconf 73' lang='grc' dir='ltr'>Ῐ.</span> <span class='ocrx_word' id='word_1_245' title='bbox 1595 2017 1669 2051; x_wconf 73' lang='grc'><strong>123.</strong></span> 
     </span>
    </p>

    <p class='ocr_par' dir='ltr' id='par_1_8' title="bbox 223 2074 1256 2115">
     <span class='ocr_line' id='line_1_26' title="bbox 223 2074 1256 2115; baseline 0.002 -8"><span class='ocrx_word' id='word_1_246' title='bbox 223 2074 430 2109; x_wconf 75' lang='lat' dir='ltr'>Druck:</span> <span class='ocrx_word' id='word_1_247' title='bbox 473 2074 592 2109; x_wconf 80' lang='lat' dir='ltr'>Hardt</span> <span class='ocrx_word' id='word_1_248' title='bbox 621 2074 670 2109; x_wconf 84' lang='grc' dir='ltr'>ΙΙ,</span> <span class='ocrx_word' id='word_1_249' title='bbox 703 2076 784 2113; x_wconf 85' lang='grc'>777,·</span> <span class='ocrx_word' id='word_1_250' title='bbox 817 2075 941 2110; x_wconf 78' lang='lat' dir='ltr'>Mansi</span> <span class='ocrx_word' id='word_1_251' title='bbox 970 2074 1150 2115; x_wconf 65' lang='lat' dir='ltr'><em>XXVIII,</em></span> <span class='ocrx_word' id='word_1_252' title='bbox 1179 2075 1256 2109; x_wconf 74' lang='lat'>524.</span> 
     </span>
    </p>

    <p class='ocr_par' dir='ltr' id='par_1_9' title="bbox 224 2133 669 2177">
     <span class='ocr_line' id='line_1_27' title="bbox 224 2133 669 2177; baseline 0.002 -3"><span class='ocrx_word' id='word_1_253' title='bbox 224 2133 466 2176; x_wconf 78' lang='lat' dir='ltr'>Inhalt:</span> <span class='ocrx_word' id='word_1_254' title='bbox 504 2133 669 2177; x_wconf 77' lang='lat' dir='ltr'>Union.</span> 
     </span>
    </p>

    <p class='ocr_par' dir='ltr' id='par_1_10' title="bbox 105 2204 1875 2328">
     <span class='ocr_line' id='line_1_28' title="bbox 222 2204 1873 2259; baseline 0 -13"><span class='ocrx_word' id='word_1_255' title='bbox 222 2204 361 2246; x_wconf 88' lang='lat' dir='ltr'>Pater</span> <span class='ocrx_word' id='word_1_256' title='bbox 395 2205 686 2247; x_wconf 85' lang='lat' dir='ltr'>sanctissime</span> <span class='ocrx_word' id='word_1_257' title='bbox 723 2209 768 2247; x_wconf 85' lang='lat' dir='ltr'>et</span> <span class='ocrx_word' id='word_1_258' title='bbox 801 2208 934 2258; x_wconf 89' lang='lat' dir='ltr'>pater</span> <span class='ocrx_word' id='word_1_259' title='bbox 969 2205 1256 2248; x_wconf 87' lang='lat' dir='ltr'>beatissime!</span> <span class='ocrx_word' id='word_1_260' title='bbox 1307 2205 1378 2247; x_wconf 79' lang='lat' dir='ltr'>Ad</span> <span class='ocrx_word' id='word_1_261' title='bbox 1413 2205 1668 2247; x_wconf 88' lang='lat' dir='ltr'>scabellum</span> <span class='ocrx_word' id='word_1_262' title='bbox 1703 2205 1873 2259; x_wconf 86' lang='lat' dir='ltr'>pedum</span> 
     </span>
     <span class='ocr_line' id='line_1_29' title="bbox 105 2274 1875 2328; baseline 0.001 -13"><span class='ocrx_word' id='word_1_263' title='bbox 105 2274 359 2318; x_wconf 84' lang='lat' dir='ltr'>sanctitatis</span> <span class='ocrx_word' id='word_1_264' title='bbox 389 2279 546 2318; x_wconf 87' lang='lat' dir='ltr'>vestre</span> <span class='ocrx_word' id='word_1_265' title='bbox 572 2275 924 2328; x_wconf 88' lang='lat' dir='ltr'>procumbens.</span> <span class='ocrx_word' id='word_1_266' title='bbox 962 2310 968 2317; x_wconf 95' lang='lat'>.</span> <span class='ocrx_word' id='word_1_267' title='bbox 1006 2311 1013 2318; x_wconf 93' lang='lat'>.</span> <span class='ocrx_word' id='word_1_268' title='bbox 1057 2275 1194 2318; x_wconf 88' lang='lat' dir='ltr'>Fiat</span> <span class='ocrx_word' id='word_1_269' title='bbox 1234 2289 1349 2328; x_wconf 86' lang='lat' dir='ltr'>pax</span> <span class='ocrx_word' id='word_1_270' title='bbox 1394 2277 1452 2318; x_wconf 92' lang='lat' dir='ltr'>in</span> <span class='ocrx_word' id='word_1_271' title='bbox 1494 2275 1732 2318; x_wconf 83' lang='lat' dir='ltr'>virtute</span> <span class='ocrx_word' id='word_1_272' title='bbox 1775 2279 1875 2317; x_wconf 88' lang='lat' dir='ltr'>tua</span> 
     </span>
    </p>
   </div>
   <div class='ocr_carea' id='block_1_7' title="bbox 108 2345 464 2402">
    <p class='ocr_par' dir='ltr' id='par_1_11' title="bbox 108 2345 464 2402">
     <span class='ocr_line' id='line_1_30' title="bbox 108 2345 464 2402; baseline 0.003 -15"><span class='ocrx_word' id='word_1_273' title='bbox 108 2345 203 2398; x_wconf 88' lang='lat' dir='ltr'>(Ps.</span> <span class='ocrx_word' id='word_1_274' title='bbox 233 2345 337 2402; x_wconf 87' lang='lat'><strong><em>121)</em></strong></span> <span class='ocrx_word' id='word_1_275' title='bbox 368 2380 376 2388; x_wconf 93' lang='lat'>.</span> <span class='ocrx_word' id='word_1_276' title='bbox 412 2381 420 2388; x_wconf 91' lang='lat'><strong><em>.</em></strong></span> <span class='ocrx_word' id='word_1_277' title='bbox 456 2381 464 2388; x_wconf 92' lang='lat'><strong><em>.</em></strong></span> 
     </span>
    </p>
   </div>
   <div class='ocr_carea' id='block_1_8' title="bbox 106 2451 1873 2822">
    <p class='ocr_par' dir='ltr' id='par_1_12' title="bbox 107 2451 729 2506">
     <span class='ocr_line' id='line_1_31' title="bbox 107 2451 729 2506; baseline 0.005 -14"><span class='ocrx_word' id='word_1_278' title='bbox 107 2451 164 2492; x_wconf 90' lang='lat' dir='ltr'>II.</span> <span class='ocrx_word' id='word_1_279' title='bbox 219 2452 302 2494; x_wconf 81' lang='lat' dir='ltr'>An</span> <span class='ocrx_word' id='word_1_280' title='bbox 356 2451 729 2506; x_wconf 76' lang='lat' dir='ltr'>Siyismund.</span> 
     </span>
    </p>

    <p class='ocr_par' dir='ltr' id='par_1_13' title="bbox 106 2522 1873 2625">
     <span class='ocr_line' id='line_1_32' title="bbox 225 2522 1873 2566; baseline 0.001 -10"><span class='ocrx_word' id='word_1_281' title='bbox 225 2522 381 2556; x_wconf 69' lang='lat' dir='ltr'>Text:</span> <span class='ocrx_word' id='word_1_282' title='bbox 421 2522 474 2557; x_wconf 82' lang='lat' dir='ltr'>Le</span> <span class='ocrx_word' id='word_1_283' title='bbox 503 2523 568 2557; x_wconf 87' lang='lat'>179</span> <span class='ocrx_word' id='word_1_284' title='bbox 592 2522 619 2566; x_wconf 76' lang='grc' dir='ltr'>Τ.</span> <span class='ocrx_word' id='word_1_285' title='bbox 647 2523 731 2565; x_wconf 75' lang='grc'><strong>121;</strong></span> <span class='ocrx_word' id='word_1_286' title='bbox 760 2523 823 2557; x_wconf 68' lang='lat' dir='ltr'>Mn</span> <span class='ocrx_word' id='word_1_287' title='bbox 854 2523 966 2558; x_wconf 73' lang='lat'>13421</span> <span class='ocrx_word' id='word_1_288' title='bbox 991 2523 1016 2566; x_wconf 73' lang='grc' dir='ltr'>Ῑ.</span> <span class='ocrx_word' id='word_1_289' title='bbox 1042 2523 1129 2561; x_wconf 70' lang='lat'><em>372,-</em></span> <span class='ocrx_word' id='word_1_290' title='bbox 1157 2524 1213 2557; x_wconf 67' lang='lat' dir='ltr'>‚vil</span> <span class='ocrx_word' id='word_1_291' title='bbox 1241 2524 1286 2558; x_wconf 68' lang='lat'>48</span> <span class='ocrx_word' id='word_1_292' title='bbox 1312 2534 1345 2566; x_wconf 82' lang='grc' dir='ltr'>ρ.</span> <span class='ocrx_word' id='word_1_293' title='bbox 1372 2524 1457 2563; x_wconf 75' lang='lat'><em>239,-</em></span> <span class='ocrx_word' id='word_1_294' title='bbox 1486 2523 1537 2557; x_wconf 80' lang='lat' dir='ltr'>Pe</span> <span class='ocrx_word' id='word_1_295' title='bbox 1564 2524 1593 2557; x_wconf 71' lang='lat' dir='ltr'><em>F</em></span> <span class='ocrx_word' id='word_1_296' title='bbox 1618 2523 1638 2556; x_wconf 78' lang='grc' dir='ltr'>,Ι</span> <span class='ocrx_word' id='word_1_297' title='bbox 1665 2524 1731 2558; x_wconf 75' lang='grc'>321</span> <span class='ocrx_word' id='word_1_298' title='bbox 1758 2523 1783 2566; x_wconf 70' lang='lat' dir='ltr'>f.</span> <span class='ocrx_word' id='word_1_299' title='bbox 1811 2524 1873 2558; x_wconf 68' lang='lat'>81.-</span> 
     </span>
     <span class='ocr_line' id='line_1_33' title="bbox 106 2579 997 2625; baseline 0.003 -13"><span class='ocrx_word' id='word_1_300' title='bbox 106 2579 175 2613; x_wconf 76' lang='lat' dir='ltr'>Rei</span> <span class='ocrx_word' id='word_1_301' title='bbox 198 2581 244 2615; x_wconf 78' lang='lat'>23</span> <span class='ocrx_word' id='word_1_302' title='bbox 266 2579 291 2623; x_wconf 73' lang='lat' dir='ltr'>f.</span> <span class='ocrx_word' id='word_1_303' title='bbox 318 2580 380 2621; x_wconf 67' lang='lat'>795</span> <span class='ocrx_word' id='word_1_304' title='bbox 406 2580 476 2614; x_wconf 78' lang='lat' dir='ltr'>Rei</span> <span class='ocrx_word' id='word_1_305' title='bbox 500 2581 547 2616; x_wconf 86' lang='lat'>48</span> <span class='ocrx_word' id='word_1_306' title='bbox 568 2580 593 2624; x_wconf 77' lang='grc' dir='ltr'>Ῐ.</span> <span class='ocrx_word' id='word_1_307' title='bbox 622 2581 706 2623; x_wconf 65' lang='lat'><em>238,-</em></span> <span class='ocrx_word' id='word_1_308' title='bbox 733 2580 799 2615; x_wconf 69' lang='grc' dir='ltr'>Δςίιι</span> <span class='ocrx_word' id='word_1_309' title='bbox 824 2582 869 2616; x_wconf 82' lang='grc'>56</span> <span class='ocrx_word' id='word_1_310' title='bbox 891 2581 916 2625; x_wconf 71' lang='grc' dir='ltr'>Τ.</span> <span class='ocrx_word' id='word_1_311' title='bbox 941 2581 997 2617; x_wconf 86' lang='grc'>98.</span> 
     </span>
    </p>

    <p class='ocr_par' dir='ltr' id='par_1_14' title="bbox 224 2637 1241 2679">
     <span class='ocr_line' id='line_1_34' title="bbox 224 2637 1241 2679; baseline 0.001 -8"><span class='ocrx_word' id='word_1_312' title='bbox 224 2637 429 2672; x_wconf 75' lang='lat' dir='ltr'>Druck:</span> <span class='ocrx_word' id='word_1_313' title='bbox 467 2638 587 2673; x_wconf 76' lang='lat' dir='ltr'>Hardt</span> <span class='ocrx_word' id='word_1_314' title='bbox 614 2638 663 2679; x_wconf 70' lang='grc' dir='ltr'>ΙΙ,</span> <span class='ocrx_word' id='word_1_315' title='bbox 695 2639 777 2677; x_wconf 77' lang='lat'><strong><em>170,-</em></strong></span> <span class='ocrx_word' id='word_1_316' title='bbox 807 2639 931 2673; x_wconf 78' lang='lat' dir='ltr'>Mansi</span> <span class='ocrx_word' id='word_1_317' title='bbox 959 2638 1137 2674; x_wconf 62' lang='lat' dir='ltr'><em>XXVIII,</em></span> <span class='ocrx_word' id='word_1_318' title='bbox 1164 2640 1241 2673; x_wconf 75' lang='lat'>519.</span> 
     </span>
    </p>

    <p class='ocr_par' dir='ltr' id='par_1_15' title="bbox 223 2696 671 2740">
     <span class='ocr_line' id='line_1_35' title="bbox 223 2696 671 2740; baseline 0.002 -2"><span class='ocrx_word' id='word_1_319' title='bbox 223 2696 466 2739; x_wconf 81' lang='lat' dir='ltr'>Inhalt:</span> <span class='ocrx_word' id='word_1_320' title='bbox 505 2696 671 2740; x_wconf 83' lang='lat' dir='ltr'>Um&#39;on.</span> 
     </span>
    </p>

    <p class='ocr_par' dir='ltr' id='par_1_16' title="bbox 223 2767 1873 2822">
     <span class='ocr_line' id='line_1_36' title="bbox 223 2767 1873 2822; baseline -0.001 -13"><span class='ocrx_word' id='word_1_321' title='bbox 223 2767 335 2810; x_wconf 93' lang='lat' dir='ltr'>Cum</span> <span class='ocrx_word' id='word_1_322' title='bbox 372 2767 624 2810; x_wconf 82' lang='lat' dir='ltr'>fabricator</span> <span class='ocrx_word' id='word_1_323' title='bbox 660 2768 834 2820; x_wconf 91' lang='lat' dir='ltr'>mundi,</span> <span class='ocrx_word' id='word_1_324' title='bbox 871 2781 954 2810; x_wconf 88' lang='lat' dir='ltr'>rex</span> <span class='ocrx_word' id='word_1_325' title='bbox 990 2768 1138 2822; x_wconf 88' lang='lat' dir='ltr'>glorie</span> <span class='ocrx_word' id='word_1_326' title='bbox 1176 2803 1184 2810; x_wconf 89' lang='lat'>.</span> <span class='ocrx_word' id='word_1_327' title='bbox 1220 2802 1227 2809; x_wconf 94' lang='lat'>.</span> <span class='ocrx_word' id='word_1_328' title='bbox 1265 2803 1272 2810; x_wconf 94' lang='lat'><strong><em>.</em></strong></span> <span class='ocrx_word' id='word_1_329' title='bbox 1311 2769 1522 2810; x_wconf 86' lang='lat' dir='ltr'>Pacem</span> <span class='ocrx_word' id='word_1_330' title='bbox 1572 2780 1753 2809; x_wconf 88' lang='lat' dir='ltr'>meam</span> <span class='ocrx_word' id='word_1_331' title='bbox 1804 2767 1873 2808; x_wconf 92' lang='lat' dir='ltr'>do</span> 
     </span>
    </p>
   </div>
   <div class='ocr_carea' id='block_1_9' title="bbox 107 2837 1608 2892">
    <p class='ocr_par' dir='ltr' id='par_1_17' title="bbox 107 2837 1608 2892">
     <span class='ocr_line' id='line_1_37' title="bbox 107 2837 1608 2892; baseline 0.002 -15"><span class='ocrx_word' id='word_1_332' title='bbox 107 2837 309 2890; x_wconf 88' lang='lat' dir='ltr'>vobis,</span> <span class='ocrx_word' id='word_1_333' title='bbox 353 2850 562 2891; x_wconf 90' lang='lat' dir='ltr'>pacem</span> <span class='ocrx_word' id='word_1_334' title='bbox 611 2838 908 2892; x_wconf 87' lang='lat' dir='ltr'>relinquo</span> <span class='ocrx_word' id='word_1_335' title='bbox 956 2839 1135 2881; x_wconf 87' lang='lat' dir='ltr'>vobis</span> <span class='ocrx_word' id='word_1_336' title='bbox 1183 2839 1307 2892; x_wconf 86' lang='lat' dir='ltr'>(Joh.</span> <span class='ocrx_word' id='word_1_337' title='bbox 1345 2839 1471 2892; x_wconf 94' lang='lat' dir='ltr'>XIV)</span> <span class='ocrx_word' id='word_1_338' title='bbox 1513 2873 1519 2879; x_wconf 96' lang='lat'>.</span> <span class='ocrx_word' id='word_1_339' title='bbox 1557 2873 1608 2880; x_wconf 90' lang='lat'>..</span> 
     </span>
    </p>
   </div>
   <div class='ocr_carea' id='block_1_10' title="bbox 104 2978 1869 3129">
    <p class='ocr_par' dir='ltr' id='par_1_18' title="bbox 104 2978 1869 3129">
     <span class='ocr_line' id='line_1_38' title="bbox 224 2978 1485 3022; baseline -0.002 -10"><span class='ocrx_word' id='word_1_340' title='bbox 224 2979 254 3019; x_wconf 87' lang='lat'>¹)</span> <span class='ocrx_word' id='word_1_341' title='bbox 285 2978 351 3012; x_wconf 64' lang='lat' dir='ltr'>Ber·</span> <span class='ocrx_word' id='word_1_342' title='bbox 376 2979 445 3013; x_wconf 81' lang='lat' dir='ltr'>der</span> <span class='ocrx_word' id='word_1_343' title='bbox 472 2979 644 3013; x_wconf 69' lang='lat' dir='ltr'>Audierit:</span> <span class='ocrx_word' id='word_1_344' title='bbox 671 2980 740 3013; x_wconf 72' lang='lat' dir='ltr'>der</span> <span class='ocrx_word' id='word_1_345' title='bbox 767 2979 985 3022; x_wconf 70' lang='lat' dir='ltr'>Enylc‘inder</span> <span class='ocrx_word' id='word_1_346' title='bbox 1013 2990 1077 3014; x_wconf 70' lang='lat' dir='ltr'>cor</span> <span class='ocrx_word' id='word_1_347' title='bbox 1103 2978 1229 3020; x_wconf 67' lang='lat' dir='ltr'>Kaniq</span> <span class='ocrx_word' id='word_1_348' title='bbox 1255 2978 1485 3021; x_wconf 73' lang='lat' dir='ltr'>Siqismund.</span> 
     </span>
     <span class='ocr_line' id='line_1_39' title="bbox 223 3035 1869 3081; baseline -0.003 -11"><span class='ocrx_word' id='word_1_349' title='bbox 223 3036 255 3077; x_wconf 87' lang='grc'>2)</span> <span class='ocrx_word' id='word_1_350' title='bbox 296 3036 362 3070; x_wconf 84' lang='lat' dir='ltr'>Bei</span> <span class='ocrx_word' id='word_1_351' title='bbox 400 3038 470 3070; x_wconf 80' lang='lat' dir='ltr'>der</span> <span class='ocrx_word' id='word_1_352' title='bbox 508 3037 682 3071; x_wconf 74' lang='lat' dir='ltr'>Audien:</span> <span class='ocrx_word' id='word_1_353' title='bbox 720 3038 790 3072; x_wconf 68' lang='lat' dir='ltr'>dor</span> <span class='ocrx_word' id='word_1_354' title='bbox 827 3037 1051 3081; x_wconf 82' lang='lat' dir='ltr'>polnischen</span> <span class='ocrx_word' id='word_1_355' title='bbox 1092 3037 1332 3077; x_wconf 77' lang='lat' dir='ltr'>Gesandten;</span> <span class='ocrx_word' id='word_1_356' title='bbox 1372 3036 1435 3070; x_wconf 83' lang='lat' dir='ltr'>die</span> <span class='ocrx_word' id='word_1_357' title='bbox 1475 3035 1591 3069; x_wconf 75' lang='lat' dir='ltr'>I’olen</span> <span class='ocrx_word' id='word_1_358' title='bbox 1633 3035 1768 3069; x_wconf 65' lang='lat' dir='ltr'>ttamen</span> <span class='ocrx_word' id='word_1_359' title='bbox 1810 3042 1869 3066; x_wconf 77' lang='lat' dir='ltr'>am</span> 
     </span>
     <span class='ocr_line' id='line_1_40' title="bbox 104 3092 361 3129; baseline 0.012 -3"><span class='ocrx_word' id='word_1_360' title='bbox 104 3092 159 3127; x_wconf 77' lang='lat'>29.</span> <span class='ocrx_word' id='word_1_361' title='bbox 188 3092 272 3128; x_wconf 78' lang='lat' dir='ltr'>Ian.</span> <span class='ocrx_word' id='word_1_362' title='bbox 302 3103 361 3129; x_wconf 83' lang='lat' dir='ltr'>cm.</span> 
     </span>
    </p>
   </div>
  </div>
 </body>
</html>
