2102 3444
257 153 342 197 240
794 154 818 188 I.
845 153 1056 188 Abschnitt.
1096 154 1494 199 Konzilstagebiicher.

259 272 346 313 iter
370 284 534 315 versus
557 272 881 315 Constanciam
905 273 1219 326 arripuerunt,
1244 274 1615 328 continuatisque
1640 274 1820 327 diebus,
1842 275 2029 317 tandem

259 343 333 384 die
356 344 574 385 mercurii
598 343 747 396 prima
771 344 945 385 mensis
973 344 1077 386 Maii
1102 344 1160 386 ad
1182 344 1330 397 ipsam
1355 345 1694 399 applicuerunt,
1718 345 2030 398 reperientes-

259 426 347 466 que
385 426 565 456 sacrum
602 415 846 457 concilium
884 415 942 456 ad
978 415 1247 457 citacionem
1285 419 1443 458 contra
1479 429 1647 470 papam
1685 416 2029 459 decernendam

260 486 305 526 in
331 486 542 528 sessione
567 486 612 527 in
637 486 888 527 crastinum
914 486 1197 528 celebranda
1222 486 1496 539 dispositum
1522 487 1672 529 mirati
1698 490 1817 529 sunt.

380 568 523 623 Istis⁸)
558 571 711 610 autem
743 568 909 611 diebus
939 568 1120 622 mediis,
1152 569 1320 622 quibus
1351 570 1489 623 legati
1520 573 1564 612 et
1595 573 1805 612 oratores
1834 569 2030 623 predicti

259 638 441 682 iverunt
468 642 514 681 et
537 638 810 681 rediverunt
837 653 862 682 a
887 652 1024 693 papa,
1051 639 1185 681 electi
1214 643 1320 682 sunt
1346 640 1488 694 aliqui
1516 641 1573 683 de
1601 640 1810 694 qualibet
1834 641 2029 683 nacione

258 710 316 752 ad
349 710 698 752 reformandam
731 711 976 753 ecclesiam
1012 714 1216 753 sanctam
1252 711 1337 753 Dei
1372 713 1416 753 in
1451 712 1600 765 capite
1632 715 1679 754 et
1712 713 1759 754 in
1793 712 2028 754 membris.

257 781 361 823 Fuit
393 782 539 823 eciam
573 794 659 835 pro
691 785 824 835 parte
859 782 900 824 d.
936 782 1242 824 cardinalium
1276 782 1483 836 petitum,
1518 783 1642 836 quod
1675 783 1764 836 ipsi
1799 786 2030 837 computa-

258 856 419 894 rentur
449 865 535 906 pro
566 865 659 895 una
690 854 885 895 nacione
919 857 964 896 et
995 853 1118 906 quod
1150 853 1195 894 in
1230 853 1412 906 litteris,
1445 867 1534 907 que
1566 867 1651 907 pro
1683 857 1815 908 parte
1847 854 2029 896 concilii

256 923 534 977 scribuntur,
595 924 736 967 fieret
797 924 853 966 de
914 924 1028 978 ipsis
1088 924 1281 978 mencio,
1343 925 1427 966 sed
1485 925 1699 967 obtinere
1759 925 2029 967 nullatenus

255 998 519 1047 potuerunt.

373 1067 459 1108 Die
492 1066 608 1109 iovis
644 1067 848 1109 secunda
881 1068 1057 1110 mensis
1092 1066 1214 1120 Maii,
1250 1080 1350 1109 cum
1385 1067 1581 1121 septima
1615 1067 1764 1110 sessio
1796 1067 2027 1110 celebrari

255 1137 463 1191 deberet,
501 1138 886 1180 convenientibus
925 1151 1135 1181 seorsum
1175 1139 1223 1180 in
1261 1138 1471 1181 sacristia
1509 1138 1792 1182 cathedralis
1829 1139 2027 1181 ecclesie

256 1208 626 1252 Constantiensis
666 1209 1006 1263 gloriosissimo
1047 1209 1088 1252 d.
1129 1209 1426 1263 Sigismundo
1465 1210 1777 1252 Romanorum
1818 1212 1864 1252 et
1901 1209 2028 1251 Hun-

253 1281 382 1333 garie
412 1293 522 1333 rege
552 1292 739 1334 semper
768 1283 976 1334 augusto,
1005 1279 1164 1322 revlniS
1191 1281 1239 1322 in
1267 1281 1373 1323 Chr.
1403 1294 1446 1334 p.
1477 1281 1518 1322 d.
1549 1283 1706 1323 sancte
1734 1280 1785 1323 R.
1814 1293 1853 1323 e.
1882 1279 2028 1322 cardi-

252 1351 440 1394 nalibus
473 1364 524 1394 ac
555 1363 651 1394 rev.
686 1352 732 1392 in
766 1351 872 1394 Chr.
905 1365 948 1405 p.
984 1352 1025 1394 d.
1058 1351 1408 1405 presidentibus
1441 1355 1485 1394 et
1517 1351 1749 1405 deputatis
1781 1351 2026 1394 nacionum

253 1422 425 1475 prefati
453 1423 495 1465 d.
522 1422 786 1465 cardinales
812 1426 857 1464 et
882 1422 1083 1465 maxime
1112 1423 1256 1465 sancti
1286 1423 1425 1465 Marci
1451 1426 1497 1465 et
1524 1422 1836 1475 Florentinus,
1863 1422 1941 1476 qui
1968 1421 2027 1464 ad

252 1506 420 1547 papam
444 1493 584 1547 legati
607 1493 805 1536 fuerunt·
821 1493 1039 1536 destinati
1063 1507 1148 1548 per
1171 1507 1388 1547 magnum
1410 1494 1634 1547 temporis
1659 1493 1880 1548 spacium,
1903 1492 2027 1546 apud

253 1565 295 1607 d.
335 1577 508 1618 regem,
547 1565 844 1618 presidentes
883 1568 929 1607 et
967 1565 1174 1619 prelatos
1214 1565 1482 1607 institerunt
1520 1577 1621 1607 cum
1659 1564 2026 1618 allegacionibus

252 1635 504 1690 racionum,
534 1636 659 1689 quod
686 1636 1057 1689 procuratorium
1086 1649 1207 1690 pape
1239 1649 1382 1689 super
1411 1635 1730 1678 renunciando
1759 1635 1949 1690 papatui
1979 1635 2026 1676 in

253 1719 308 1749 ea
333 1706 498 1760 forma,
523 1720 614 1760 qua
638 1707 833 1761 petitum
858 1707 1027 1760 fuerat,
1052 1720 1138 1761 per
1164 1720 1244 1750 eos
1269 1707 1461 1749 allatum
1488 1707 1719 1760 acceptari
1745 1709 1790 1749 et
1813 1706 2024 1749 citacioni

253 1778 556 1831 supersederi
579 1778 786 1821 deberet.
823 1778 915 1821 Sed
936 1779 1166 1821 modicum
1189 1778 1505 1832 profecerunt,
1531 1777 1748 1831 quoniam
1771 1790 1857 1832 per
1878 1777 2027 1831 presi-

253 1849 417 1892 dentes
444 1852 490 1891 et
515 1849 759 1902 deputatos
786 1849 1032 1892 nacionum
1060 1849 1327 1892 conclusum
1355 1852 1440 1903 est,
1469 1849 1592 1903 quod
1619 1849 1768 1891 sessio
1795 1847 2025 1890 celebrari

252 1923 297 1962 et
335 1920 494 1963 citacio
534 1920 724 1962 decerni
764 1921 972 1973 deberet,
1012 1923 1185 1963 attento
1225 1921 1349 1974 quod
1389 1921 1516 1963 iuxta
1556 1919 1900 1962 conclusionem
1939 1931 2025 1973 per

252 1994 389 2034 antea
413 1991 582 2033 factam
607 2004 769 2034 omnes
792 1992 835 2033 d.
861 1992 1031 2045 prelati
1057 1995 1102 2034 et
1127 1995 1336 2034 oratores
1362 1991 1655 2033 dominorum
1679 1991 1727 2032 in
1754 2003 1885 2033 sacro
1910 1990 2026 2033 Con·
2087 2035 2094 2043 ‚

252 2062 504 2105 stanciensi
535 2062 728 2105 concilio
759 2063 1016 2106 existentes
1046 2066 1180 2105 erant
1208 2076 1294 2116 pro
1324 2062 1534 2105 sessione
1565 2061 1849 2105 celebranda
1878 2061 1926 2103 in
1956 2073 2025 2104 ec-

251 2134 395 2175 clesia
424 2133 679 2176 cathedrali
711 2133 1061 2176 Constanciensi
1090 2137 1136 2176 et
1163 2134 1210 2175 in
1240 2134 1340 2176 loco
1369 2136 1590 2176 consueto
1619 2132 1898 2187 congregati.

372 2216 577 2268 Ingressi
608 2219 715 2258 sunt
746 2216 901 2269 itaque
932 2216 1104 2269 prefati
1138 2216 1179 2258 d.
1213 2228 1311 2269 rex,
1341 2216 1620 2269 cardinales,
1651 2214 1949 2269 presidentes
1979 2217 2024 2256 et

252 2286 459 2339 deputati
483 2287 729 2329 nacionum
756 2287 906 2328 locum
933 2286 1129 2339 concilii,
1156 2287 1235 2328 ubi
1261 2290 1396 2329 erant
1420 2286 1562 2329 ceteri
1589 2286 1855 2340 congregati
1881 2285 2024 2328 domi-

250 2370 432 2410 nusque
461 2370 545 2399 rex
575 2357 718 2400 sacris
746 2357 968 2411 vestibus,
998 2357 1214 2400 videlicet
1244 2358 1489 2400 dalmatica
1517 2361 1563 2400 et
1589 2357 1785 2411 pluviali
1814 2356 2023 2409 vestitus,

251 2428 480 2481 dyadema
504 2429 554 2470 in
579 2428 729 2481 capite
757 2431 938 2480 tenens,
968 2431 1216 2482 sceptrum,
1243 2441 1432 2482 pomum
1461 2440 1651 2471 auream
1680 2440 1780 2470 cum
1810 2427 2024 2469 crucibus

250 2499 455 2552 desuper
484 2500 641 2542 aureis
670 2512 721 2541 ac
749 2512 910 2541 ensem
939 2512 1024 2552 per
1052 2503 1147 2542 tres
1178 2499 1389 2542 dominos
1417 2500 1591 2553 gestari
1619 2499 1798 2542 faciens
1828 2498 1949 2540 sedit
1975 2497 2022 2539 in

251 2583 335 2613 suo
359 2570 476 2613 solio
499 2570 773 2622 maiestatis;
800 2570 1318 2623 reverendissimusque
1343 2571 1390 2612 in
1415 2570 1521 2612 Chr.
1546 2583 1588 2624 p.
1614 2570 1656 2612 d.
1681 2570 1721 2612 J.
1747 2569 2023 2612 misericaci-

250 2654 339 2683 one
362 2641 520 2684 divina
543 2640 791 2694 episcopus
814 2640 1042 2683 Ostiensis
1067 2655 1100 2683 s.
1124 2640 1174 2682 R.
1198 2653 1238 2682 e.
1263 2640 1515 2684 cardinalis
1537 2640 1828 2683 Vivariensis
1849 2652 2022 2682 nuncu·

250 2716 384 2765 patus
412 2725 464 2755 ac
490 2711 900 2754 vicecancellarius
927 2711 1015 2765 ipsi
1044 2711 1240 2753 concilio
1266 2711 1476 2765 presedit
1502 2715 1548 2754 et
1574 2723 1670 2753 rev.
1698 2711 1746 2753 in
1772 2711 1879 2754 Chr.
1906 2723 1950 2764 p.
1978 2711 2020 2752 d.

250 2783 629 2836 archiepiscopus
658 2782 921 2836 Ragusinus
951 2782 1138 2825 missam
1171 2781 1362 2835 spiritus
1393 2782 1538 2825 sancti
1568 2781 1873 2836 solempniter
1903 2782 2021 2824 cele-

250 2854 413 2897 bravit.
456 2854 554 2906 Qua
585 2853 761 2909 finita1)
798 2887 806 2896 .
842 2887 850 2895 .
887 2887 895 2895 .

354 3012 384 3033 a)
407 3006 445 3032 In
468 3007 494 3032 B
519 3014 571 3033 um
595 3006 708 3032 Raude
731 3005 808 3032 ohne
837 3004 1197 3039 1'erwez‘szmysxeichen,·
1217 3005 1247 3031 iu
1275 3007 1296 3031 (¹
1314 3012 1348 3031 ει»
1369 3004 1619 3038 ΓονίῖαιιΓῡηάεν
1644 3005 1724 3032 Text.

369 3066 398 3105 ²)
429 3067 475 3100 Es
499 3065 593 3109 folqt
620 3066 680 3100 ein
709 3066 844 3100 humer
868 3065 1022 3108 Ausum
1045 3075 1114 3100 aus
1139 3066 1213 3100 den
1242 3064 1543 3109 nachfolyenden
1569 3065 1707 3100 Akten.
