2227 3434
22 3100 43 3110 s

542 186 579 220 B.
618 187 695 221 Der
718 187 818 221 liber
839 190 1032 231 gestorum
1057 188 1126 222 des
1150 187 1391 222 Cerretanus.
1768 193 1848 234 197

200 302 414 346 Secunda
442 302 621 346 cedula.

200 373 468 427 Sequuntur
500 373 655 427 alique
687 374 1008 417 conclusiones
1045 410 1052 417 .
1089 409 1096 417 .
1133 410 1140 417 .
1174 376 1380 418 heretice
1412 377 1660 431 privatis.¹)

200 443 406 496 Quedam
434 445 651 497 apostille
681 446 777 487 sive
807 445 948 488 dubia
976 446 1112 487 revmi
1141 446 1183 488 d.
1212 447 1463 489 cardinalis
1493 448 1762 490 Florentini.

200 513 410 569 Suspecti
444 515 491 557 in
527 515 640 557 IIIIa
672 515 981 558 conclusione.
1024 516 1157 569 Quid,
1191 517 1228 560 si
1260 530 1346 571 per
1376 530 1576 571 presens
1607 520 1851 561 concilium

84 585 205 628 facta
228 585 478 639 diligencia
502 598 644 639 super
667 586 838 628 unione
864 590 908 628 et
932 586 1273 630 reformacione
1298 588 1550 642 videretur,
1576 589 1699 642 quod
1721 591 1851 633 nulla

85 668 194 710 spes
217 655 420 699 humano
444 656 614 700 iudicio
636 657 802 699 haberi
826 661 984 711 posset
1009 657 1066 700 de
1090 659 1174 700 hac
1199 658 1385 712 unione,
1410 662 1631 712 quantum
1655 660 1714 703 ad
1737 660 1852 703 duos

85 726 302 780 deiectos,
329 727 421 769 nisi
448 740 534 781 per
561 728 890 769 execucionem
919 728 976 770 de
1006 728 1140 781 facto,
1171 732 1392 782 quantum
1421 730 1478 772 de
1509 731 1610 773 iure
1639 731 1747 773 fieri
1775 744 1853 785 po-

83 797 202 851 terit,
222 797 485 840 faciendam
506 801 552 840 et
570 799 722 851 quoad
741 799 924 852 reliqua
944 799 1245 842 reformanda
1265 801 1311 841 in
1331 800 1478 854 capite
1500 805 1546 843 et
1565 802 1611 843 in
1631 802 1852 844 membris

86 868 381 912 sufficienter
398 869 681 922 providisset
699 869 784 912 hoc
805 869 1062 923 concilium,
1084 870 1131 912 in
1153 883 1243 923 quo
1265 874 1370 913 tunc
1391 875 1549 924 posset
1569 873 1720 915 notari
1743 875 1853 915 tam-

4 968 14 979 .
83 951 221 992 quam
246 939 400 982 fautor
427 939 653 983 scismatis
680 940 732 992 is,
758 941 835 993 qui
861 944 1096 983 assereret
1121 942 1366 983 concilium
1393 943 1476 984 hoc
1503 943 1851 984 dissolvendum

84 1022 170 1053 nec
191 1010 250 1053 ad
271 1010 399 1054 aliud
418 1011 797 1064 continuandum,
821 1012 973 1065 quoad
994 1012 1116 1054 hunc
1138 1012 1375 1066 effectum,
1398 1025 1456 1054 ex
1480 1026 1569 1066 quo
1592 1025 1685 1056 non
1707 1014 1853 1068 possit

84 1081 247 1124 haberi
278 1094 400 1135 spes,
430 1082 554 1135 quod
583 1083 664 1124 illa
693 1082 974 1126 continuatio
1003 1083 1248 1136 profutura
1277 1087 1401 1126 esset
1429 1084 1582 1137 quoad
1610 1085 1725 1127 hoc‘?

201 1152 468 1195 Roborandi
494 1154 541 1195 in
566 1153 651 1195 VIfl
674 1153 984 1196 conclusione.
1022 1154 1120 1196 Non
1146 1154 1330 1196 videtur
1357 1155 1704 1208 inconveniens,
1731 1156 1853 1209 quod

87 1224 134 1266 in
158 1223 246 1266 isto
271 1223 479 1277 concilio,
506 1224 553 1265 in
580 1237 670 1278 quo
697 1227 803 1266 sunt
829 1224 974 1277 multi,
1001 1225 1079 1278 qui
1104 1237 1198 1267 non
1223 1225 1414 1267 fuerunt
1440 1227 1486 1267 in
1513 1226 1697 1279 Pisano,
1723 1230 1853 1280 gesta

86 1294 148 1336 ibi
167 1294 519 1347 confirmentur,
540 1296 762 1348 precipue
783 1308 884 1337 cum
903 1308 989 1348 per
1008 1296 1092 1337 hoc
1111 1309 1203 1337 non
1227 1296 1475 1349 derogetur
1498 1298 1580 1349 illi,
1600 1298 1852 1349 tractanda,

86 1365 133 1407 in
151 1365 198 1408 7⁸
214 1353 528 1408 conclusione.
566 1366 692 1408 Istud
713 1370 871 1420 posset
891 1366 993 1419 dici,
1017 1367 1054 1409 si
1073 1367 1181 1409 talis
1197 1367 1496 1409 confirmacio
1513 1368 1680 1409 afferre
1695 1372 1854 1421 posset

86 1435 467 1490 impedimentum
515 1437 675 1479 unioni
723 1441 768 1479 et
815 1437 1158 1491 reformacioni‚
1207 1438 1264 1480 de
1313 1451 1402 1491 qua
1452 1451 1605 1491 supra.
1665 1439 1855 1481 Constat

86 1509 252 1561 autem,
281 1507 404 1561 quod
431 1508 587 1550 taliter
615 1507 723 1550 fieri
754 1511 918 1562 potest,
947 1508 1071 1562 quod
1099 1508 1258 1562 pocius
1286 1509 1497 1563 proderit
1524 1522 1661 1563 quam
1690 1509 1853 1561 oberit,

86 1581 131 1620 et
155 1578 212 1621 de
238 1578 373 1621 modo
397 1578 535 1621 facile
560 1579 731 1632 poterit
754 1579 918 1622 videri.
956 1579 1068 1622 Nam
1093 1580 1260 1622 deiecti
1284 1580 1404 1623 forte
1431 1580 1605 1622 habent
1631 1593 1761 1634 spem
1790 1582 1854 1622 in-

86 1649 237 1692 standi
263 1661 349 1703 pro
376 1650 710 1692 retractacione
738 1653 974 1703 gestorum
1004 1650 1184 1692 concilii
1214 1651 1385 1693 Pisani.
1427 1651 1481 1693 Et
1507 1651 1593 1693 hac
1621 1664 1703 1705 spe
1732 1651 1852 1694 ducti

84 1722 206 1762 stant
231 1719 569 1774 pertinaciores
597 1721 656 1763 ad
682 1721 965 1763 veniendum
993 1722 1051 1764 ad
1081 1722 1175 1774 illa,
1204 1733 1289 1775 per
1317 1734 1406 1775 que
1434 1723 1598 1765 unicus
1625 1722 1853 1764 habeatur

86 1790 310 1844 pontifex,
349 1803 442 1833 non
482 1791 632 1833 solum
672 1791 729 1833 de
770 1793 871 1834 iure
910 1792 992 1835 sed
1031 1792 1176 1834 eciam
1216 1792 1273 1834 de
1313 1792 1434 1835 facto
1472 1796 1517 1835 et
1555 1796 1851 1846 apparenter.

85 1860 243 1905 Nonne
271 1874 383 1916 ergo
411 1863 523 1904 utile
553 1862 675 1904 foret
702 1863 983 1905 confirmare
1014 1863 1233 1906 Pisanum
1263 1864 1505 1905 concilium
1535 1864 1702 1915 taliter,
1731 1864 1853 1917 quod

85 1944 169 1985 per
200 1933 348 1987 ipsam
378 1933 787 1976 confirmacionem
818 1947 910 1976 non
944 1934 1230 1987 intelligatur
1262 1934 1384 1977 istud
1416 1934 1616 1987 finitum,
1649 1935 1756 1988 quia
1787 1935 1853 1976 in-

87 2005 230 2046 stetur
257 2003 315 2046 ad
342 2016 504 2047 omnes
532 2004 637 2047 illas
666 2005 764 2046 vias
793 2004 1117 2058 racionabiles,
1145 2017 1230 2059 per
1258 2018 1373 2058 quas
1401 2008 1477 2048 aut
1505 2005 1748 2047 confestim
1776 2009 1853 2047 aut

87 2074 250 2117 saltem
274 2074 332 2117 ad
357 2077 540 2128 tempus
565 2087 659 2117 non
686 2076 879 2117 multum
905 2075 1052 2129 possit
1076 2076 1240 2118 haberi
1267 2079 1392 2118 certa
1418 2088 1527 2130 spes
1552 2077 1609 2118 de
1636 2076 1852 2118 habendo

87 2145 269 2188 unicum
292 2158 475 2199 papam,
499 2146 577 2199 qui
601 2145 658 2188 sit
681 2149 725 2188 et
749 2147 1014 2199 appelletur
1038 2159 1063 2188 a
1087 2149 1179 2189 tota
1203 2146 1553 2200 christianitate,
1579 2148 1639 2189 ita
1665 2146 1851 2198 scilicet,

87 2215 221 2269 quod,
251 2216 291 2258 si
322 2216 585 2259 viventibus
616 2217 721 2269 hiis,
753 2217 830 2270 qui
862 2230 983 2259 nunc
1016 2230 1064 2259 se
1099 2217 1347 2271 pontifices
1380 2218 1633 2271 appellant,
1665 2230 1757 2259 non
1790 2218 1852 2259 vi-

88 2285 219 2329 detur
246 2287 408 2330 modus
435 2288 518 2329 hoc
545 2288 841 2340 assequendi,
870 2288 1033 2330 saltem
1063 2288 1362 2341 provideatur
1391 2289 1435 2329 in
1464 2289 1547 2330 hoc
1574 2290 1768 2330 concilio
1796 2289 1852 2330 de

88 2357 248 2411 modis,
283 2371 368 2411 per
404 2371 519 2411 quos
554 2359 623 2401 eis
660 2359 940 2401 obeuntibus
979 2372 1069 2401 non
1108 2360 1418 2412 subrogentur
1456 2361 1533 2401 alii
1573 2361 1733 2412 plures
1770 2359 1849 2401 sed

89 2427 279 2472 unicus?
315 2429 427 2472 Nam
451 2429 595 2472 eciam
620 2430 740 2472 forte
765 2430 917 2483 quoad
940 2433 1187 2484 presentes
1213 2430 1416 2473 deiectos
1440 2434 1598 2484 posset
1622 2430 1722 2473 dari
1746 2431 1851 2472 talis

88 2497 199 2541 ordo
228 2498 286 2541 de
315 2500 436 2542 bona
466 2500 742 2543 tractacione
775 2501 982 2554 ipsorum
1012 2514 1112 2543 cum
1144 2501 1319 2543 effectu
1350 2501 1578 2552 facienda,
1610 2501 1732 2554 quod
1763 2501 1849 2554 ipsi

87 2568 244 2620 pocius
271 2570 499 2624 eligerent
527 2571 656 2613 illum
686 2575 852 2614 statum
881 2584 981 2613 cum
1012 2584 1138 2624 pace,
1169 2584 1305 2624 quam
1333 2572 1484 2623 istum,
1514 2585 1649 2624 quem
1679 2575 1851 2616 tenent,

89 2650 188 2681 cum
221 2641 433 2684 molestia
469 2654 551 2684 sua
586 2645 631 2684 et
665 2642 874 2684 aliorum.
924 2643 977 2684 Et
1011 2643 1096 2684 hoc
1132 2642 1252 2684 forte
1288 2643 1383 2685 vult
1417 2643 1501 2684 hec
1537 2642 1769 2684 conclusio
1805 2643 1849 2683 in

90 2709 247 2753 verbo:
278 2711 530 2754 tractanda.

204 2779 375 2824 Ultima
395 2782 559 2825 cedula
580 2796 665 2836 pro
685 2786 816 2836 parte
837 2783 1045 2826 nacionis
1066 2784 1322 2837 Anglicane
1343 2796 1428 2837 per
1449 2783 1490 2825 d.
1513 2783 1732 2825 Thomam

263 2851 457 2895 Polthon
497 2853 539 2895 d.
580 2857 738 2896 nostro
779 2867 898 2907 pape
939 2854 1140 2896 Johanni
1182 2855 1352 2896 XXIII.
1394 2857 1674 2907 presentata.

206 2921 273 2964 Ex
305 2926 436 2976 parte
470 2924 672 2968 nationis
704 2925 959 2978 Anglicane
994 2924 1166 2979 petitur
1200 2928 1245 2967 et
1278 2924 1516 2966 humiliter
1551 2924 1849 2977 supplicatur

93 2990 226 3043 quod,
248 3003 348 3035 cum
371 2994 472 3047 ipsa
494 2994 542 3036 in
566 2996 773 3049 presenti
799 2995 992 3038 concilio
1016 2995 1220 3037 nondum
1245 2995 1450 3048 prelatos
1474 2995 1656 3045 habeat,
1682 2997 1726 3036 et
1749 3006 1847 3035 cum

104 3059 156 3078 ’ἶ

204 3072 233 3112 ¹)
263 3083 335 3107 von
362 3074 401 3108 P.
432 3086 502 3109 von
532 3076 626 3110 Ailli
656 3077 692 3110 in
724 3076 1127 3117 Uebereinslimmunfl
1155 3077 1222 3109 mir
1249 3076 1533 3118 franziisischen
1565 3075 1740 3109 Priilaleu
1773 3074 1847 3104 ein-

93 3129 275 3189 qereiche‚·
300 3132 419 3167 Hard!
443 3133 491 3171 ΙΙ,
520 3135 601 3175 194;
628 3135 752 3168 Mansi
776 3134 933 3174 XXVII,
955 3135 1035 3169 346.
