2102 3444
292 146 376 188 764
728 144 797 178 ΙΙΙ.
828 143 1039 179 Abschnitt.
1081 142 1236 178 Reform
1267 143 1345 177 und
1378 143 1628 188 Verfassung.

292 262 392 305 sine
416 262 818 316 congratulacione
842 261 1069 313 condigna
1093 261 1292 302 oratoris
1316 261 1605 303 serenissimi
1628 262 1855 316 principis
1877 262 2060 308 Alfonsi

292 333 557 385 Aragonum
592 333 717 385 regis
752 331 929 374 decima
966 331 1039 372 die
1075 331 1250 373 mensis
1286 331 1398 373 Julii
1433 333 1669 385 presentis
1703 332 1759 374 de
1796 333 2061 378 Barsanova

291 403 472 445 civitate
500 437 508 444 .
544 437 552 444 .
588 436 596 444 .
625 403 711 444 iter
736 402 993 455 arripuisse
1020 414 1122 443 cum
1148 401 1499 444 continuacione
1527 402 1751 444 dictarum
1777 403 2062 457 subsequen-

291 474 402 515 tium
430 474 487 515 ad
514 474 597 515 hoc
624 486 804 515 sacrum
832 472 1075 514 concilium
1103 472 1322 514 veniendi
1349 472 1484 515 nobis
1511 473 1568 515 de
1596 473 1802 526 ipsorum
1829 476 2061 518 oratorum

292 544 492 586 adventu
524 544 692 586 festivo
722 547 766 585 et
798 543 923 585 iuxta
953 545 1145 586 tractata
1176 546 1220 585 et
1250 543 1525 586 concordata
1557 543 1603 585 in
1633 544 1848 586 Narbona
1877 545 2062 588 unionis

292 615 488 656 ecclesie
528 627 636 667 spes
672 617 796 656 certa
833 614 1114 667 promittitur
1151 615 1325 667 populo
1361 613 1628 667 christiano,
1666 627 1717 656 ac
1754 615 1862 668 quia
1897 627 2061 669 parum

292 685 480 727 reunire
517 685 760 727 ecclesiam
794 685 959 738 illique
997 688 1133 738 caput
1167 684 1353 726 unicum
1389 684 1792 738 indubitatumque
1827 685 2060 738 preficere

291 756 585 808 arbitramur,
609 755 701 797 nisi
725 755 873 808 ipsam
900 755 1170 808 exstirpatis
1193 755 1414 797 heresum
1440 756 1799 809 scismatumque
1822 755 2062 800 erroribus

291 840 341 868 ac
373 826 503 869 viciis
535 827 773 879 propulsis
803 825 1038 868 universis
1070 838 1156 879 per
1187 825 1576 868 reformacionem
1610 827 1657 868 in
1689 826 1875 868 modum
1904 838 2062 870 neces-

293 897 464 939 sarium
487 900 579 939 tam
604 897 650 938 in
676 897 824 950 capite
849 910 987 949 quam
1012 897 1058 938 in
1083 897 1307 939 membris
1331 897 1378 938 in
1402 896 1600 950 pristino
1624 910 1707 939 suo
1732 897 1899 940 decore
1924 897 2062 940 reflo-

292 971 470 1010 rentem
492 980 789 1021 reponamus,
812 968 869 1010 ad
892 968 1167 1009 reunionem
1190 1001 1198 1010 .
1234 1001 1242 1009 .
1278 1001 1287 1010 .
1311 967 1702 1020 exstirpacionem
1725 1001 1734 1010 .
1770 1001 1778 1010 .
1814 1001 1823 1010 .
1844 980 1896 1010 ac
1915 967 2061 1012 refor-

290 1039 538 1080 mationem
571 1051 749 1080 morum
778 1038 1043 1080 huiusmodi
1073 1039 1400 1092 paternitatem
1431 1041 1635 1080 vestram
1664 1038 1771 1080 huic
1801 1051 1934 1081 sacro
1959 1051 2061 1082 con-

291 1109 397 1151 cilio
439 1147 445 1153 .
483 1143 491 1151 .
527 1143 535 1151 .
579 1109 831 1162 plurimum
872 1110 1087 1151 novimus
1132 1108 1424 1152 a-ccomo'dam
1467 1122 1621 1162 ymmo
1659 1109 1975 1152 necessariam
2016 1112 2061 1152 et

290 1184 579 1233 oportunam.
632 1180 853 1232 Quocirca
893 1181 1222 1234 paternitatem
1262 1180 1461 1222 eandem
1503 1179 1727 1222 seriosius
1767 1179 2060 1234 requirimus,

381 1284 389 1292 .
432 1251 662 1304 quatinus,
706 1285 714 1293 .
751 1285 758 1293 .
795 1285 803 1293 .
845 1252 1119 1304 quantocius
1159 1250 1363 1305 possitis,
1403 1253 1499 1293 tum
1540 1253 1733 1304 propter
1773 1262 1930 1293 rerum
1969 1254 2060 1294 tam

290 1322 541 1364 arduarum
582 1322 868 1375 agendarum
907 1323 1235 1364 necessitatem
1274 1325 1369 1364 tum
1409 1321 1548 1364 etiam
1589 1321 1865 1364 Germanice
1903 1324 2059 1364 nostre

288 1393 491 1436 nationis
522 1427 529 1435 .
566 1427 573 1434 .
610 1427 618 1435 .
647 1393 940 1435 honestatem
969 1393 1014 1434 in
1044 1393 1129 1435 hac
1157 1396 1314 1435 sancta
1343 1393 1555 1447 generali
1585 1392 1762 1446 synodo
1790 1405 1882 1435 una
1909 1391 2060 1436 nobis-

290 1476 391 1505 cum
422 1463 576 1506 velitis
609 1476 710 1505 cum
744 1464 990 1506 abbatibus
1023 1467 1284 1506 vestrarum
1317 1463 1513 1506 civitatis
1546 1468 1592 1507 et
1622 1463 1836 1516 dyocesis
1867 1476 1918 1507 ac
1948 1463 2060 1506 viris

289 1534 394 1577 aliis
424 1534 684 1576 litterarum
717 1534 916 1576 sciencia
948 1535 1132 1588 vitaque
1163 1535 1340 1577 ornatis
1371 1534 1686 1588 personaliter
1717 1546 1986 1588 comparere
2015 1536 2060 1577 et

288 1618 435 1658 usque
465 1606 523 1647 ad
550 1606 745 1648 finalem
774 1605 921 1659 ipsius
951 1605 1131 1647 concilii
1161 1606 1505 1648 conclusionem
1535 1609 1658 1648 stare
1689 1639 1697 1647 .
1733 1639 1742 1647 .
1777 1639 1786 1648 .
1827 1605 1918 1648 Per
1943 1605 2059 1648 hanc

289 1680 440 1718 autem
478 1680 685 1719 nostram
723 1677 1017 1719 vocacionem
1054 1676 1379 1719 convooacioni
1417 1676 1629 1730 generali
1668 1677 1872 1718 omnium
1909 1677 2059 1730 prela-

289 1750 437 1789 torum
460 1760 545 1800 per
569 1760 750 1790 sacrum
771 1747 1008 1800 prefatum
1029 1748 1252 1801 generale
1277 1747 1521 1789 concilium
1543 1760 1695 1801 nuper
1718 1747 1839 1790 facte
1858 1745 2058 1801 preiudi-

289 1831 394 1860 care
418 1831 511 1860 non
535 1819 748 1861 volumus
773 1831 858 1860 nec
883 1818 1122 1861 debemus.
1161 1819 1326 1860 Datum
1352 1818 1627 1861 Constancie
1650 1818 1699 1860 >in
1723 1818 1934 1872 generali
1957 1830 2058 1860 con-

289 1890 534 1931 vocacione
576 1889 778 1932 nationis
819 1889 1097 1931 Germanice
1140 1889 1225 1931 sub
1267 1889 1435 1943 sigillis
1474 1889 1974 1932 reverendissimorum
2010 1888 2058 1930 in

289 1959 472 2002 Christo
499 1963 681 2013 patrum
709 1964 753 2002 et
781 1960 1072 2002 dominorum
1101 1960 1393 2002 dominorum
1420 1960 1648 2003 Johannis
1675 1960 1890 2014 Rigensis
1915 1959 2059 2014 presi-

290 2031 441 2073 dentis
473 2034 517 2073 et
550 2031 757 2073 Nicholai
791 2031 1084 2073 Gneznensis
1120 2031 1575 2084 archiepiscoporum
1610 2044 1732 2074 anno
1765 2044 1791 2074 a
1821 2030 2057 2073 nativitate

289 2101 462 2143 domini
492 2103 742 2144 millesimo
772 2102 1234 2155 quadringentesimo
1264 2104 1396 2144 sexto
1425 2102 1617 2156 decimo,
1648 2102 1895 2144 indictione
1923 2113 2058 2154 nona,

290 2172 364 2214 die
385 2186 496 2214 vero
520 2174 630 2215 lune
652 2173 871 2215 vicesima
894 2174 1091 2226 septima
1113 2173 1288 2216 mensis
1310 2173 1422 2215 Juffi
1441 2173 1698 2226 apostolica
1718 2173 1832 2216 sede
1854 2174 2056 2215 vacante.

346 2291 385 2333 4.
419 2290 573 2332 Ulrich
607 2290 784 2343 Maiyer
817 2304 874 2333 cm
905 2290 1183 2344 Strassbum:
1227 2291 1535 2344 Schilderuny
1568 2292 1652 2334 der
1682 2290 1868 2344 Sitzuny
1899 2302 2002 2333 vom

288 2363 326 2403 5.
358 2361 631 2404 November.
673 2361 1034 2414 Ausfiihrlieher
1064 2362 1249 2404 Bericht
1278 2362 1396 2404 iiber
1431 2361 1761 2415 Reformplc'ine
1792 2362 1854 2404 im
1880 2358 2055 2404 Konzil.

813 2432 1048 2475 Konstane
1073 2433 1186 2476 1416
1211 2433 1472 2475 November
1497 2433 1535 2474 9.

407 2514 465 2547 Or.
493 2513 582 2556 Pap.
612 2514 849 2549 Stacltarehiz·
878 2513 1088 2558 Strassburgy
1114 2514 1182 2548 AA
1213 2515 1279 2549 169
1304 2515 1367 2549 Nr.
1395 2514 1450 2549 25.

404 2584 556 2618 Leman
594 2584 836 2627 Donnerslafs
874 2585 1027 2628 Sitzunss
1066 2586 1117 2619 im
1157 2585 1340 2620 Mitrtsler.
1392 2585 1598 2630 Beselehelis
1638 2584 1803 2620 Citacion
1838 2581 2051 2618 Benedikls.

290 2641 400 2675 Imma
426 2642 462 2676 in
486 2642 691 2677 ‹lerselben
717 2644 869 2685 &issima
893 2644 1031 2688 arefiet·
1052 2644 1195 2678 Rumor
1217 2644 1407 2678 εἰι·ἱεεΙιεη
1431 2643 1681 2686 Αναῃοηθεθη
1704 2644 1782 2678 und
1805 2641 2053 2685 Enylt'indervz.

290 2700 437 2743 (frustm
466 2700 659 2735 (ir-sclavi⁸
702 2701 773 2736 Die
801 2701 1020 2743 Enqlci'nder
1049 2703 1148 2737 hond
1176 2713 1223 2745 με)
1251 2701 1356 2736 sider
1384 2703 1546 2737 δύαι-ενι
1574 2703 1765 2745 μείναςιεη.
1806 2701 1975 2743 Sam-stas]
1999 2695 2054 2731 sei

290 2769 330 2791 es
360 2759 512 2800 [μηδ-[ΗΠ.
556 2759 635 2793 Der
664 2759 789 2802 Ko'niq
821 2761 882 2795 lea!
913 2761 976 2795 die
1006 2761 1241 2804 Kurfiirsten
1271 2761 1338 2804 αιιῗ
1367 2762 1455 2795 dem
1484 2761 1609 2795 Hleein
1638 2761 1716 2796 und
1748 2759 1884 2795 etliche
1913 2757 2052 2793 andere

291 2817 449 2851 besana!
478 2827 520 2851 :u
553 2818 628 2851 ihm
660 2828 702 2851 :u
735 2819 924 2857 lfommen,
955 2820 1026 2853 elie
1056 2830 1097 2853 er
1126 2819 1263 2863 hermes
1293 2820 1415 2854 lciime.
1457 2819 1547 2854 Man
1575 2819 1706 2860 meint,
1734 2819 1809 2864 dass
1839 2827 1880 2852 er
1909 2815 2051 2860 Grosses

290 2876 398 2908 “ulcr
420 2875 581 2910 Hiimlcn
609 2877 706 2910 hab<
731 2878 805 2912 und
828 2877 1002 2920 ΙίἱιεΙιΙθη
1027 2879 1090 2913 (lie
1114 2878 1254 2920 §ididia
1280 2889 1321 2913 er
1343 2889 1376 2912 ιι
1382 2879 1457 2913 olle
1482 2878 1579 2913 Geld
1605 2878 1740 2912 haben.

404 2948 530 2990 Ouch
555 2962 595 2990 xx
597 2948 756 3002 issent
778 2949 865 2991 daz
889 2949 972 2992 daz
996 2950 1239 2992 concilium
1263 2950 1455 2993 furhant
1479 2950 1653 2992 meinet
1674 2962 1729 2991 zu
1748 2948 1955 2990 niement
1976 2943 2049 2986 die

289 3035 559 3078 cristenheit
590 3050 645 3079 zu
678 3037 985 3080 ordinierent:
1021 3038 1106 3082 des
1137 3042 1296 3081 ersten
1328 3038 1468 3082 einen
1501 3012 1636 3093 bapst
1668 3036 1764 3080 und
1795 3036 1930 3080 sinen
1959 3029 2051 3084 hof,
