2227 3434
555 226 594 261 Β.
618 225 866 261 Avisamente
886 226 956 260 der
975 224 1293 260 Reformatorien.
1722 225 1808 269 673

159 343 273 386 Item
297 356 384 397 pro
408 356 683 396 quocunque
711 344 871 387 officio
897 343 1128 398 spirituali
1154 344 1229 386 vel
1255 343 1568 386 ecclesiastico
1593 355 1680 397 per
1704 356 1810 385 eum

40 415 228 458 racione
260 415 337 457 sui
371 415 519 457 officii
556 415 864 458 ministrando
899 416 1043 457 nichil
1080 415 1286 468 recipiat,
1324 415 1447 468 quod
1481 415 1715 468 pertIneat
1751 414 1810 457 ad

40 486 285 539 pecuniam
325 486 399 528 vel
442 486 501 528 ad
541 485 679 528 aliam
721 486 1090 542 commoditatem
1130 486 1450 539 temporalem,
1493 485 1577 528 sed
1616 486 1810 538 litteras,

39 556 216 598 bullam
244 560 290 599 et
316 556 564 610 registrum
591 560 636 598 et
663 557 819 599 omnia
846 557 938 599 alia
965 557 1074 598 inde
1101 556 1369 599 necessaria
1395 556 1539 610 gratis
1566 556 1811 609 ministret,

0 666 2 670 .
41 628 106 670 sic
130 627 254 680 quod
279 628 489 681 symonia
513 627 570 669 ab
595 627 793 669 ecclesia
821 627 905 668 Dei
931 627 1135 671 total-iter
1158 628 1418 681 repellatur
1443 631 1490 670 et
1513 627 1668 670 omnia
1692 640 1810 680 puro

40 698 178 740 corde
206 701 252 741 et
277 698 462 740 mundis
490 698 706 741 manibus
732 697 1068 741 ministrentur.
1107 698 1163 740 Et
1188 699 1228 741 si
1257 698 1586 751 patrimonium
1612 697 1810 741 ecclesie

41 769 100 812 ad
137 770 474 823 premissorum
512 781 657 811 onera
694 781 788 810 non
826 768 1046 822 sufficiat,
1083 781 1170 822 per
1208 781 1389 811 sacrum
1429 769 1672 811 concilium
1708 781 1811 811 cum

0 847 2 850 ’
41 839 314 882 assiStencia
349 839 658 893 imperatoris,
695 852 855 893 regum
892 843 938 882 et
971 839 1235 893 principum
1270 840 1621 882 christianitatis
1656 839 1812 882 taliter

39 910 356 964 provideatur,
390 910 514 964 quod
547 910 783 953 Romanus
814 910 1029 963 pontifex
1060 913 1109 952 et
1139 923 1303 953 omnes
1337 910 1571 954 officiales
1605 911 1811 953 Romane

42 981 168 1024 curie
193 981 250 1023 de
274 982 464 1035 publico
486 982 599 1024 satis
621 981 826 1024 habeant
850 981 909 1024 ad
930 981 1161 1035 premissa
1183 994 1330 1024 onera
1354 981 1455 1023 sine
1481 981 1689 1034 symonia
1714 981 1811 1024 sive

41 1052 245 1095 torsione
272 1064 546 1106 quacunque
574 1052 906 1105 supportanda.

160 1124 274 1166 Item
302 1123 494 1166 reducat
519 1135 765 1165 numerum
792 1123 1078 1165 notariorum
1107 1123 1232 1166 sedis
1261 1123 1512 1177 apostolice
1542 1126 1587 1166 et
1615 1124 1812 1166 aliorum

41 1194 316 1237 officialium
342 1194 401 1237 ad
425 1206 672 1236 numerum
698 1194 952 1248 antiquum,
978 1207 1069 1248 quo
1095 1195 1240 1237 sancti
1266 1198 1424 1248 patres
1451 1195 1653 1237 contenti
1679 1197 1813 1236 erant

41 1264 309 1318 antiquitus.

162 1336 256 1378 Iem
289 1336 412 1389 quod
443 1348 565 1390 papa
596 1349 689 1378 non
723 1336 782 1379 sit
813 1335 1056 1390 litigiosus,
1089 1336 1173 1378 sed
1204 1336 1353 1378 litium
1385 1335 1614 1379 extinctor
1643 1334 1814 1378 existat

41 1407 257 1461 quodque
289 1407 349 1449 de
379 1407 525 1451 nullis
557 1408 710 1449 caus-is
744 1406 938 1460 recipiat
970 1406 1293 1460 cognitionem,
1324 1406 1416 1450 nisi
1448 1410 1557 1449 sunt
1589 1406 1705 1448 fidei
1738 1407 1814 1448 vel

41 1477 132 1520 alie
162 1478 378 1532 maiores,
409 1477 494 1521 sed
521 1490 686 1520 omnes
716 1477 846 1531 alias,
878 1478 917 1520 si
946 1490 1032 1531 per
1062 1478 1304 1531 querelam
1334 1478 1410 1519 vel
1442 1477 1813 1531 appellacionem

41 1549 100 1592 ad
126 1561 235 1591 eum
264 1548 553 1602 deferantur,
583 1548 834 1592 ordinariis
863 1549 1069 1591 locorum
1098 1549 1173 1590 vel
1203 1561 1263 1590 ex
1293 1561 1432 1591 causa
1462 1548 1567 1591 aliis
1597 1548 1813 1602 personis

41 1619 239 1673 ydoneis
276 1619 323 1662 in
362 1619 574 1673 partibus
611 1632 761 1673 usque
801 1619 860 1662 ad
898 1622 995 1662 tres
1035 1620 1300 1663 sentencias
1338 1619 1564 1662 inclusive
1603 1632 1690 1673 per
1730 1631 1813 1661 sua

41 1691 270 1744 rescripta
300 1690 554 1744 apostolica
581 1691 847 1745 committat,
879 1690 995 1733 sicut
1026 1690 1280 1744 antiquitus
1309 1703 1398 1744 per
1428 1693 1610 1733 sanctos
1639 1693 1814 1744 patres,

40 1761 405 1815 predecessores
430 1774 552 1816 suos,
578 1762 764 1804 solitum
789 1764 859 1805 est
883 1761 1005 1804 fieri.

679 1844 702 1869 >k
1149 1844 1171 1868 *

915 1891 938 1915 *

42 1971 316 2028 Anhang
352 1984 392 2015 a.
445 1971 838 2015 Avisament
874 1971 989 2014 der
1024 1969 1814 2014 franztisischenNation

734 2042 873 2098 (1418
905 2042 1126 2099 Januar).

156 2135 278 2179 Paris,
306 2135 401 2171 Bibl.
430 2138 504 2171 nal.
533 2137 647 2172 14457
672 2136 699 2181 Ϊ.
726 2137 806 2172 330.

160 2229 429 2284 Sequuntur
449 2231 770 2274 advisamenta
792 2242 936 2284 super
957 2230 1166 2274 articulis
1188 2230 1544 2274 reformatorum
1566 2229 1696 2272 iuxta

161 2302 398 2345 decretum
422 2302 604 2345 concilii
629 2302 921 2345 sanctissimo
946 2302 987 2345 (l.
1013 2315 1055 2345 n.
1078 2313 1201 2355 pape
1224 2312 1307 2355 pro
1331 2303 1463 2355 parte
1488 2300 1696 2343 nacionis

602 2371 843 2416 Gallicane
876 2373 1250 2429 presentandafl)

161 2453 359 2509 Super
400 2454 599 2508 primo
643 2456 946 2509 articulo,
991 2454 1302 2497 videlicet
1345 2454 1415 2496 de
1458 2465 1715 2496 numero
1757 2457 1816 2496 et

43 2525 360 2578 qualitate
399 2526 441 2569 d.
481 2526 700 2568 cardin
717 2525 918 2570 alium.
958 2525 1096 2568 Nacio
1121 2525 1331 2579 predicta
1357 2525 1636 2567 deliberavit
1662 2522 1814 2577 quoad

42 2607 304 2650 numerum,
329 2597 453 2650 quod
476 2609 700 2640 numerus
725 2597 768 2639 d.
794 2597 1101 2639 cardinalium
1125 2596 1383 2638 universali
1407 2595 1605 2638 ecclesie
1631 2594 1815 2637 videtur

45 2677 151 2709 esse
185 2666 433 2711 sufficiens
464 2667 520 2709 de
554 2667 727 2721 XVIII,
760 2670 810 2709 ut
841 2667 1082 2710 honestius
1116 2670 1161 2709 et
1193 2666 1361 2709 melius
1394 2666 1648 2708 secundum
1681 2677 1814 2708 suum

45 2739 213 2780 statum
240 2738 313 2779 eis
340 2737 657 2791 provideatur.
700 2737 747 2780 Si
779 2740 934 2780 tamen
965 2738 1056 2780 alie
1087 2737 1309 2780 naciones
1339 2737 1397 2779 de
1428 2736 1591 2779 maiori
1620 2747 1815 2778 numero

46 2808 363 2862 convenirent,
400 2809 554 2862 placet
591 2809 775 2851 naci0ni
815 2821 1096 2851 concurrere
1136 2821 1238 2850 cum
1277 2807 1470 2861 eisdem,
1512 2807 1620 2849 dum
1659 2810 1814 2849 tamen

46 2888 271 2921 numerus
306 2879 354 2920 in
389 2878 612 2921 universo
647 2891 741 2921 non
776 2879 974 2921 excedat
1008 2878 1207 2921 XXIIII.
1257 2879 1325 2920 De
1362 2877 1584 2931 qualitate
1620 2889 1734 2919 vero
1769 2879 1815 2918 et

45 2947 152 2992 aliis
178 2948 227 2990 in
253 2948 377 2992 dicto
404 2949 638 3004 articulo¹)
668 2949 897 2992 contentis
922 2948 1098 3003 placuit
1124 2948 1307 2991 naci0ni
1334 2947 1543 3001 predicte
1572 2947 1621 2989 in
1649 2947 1813 2989 forma.

150 3066 180 3096 a)
200 3063 290 3098 Folqt
309 3063 426 3098 primo.

163 3123 195 3168 1)
223 3121 449 3159 Avisament
477 3125 545 3159 des
570 3122 924 3168 Reformatoriums.

115 3191 256 3227 Finke,
275 3193 357 3220 Acta
376 3192 510 3220 concilii
532 3192 802 3220 constanciensis
833 3191 871 3220 11.
1543 3179 1599 3219 43
