2227 3434
560 210 598 245 B.
638 210 716 246 Der
740 210 840 246 liber
865 213 1058 256 gestorum
1086 212 1154 246 des
1181 210 1423 246 Cerretanus.
1790 213 1873 255 267

108 328 343 382 impetum,
372 341 461 382 que
491 341 517 371 a
546 328 753 372 tricentis
783 332 828 370 et
856 329 1066 371 ducentis
1097 329 1231 371 annis
1260 333 1304 371 et
1335 329 1458 372 infra
1487 329 1735 372 durissima
1764 329 1875 372 resi-

109 400 284 442 stencia
306 411 498 452 gessere
521 412 622 440 cum
646 400 835 452 regibus
858 399 1050 441 Polonie
1073 403 1118 441 et
1142 400 1377 453 Hungarie
1402 403 1446 442 et
1469 399 1694 442 fratribus
1718 404 1874 442 sancte

110 469 255 512 Marie
289 470 346 512 de
379 469 513 512 domo
546 469 828 512 Theutonica
862 471 908 511 in
944 470 1131 512 Prussie
1165 473 1209 512 et
1243 470 1437 512 Liuonie
1471 470 1681 523 partibus
1713 471 1876 513 consti-

108 542 218 583 tutis
254 544 299 583 et
335 540 439 583 aliis
474 540 764 593 principibus
800 540 963 583 vicinis
999 544 1043 582 et
1079 541 1358 583 distantibus
1395 553 1480 583 nec
1515 554 1608 583 non
1645 544 1737 584 tota
1773 541 1875 583 fere

108 610 358 654 christiana
386 610 556 653 milicia
585 614 654 653 set
682 623 767 664 per
796 614 989 653 tractum
1019 612 1165 664 patris
1194 612 1358 664 eterni,
1387 612 1444 653 de
1474 624 1564 664 quo
1592 613 1765 655 veritas
1795 613 1872 655 ait:

43 672 46 674 ’
107 682 249 724 Nemo
277 685 429 735 potest
458 682 620 723 venire
651 681 710 724 ad
740 694 812 723 me
843 682 933 724 nisi
965 686 1111 735 pater,
1143 682 1220 734 qui
1252 683 1374 724 misit
1404 695 1491 735 me,
1521 683 1717 724 traxerit
1746 683 1876 724 illum

111 752 202 806 (Jo.
230 752 308 806 VI,
336 752 380 804 2;
409 752 581 794 XXIII.
611 765 652 805 q.
685 752 798 806 IIII)
830 752 1051 805 prelibati
1077 753 1249 794 etenim
1276 753 1486 795 catholici
1515 754 1766 806 principes,
1795 754 1877 796 sci-

110 823 215 865 licet
243 835 327 865 rex
355 827 400 865 et
429 823 536 876 dux,
567 824 727 865 lustris
758 836 842 866 sex
870 823 961 865 iam
990 824 1205 876 peractis,
1236 824 1411 865 lumine
1441 823 1556 866 fidei
1586 824 1804 867 illustrati
1834 827 1879 867 et

109 894 156 936 in
186 894 375 937 caritate
407 894 600 937 radicati
630 897 793 948 gentes
824 894 1136 948 innumerasa)
1171 894 1259 937 sibi
1290 894 1521 937 subiectas
1552 898 1598 937 et
1628 895 1880 946 latissimas

108 964 386 1018 provincias,
428 965 484 1007 de
526 977 721 1018 quarum
761 964 972 1018 gencium
1013 965 1224 1018 partibus
1263 965 1327 1006 hii
1369 966 1665 1008 celeberrimi
1707 966 1878 1008 milites

109 1035 471 1079 ambassiatores
505 1048 783 1089 generosam
820 1037 890 1078 sui
927 1036 1132 1078 natalicii
1167 1039 1356 1078 traxere
1393 1036 1620 1090 originem
1657 1041 1702 1079 et
1738 1037 1879 1079 domi-

108 1107 278 1160 cilium,
311 1106 612 1149 obtinuerunt
644 1107 910 1159 incolatum3
945 1110 1164 1159 tanquam
1198 1107 1289 1149 duo
1320 1106 1602 1150 candelabra
1635 1107 1723 1161 ipsi
1754 1108 1879 1161 prin—

109 1177 236 1231 cipes
274 1177 481 1220 lucencia
521 1181 626 1220 ante
667 1177 902 1219 dominum
942 1181 986 1219 et
1025 1177 1114 1219 due
1154 1178 1274 1220 olive
1314 1178 1558 1220 fructifere
1597 1181 1642 1220 et
1680 1178 1769 1220 due
1809 1192 1877 1221 co-

110 1249 314 1302 lumpne,
342 1261 457 1302 quas
483 1248 702 1290 Salomon
729 1249 775 1290 in
802 1249 976 1302 templo
1004 1249 1177 1290 domini
1205 1250 1480 1303 posuerat,¹)
1512 1249 1571 1291 ad
1597 1249 1702 1302 puri
1729 1249 1880 1303 gurgi-

109 1319 167 1362 tis
200 1320 322 1362 sacri
360 1319 651 1373 baptismatis
689 1321 922 1362 lavacrum
962 1320 1053 1361 hiis
1091 1320 1317 1373 proximis
1354 1320 1643 1373 temporibus
1680 1333 1878 1374 operose

110 1390 432 1444 produxerunt
473 1403 524 1433 ac
564 1402 645 1433 eos
686 1391 1066 1444 appropinquare
1110 1390 1206 1433 Deo
1247 1390 1461 1433 fecerunt
1503 1425 1510 1433 .
1546 1425 1554 1433 .
1591 1425 1598 1433 .
1653 1390 1728 1433 Hii
1768 1403 1879 1433 vera

109 1460 346 1514 principes
377 1464 422 1503 et
451 1461 624 1504 fratres
655 1461 820 1515 spiritu
852 1465 1009 1503 sancto
1040 1461 1192 1503 afflati
1224 1465 1408 1515 gentem
1440 1462 1710 1504 bellicosam
1742 1461 1880 1504 invic-

109 1533 335 1574 tissimam
370 1533 417 1574 in
452 1532 766 1586 amplissimas
802 1532 1004 1586 diffusas
1040 1532 1301 1586 provincias
1338 1536 1383 1574 et
1417 1533 1609 1575 ducatus
1645 1533 1878 1585 ducesque

111 1615 272 1646 eorum
311 1603 398 1646 sibi
438 1616 567 1646 mero
607 1603 812 1646 dominio
854 1603 1062 1646 subditos
1104 1607 1376 1656 ceterosque
1417 1603 1533 1645 fidei
1575 1604 1753 1646 emulos
1794 1616 1879 1657 per

111 1673 254 1716 fidem
290 1677 461 1717 rectam
499 1678 543 1716 et
580 1675 907 1727 operacionem
944 1674 1200 1727 perfectam
1238 1675 1295 1716 ad
1333 1674 1621 1728 agnicionem
1657 1674 1757 1716 veri
1795 1674 1879 1716 Dei

110 1745 489 1798 appropinquare
517 1748 563 1788 et
589 1745 1009 1798 appropinquando
1037 1745 1230 1787 credere
1258 1749 1304 1787 et
1331 1745 1565 1787 credendo
1593 1757 1749 1787 amare
1776 1758 1880 1798 pro-

111 1819 332 1859 curarunt
371 1850 379 1858 .
415 1850 424 1858 .
459 1851 468 1858 .
512 1817 640 1869 Num,
682 1829 828 1869 queso
871 1816 1071 1858 inficiari
1115 1817 1297 1869 poterit,
1341 1816 1465 1869 quod
1506 1816 1738 1869 quispiam
1778 1819 1881 1869 post

111 1887 344 1940 apostolos
381 1890 557 1929 tantum
595 1886 918 1929 christianitati
956 1886 1222 1940 profecerit,
1261 1890 1482 1939 quantum
1519 1887 1592 1929 isti
1629 1887 1720 1929 duo
1756 1886 1879 1940 prin-

111 1957 236 2011 cipes
267 1961 404 2012 atque
435 1957 607 2000 fratres
638 1971 688 1999 se
719 1971 811 1999 non
842 1958 1000 2011 lingua
1031 1958 1114 1999 sed
1145 1970 1287 2011 opere
1319 1961 1364 1999 et
1392 1958 1586 2000 veritate
1617 1957 1879 2011 diligentes,

111 2028 279 2081 quibus
307 2032 378 2071 est
403 2041 482 2071 cor
510 2042 652 2070 unum
681 2032 725 2070 et
754 2029 907 2071 anima
937 2029 1057 2071 una‘?
1091 2063 1099 2070 .
1136 2062 1143 2070 .
1180 2063 1187 2070 .
1218 2029 1443 2080 Quoniam
1471 2028 1609 2071 etiam
1639 2041 1724 2082 per
1754 2029 1879 2081 ipsos

111 2100 336 2152 conversi,
371 2099 478 2142 licet
511 2099 601 2142 sint
634 2099 856 2153 neophiti,
891 2099 1055 2153 spiritu
1086 2103 1242 2141 tamen
1277 2099 1530 2151 ferventes,
1565 2099 1752 2141 domino
1787 2111 1881 2141 ser-

111 2170 305 2223 vientes,
344 2183 426 2224 spe
463 2170 736 2223 gaudentes,
773 2170 819 2211 in
856 2170 1163 2212 tribulacione
1201 2170 1358 2212 hostili
1395 2174 1441 2212 et
1476 2182 1752 2223 guerrarum
1789 2173 1880 2212 tur-

112 2239 219 2283 bine
250 2241 501 2294 pacientes,
534 2241 738 2284 oracioni
771 2241 1011 2294 instantes,
1043 2241 1406 2294 hospitalitatem
1437 2254 1523 2294 pro
1555 2240 1754 2283 maxime
1786 2253 1880 2282 sec-

111 2313 274 2364 tantes,
304 2346 312 2354 .
349 2346 357 2353 .
393 2346 401 2354 .
429 2324 523 2354 non
551 2315 658 2354 sunt
684 2325 770 2365 per
799 2312 1062 2365 quempiam
1092 2312 1138 2353 in
1167 2311 1498 2365 prosecucione
1526 2315 1618 2354 tam
1648 2311 1878 2353 salutiferi

112 2382 334 2435 propositi
370 2382 672 2435 quovismodo
705 2383 980 2425 molestandi
1018 2417 1026 2435 ,
1061 2383 1173 2436 quin
1206 2395 1371 2435 ymmo,
1407 2382 1659 2424 secundum
1694 2383 1879 2425 beatum

113 2451 402 2507 Gregorium,
435 2450 668 2506 tamquam
702 2454 889 2496 novelle
922 2454 1232 2507 plantacionis
1265 2453 1455 2496 arbusta
1487 2454 1617 2507 pacis
1650 2453 1880 2506 exemplis

111 2527 156 2566 et
185 2523 404 2566 doctrinis
435 2524 717 2567 salutaribus
749 2537 799 2566 ac
830 2524 935 2566 aliis
967 2524 1100 2566 donis
1131 2524 1453 2577 spiritualibus
1485 2523 1710 2577 irrigandi
1739 2527 1785 2566 et
1815 2523 1880 2565 fo-

114 2594 265 2637 vendi.
302 2595 518 2637 Debitum
540 2600 612 2638 est
635 2596 786 2649 igitur,
810 2595 932 2648 quod
954 2608 1040 2648 per
1064 2595 1147 2637 hoc
1170 2608 1352 2637 sacrum
1377 2595 1619 2637 concilium
1644 2595 1689 2636 in
1713 2596 1878 2647 spiritu

113 2664 372 2709 dulcedinis
393 2669 438 2708 et
460 2666 665 2708 lenitatis
689 2670 795 2709 sunt
817 2666 1116 2719 amplexandi
1139 2669 1185 2708 et
1207 2666 1462 2719 graciosius
1484 2665 1824 2718 pertractandi.
1843 2699 1851 2705 .
1870 2698 1876 2704 .

229 2736 441 2779 Secundo
470 2737 819 2790 contemplabar
851 2738 897 2778 in
928 2736 1084 2779 verbis
1115 2736 1360 2789 prelibatis
1390 2736 1564 2778 scilicet
1595 2735 1879 2788 inperfectos

114 2807 366 2859 permutari
400 2807 446 2849 in
480 2820 638 2850 vocem
673 2807 953 2850 laudativam
987 2811 1086 2859 etc„
1121 2808 1230 2860 quia
1266 2807 1574 2849 detrahebant
1609 2806 1743 2847 michi
1781 2840 1788 2847 .
1825 2839 1832 2846 .

61 2873 68 2880 ’
113 2865 338 2928 Quantum
364 2881 517 2920 autem
544 2878 602 2920 ad
627 2879 770 2921 nostri
797 2879 1014 2920 thematis
1041 2878 1328 2931 propositum
1356 2878 1553 2919 solerter
1580 2877 1775 2928 intueor,
1803 2876 1878 2917 de-

113 2948 382 2990 tractionem
412 2948 675 2991 huiusmodi
710 2949 858 2990 fuisse
889 2952 935 2991 et
965 2961 1070 2991 esse
1103 2948 1284 2990 duobus
1318 2948 1607 3000 respectibus
1639 2946 1788 2999 primo
1819 2959 1877 2988 ex

217 3052 248 3084 a)
270 3054 308 3076 1¹:
328 3051 359 3078 in
381 3051 631 3079 misericordias.

232 3111 264 3154 ¹)
290 3113 313 3146 3
337 3111 426 3157 Rey.
452 3112 482 3146 7.
