2102 3444
225 127 281 169 60
746 128 772 162 I.
813 128 1023 162 Abschnitt.
1077 128 1477 173 Konzilstagebticher.

347 246 430 287 Die
458 246 617 288 martis
644 246 803 299 quinta
835 247 939 289 Maii
967 247 1054 289 fuit
1081 247 1201 289 facta
1229 249 1370 291 missa
1398 262 1484 302 pro
1511 249 1744 292 defunctis
1771 261 1872 291 cum
1901 261 1995 292 ser-

228 329 362 357 mone
396 329 480 369 pro
513 329 623 370 rege
657 318 922 370 Aragonum
955 321 1001 359 et
1035 318 1145 359 fecit
1178 319 1367 361 missam
1401 320 1653 361 cardinalis
1688 319 1997 362 Bononiensis

227 390 271 429 et
306 400 569 429 sermonem
603 388 850 441 episcopus
884 388 1198 442 LaudensiS.¹)

351 458 431 499 Die
454 459 575 500 XVI.
601 459 707 501 Maii
731 463 960 501 venerunt
984 459 1135 501 littere
1157 461 1435 514 primogenti
1460 462 1582 514 regis
1606 462 1886 514 Aragonum,
1909 461 1999 504 iam

230 530 353 582 regis
383 538 484 582 post
512 533 706 582 patrem,
735 530 903 583 quibus
932 530 1242 583 profitebatur
1270 544 1319 574 se
1348 544 1657 585 perseverare
1687 532 1733 573 in
1762 532 2000 585 proposito

229 601 374 652 patris
409 601 467 642 ad
502 601 720 642 unionem
754 602 951 643 ecclesie
986 605 1030 643 et
1062 602 1381 655 perfecturum
1416 615 1501 656 pro
1535 615 1673 655 posse
1707 603 1863 645 omnia
1895 615 1999 657 pre-

229 671 370 713 missa
396 675 441 713 et
467 672 649 724 incepta
674 684 759 725 per
784 676 962 725 patrem
990 672 1036 714 in
1062 673 1143 715 illa
1169 673 1363 716 materia
1388 674 1589 725 unionis,
1615 685 1705 726 que
1731 673 1779 715 in
1803 674 1999 716 concilio

229 742 422 784 sedente
462 742 562 784 sine
600 743 926 796 solempnitate
964 743 1149 797 publice
1189 745 1304 786 lecte
1342 744 1534 786 fuerunt
1569 748 1614 786 et
1652 757 1794 798 super
1830 744 2000 798 quibus

228 813 320 866 egit
344 815 524 866 gracias
552 813 650 856 Deo
675 818 722 856 et
745 813 898 856 eidem
924 827 1044 857 novo
1070 816 1168 869 regi
1195 815 1236 857 d.
1263 815 1515 858 cardinalis
1542 815 1740 858 Pisanus
1766 815 1999 868 recipiens

228 884 401 926 thema:
454 885 550 926 Hec
588 888 659 927 est
697 884 860 926 domus
900 886 1074 927 domini
1113 886 1314 928 firmiter
1352 886 1585 938 edificata,
1625 886 1819 929 fundata
1858 899 2001 940 supra

228 958 408 1007 petram
437 948 679 1009 fi1·mam.²)

350 1026 433 1068 Die
468 1027 683 1080 sequenti
715 1027 834 1070 sedit
865 1027 1108 1069 concilium
1140 1032 1331 1081 propter
1364 1029 1543 1070 litteras
1576 1028 1811 1081 predictas
1842 1031 1888 1070 et
1917 1040 2004 1082 pro

227 1099 488 1150 graciarum
520 1097 719 1140 accione.
762 1099 893 1141 Dicta
923 1099 1066 1141 missa
1096 1099 1153 1140 de
1185 1099 1351 1152 spiritu
1382 1102 1540 1141 sancto
1570 1099 1658 1141 fuit
1687 1102 1732 1141 et
1761 1099 1883 1142 facta
1912 1100 2002 1141 col-

230 1169 347 1211 lacio
372 1182 458 1222 per
483 1169 753 1222 episcopum
781 1169 1075 1212 Laudensem
1102 1183 1203 1212 cum
1229 1171 1431 1212 themate
1460 1204 1468 1212 .
1504 1204 1512 1212 .
1549 1171 1599 1224 3²)
1629 1173 1673 1212 et
1699 1170 1791 1212 alia
1816 1182 1902 1223 per
1926 1183 2002 1224 ge-

229 1241 440 1283 neralem
466 1240 646 1283 ordinis
670 1241 805 1284 beate
833 1241 978 1283 Marie
1005 1241 1062 1283 de
1094 1241 1321 1294 Mercede,
1347 1242 1712 1283 ambaxiatorem
1739 1242 1864 1295 regis
1889 1241 2003 1283 Ara-

231 1324 400 1364 gonum
432 1311 639 1354 defuncti
672 1324 774 1354 cum
806 1312 1008 1354 themate
1043 1346 1052 1354 .
1088 1345 1096 1353 .
1132 1312 1226 1367 .²³)³)

349 1384 458 1425 Post
481 1384 566 1425 hec
592 1383 679 1426 isto
705 1396 866 1426 mense
897 1383 1001 1425 Maii
1026 1383 1217 1426 fuerunt
1241 1383 1362 1425 facte
1389 1383 1766 1425 continuaciones
1792 1383 1840 1424 in
1863 1396 2003 1426 causa

232 1455 488 1507 Argentini]
514 1458 560 1496 et
584 1455 748 1496 ultimo
775 1454 833 1497 ad
861 1454 1135 1496 instanciam
1161 1455 1287 1508 regis
1313 1454 1626 1496 Romanorum
1654 1454 1740 1497 sub
1768 1466 1851 1508 spe
1877 1453 2005 1508 pacis

232 1529 277 1567 et
300 1538 448 1578 usque
474 1526 532 1568 ad
555 1526 697 1567 XIIII
721 1525 836 1579 dies,
861 1538 1057 1578 quarum
1081 1525 1243 1568 ultima
1266 1526 1355 1567 erit
1380 1525 1573 1568 sabbato
1597 1526 1856 1579 penultima
1883 1525 2003 1567 Maii.

350 1598 435 1639 Die
460 1597 678 1639 mercurii
701 1597 922 1639 vicesima
945 1597 1142 1650 septima
1170 1596 1274 1639 Maii
1299 1609 1421 1639 anno
1448 1596 1809 1639 M⁰CCCC⁰XVI⁰
1832 1598 1878 1638 et
1900 1608 2004 1638 con-

231 1668 323 1710 cilii
360 1668 578 1721 secundo,
613 1681 702 1721 que
739 1668 826 1710 fuit
861 1668 1019 1721 vigilia
1055 1668 1344 1710 ascensionis
1381 1667 1569 1720 domini,
1605 1667 1724 1710 sedit
1759 1667 2002 1710 concilium

232 1740 332 1781 sine
367 1740 645 1781 solennitate
677 1742 721 1781 et
751 1738 838 1780 fuit
869 1739 975 1781 data
1006 1738 1192 1792 publica
1223 1738 1468 1781 audiencia
1503 1738 1735 1780 Ieronimo
1765 1738 1822 1780 de
1854 1738 2004 1791 Praga

232 1810 289 1851 ad
324 1823 453 1852 suam
489 1809 776 1861 instanciam,
811 1813 970 1852 contra
1005 1822 1142 1862 quem
1177 1822 1263 1862 per
1296 1809 1639 1852 commissarios
1671 1821 1817 1852 novos
1849 1808 2005 1851 fuerat

231 1881 379 1923 factus
405 1894 553 1923 novus
577 1893 825 1934 processus
851 1881 1174 1933 inquisicionis
1200 1881 1246 1922 in
1271 1893 1410 1923 causa
1433 1880 1631 1922 heresis.
1669 1880 1725 1923 Et
1747 1879 1858 1922 fecit
1882 1892 2003 1933 mag-

235 1965 341 1994 nam
379 1952 680 1994 collacionem
719 1952 776 1993 ad
813 1951 1208 2004 persuadendum,
1248 1952 1371 2004 quod
1407 1964 1493 2004 per
1529 1951 1699 2004 odium,
1736 1963 1822 2004 per
1859 1950 2006 1993 falsos

234 2027 377 2066 testes
408 2027 451 2065 et
482 2023 724 2065 mendacia
754 2022 1096 2075 procedebatur
1127 2025 1286 2064 contra
1317 2035 1437 2064 eum.
1481 2022 1536 2064 Et
1565 2022 1624 2065 ad
1652 2022 1739 2064 hec
1769 2021 2006 2064 adducens

234 2095 377 2136 multa
408 2095 627 2147 exempla
658 2094 715 2135 de
748 2093 895 2135 veteri
927 2096 971 2135 et
1001 2105 1121 2135 novo
1151 2096 1443 2143 testamento,
1475 2093 1533 2134 de
1567 2093 1737 2135 sanctis
1767 2092 1895 2146 viris,
1927 2092 2005 2145 qui

236 2167 362 2219 passi
398 2169 503 2208 sunt
537 2168 729 2218 propter
764 2165 1006 2206 veritatem
1041 2177 1126 2217 per
1161 2164 1307 2206 falsas
1343 2164 1668 2206 attestaciones
1702 2167 1748 2205 et
1781 2175 1868 2217 per
1901 2163 2007 2205 odia

235 2237 531 2289 concludens,
559 2236 682 2289 quod
708 2235 867 2277 nullus
893 2247 1098 2287 unquam
1125 2247 1210 2288 per
1235 2238 1298 2276 tot
1324 2235 1478 2276 media
1506 2234 1628 2276 falsa
1654 2247 1911 2288 oppressus
1937 2234 2006 2276 fu-

234 2311 348 2360 erat,
376 2308 491 2350 sicut
518 2308 617 2360 ipse
646 2306 1011 2360 opprimebatur.
1052 2306 1106 2348 Et
1133 2305 1343 2347 finaliter
1372 2306 1604 2347 revocavit
1630 2309 1676 2347 et
1703 2305 1750 2346 in
1777 2308 2005 2357 eternum,

234 2383 281 2421 ut
314 2379 441 2431 dixit,
474 2378 835 2430 abiuracionem,
867 2377 1211 2430 professionem
1243 2380 1287 2418 et
1319 2389 1612 2428 consensum,
1644 2388 1760 2429 quas
1790 2379 1836 2418 et
1867 2387 2004 2429 quem

238 2451 414 2493 fecerat
440 2451 484 2491 in
507 2449 700 2491 concilio
724 2448 916 2491 sedente
939 2448 1014 2490 die
1038 2449 1147 2489 lune
1170 2447 1342 2489 XXIII.
1367 2447 1655 2500 Septembris
1679 2459 1821 2500 super
1842 2459 2008 2500 appro-

236 2521 428 2564 bacione
456 2527 500 2562 et
527 2533 756 2562 consensu
785 2533 868 2562 suo
896 2519 1133 2561 sentencie
1161 2519 1601 2571 condempnacionis
1628 2519 1720 2560 late
1747 2520 1906 2560 contra
1932 2517 2007 2559 Jo-

235 2593 437 2634 hannem
464 2591 634 2633 Wiclef
660 2595 705 2633 et
731 2591 992 2632 Johannem
1021 2591 1117 2632 Hus
1145 2589 1419 2642 dampnatos
1447 2589 1504 2630 de
1531 2589 1690 2631 heresi
1717 2601 1769 2631 ac
1796 2588 2004 2631 doctrine

235 2667 280 2705 et
312 2663 537 2704 librorum
573 2675 748 2713 eorum,
782 2663 858 2714 qui
895 2661 1134 2703 Johannes
1167 2661 1264 2703 Hus
1296 2660 1343 2701 in
1378 2672 1538 2702 mense
1572 2659 1685 2702 Julii
1717 2659 1872 2701 fuerat
1901 2671 2006 2701 con-

237 2735 515 2787 dempnatus
537 2734 595 2775 de
620 2734 775 2775 heresi
802 2736 846 2774 et
870 2745 955 2786 per
980 2733 1239 2775 secularem
1263 2731 1437 2773 curiam
1460 2731 1566 2784 igne
1591 2733 1822 2773 crematus
1845 2733 1890 2772 et
1914 2743 2006 2772 me-

341 2856 371 2878 a>
393 2851 431 2883 B,
454 2849 484 2883 O,
505 2850 552 2875 D:
574 2849 687 2876 Lilclce.

359 2897 390 2940 ¹)
419 2898 519 2932 Nach
549 2898 780 2932 Cerretanus
805 2898 836 2932 8.
866 2897 953 2931 Mai.

358 2957 390 2998 2)
421 2957 502 2991 Aus
531 2957 617 2990 dem
650 2955 828 2999 Officium
859 2954 1112 2990 dedicationis
1144 2953 1303 2988 ecclesie
1332 2954 1443 2996 (rom.
1476 2951 1662 2996 Brevier).

358 3016 390 3057 ³³)
421 3013 656 3058 Dreimaliqe
687 3015 951 3049 Trauerreden
979 3013 1046 3057 auf
1073 3013 1199 3057 Koniy
1226 3011 1447 3046 Ferdz'nand
1474 3021 1547 3047 von
1576 3009 1807 3053 Araqonien.
