2102 3444
288 149 372 191 738
726 144 791 178 111.
824 141 1033 177 Abschnitt.
1075 140 1229 176 Reform
1261 142 1339 175 und
1372 140 1619 186 Verfassung.

290 266 507 319 episcopo
528 267 571 306 et
592 265 752 314 electo,
773 262 880 314 quia
903 261 1003 303 sine
1025 260 1245 302 scandalo
1266 260 1323 302 de
1345 261 1536 303 caritate
1555 264 1604 303 et
1622 273 1736 314 pace
1759 265 1917 305 mutua
1934 262 2054 311 bene

289 335 575 377 convenient.

408 405 701 455 Duodecimo,
747 415 909 444 omne-s
955 401 1202 455 dignitates
1247 414 1341 443 non
1389 405 1495 444 sunt
1539 402 1804 446 immediate
1851 403 2057 447 subiecte

288 477 482 518 ecclesie
522 476 725 516 Romane
767 477 811 515 et
850 476 1008 525 posset
1048 472 1155 513 fieri
1195 484 1282 525 per
1321 472 1710 516 confirmaciones
1747 474 2054 527 preiudicium

287 546 535 588 ordinariis
567 548 611 587 et
643 544 854 586 dicuntur
885 555 1071 586 cessare
1104 543 1458 586 reservaciones
1490 543 1546 585 de
1576 545 1802 597 presenti.

404 616 742 669 Respondetur,
763 614 885 667 quod
904 614 995 656 *ista
1016 617 1088 656 est
1109 614 1360 656 inmediate
1383 615 1580 657 ecclesie
1602 615 1807 658 Romane
1830 615 2054 670 sub'iecba3

287 693 329 731 ct
357 689 420 729 sic
447 687 604 729 nullus
630 686 799 739 poterit
826 686 1047 738 conqueri
1075 684 1133 726 de
1161 684 1523 728 confirmacione
1550 686 1687 728 huius
1717 687 1835 728 sacri
1861 687 2056 741 concilii,

286 770 369 799 nec
397 758 575 810 agimus
602 757 674 798 1110
704 756 761 798 (10
791 755 1117 797 reservacione
1148 758 1216 798 set
1245 768 1345 797 cum
1375 757 1433 798 sit
1461 756 1713 799 inmediate
1742 757 1964 812 subiecta,
1990 757 2056 800 in-

286 828 484 870 mediata
513 827 736 869 subiectio
764 826 967 868 devolvit
992 826 1141 880 ipsam
1169 826 1227 868 ad
1253 827 1339 869 1100
1366 827 1610 869 concilium
1638 828 1712 869 vel
1741 828 1800 870 ad
1827 828 2056 882 suffrag-a-

285 912 398 940 neos
426 899 552 940 iuxta
578 898 774 940 formam
803 897 918 940 iuris
947 898 1202 940 communis
1229 900 1275 940 et
1301 897 1597 951 privilegium
1626 899 1831 952 speciale
1858 900 2055 942 ecclesie

286 969 623 1021 Lugdunensis.

404 1039 588 1081 Decimo
614 1039 770 1093 tercio,
798 1039 1039 1094 videtura),
1067 1039 1204 1092 quod,
1231 1040 1269 1082 si
1297 1039 1541 1081 concilium
1566 1053 1618 1081 se
1647 1039 1973 1084 intromitteret
1997 1041 2054 1083 de

284 1110 737 1163 confirmacionibus,
772 1122 883 1163 ergo
918 1115 962 1153 et
996 1109 1335 1152 beneficiorum
1366 1110 1718 1164 collacionibus,
1753 1110 1810 1153 de
1844 1123 1935 1165 quo
1968 1110 2055 1154 fuit

283 1182 399 1224 alias
429 1181 697 1223 scandalum
727 1181 774 1222 in
806 1181 1016 1223 sessione
1047 1181 1244 1234 publica.

399 1252 738 1305 Respondetur,
768 1251 891 1304 quod
921 1251 1202 1294 confirmare
1234 1255 1305 1294 est
1334 1252 1480 1295 solius
1510 1252 1842 1295 iurisdictionis
1870 1265 1956 1295 1100
1984 1256 2055 1296 est

282 1322 477 1366 alicuius
516 1323 631 1364 iuris
669 1323 980 1376 particularis,
1020 1326 1064 1365 et
1100 1323 1212 1365 *ideo
1248 1323 1500 1376 capitulum
1539 1323 1659 1365 bene
1697 1324 1904 1366 succedit
1941 1323 2052 1366 sede

281 1393 538 1446 pontificali
576 1399 768 1437 vacante
803 1393 853 1434 :in
889 1393 1348 1436 confirniaoionibus.
1400 1394 1603 1436 Collacio
1641 1397 1795 1436 autem
1833 1394 2054 1437 benefici-

281 1477 411 1506 orum
443 1468 512 1507 est
541 1464 657 1506 iuris
685 1464 985 1517 particularis
1014 1469 1062 1507 et
1093 1464 1199 1506 ideo
1227 1464 1483 1518 capitulum
1514 1477 1608 1507 non
1639 1465 1844 1508 succedit
1873 1466 1920 1507 in
1951 1465 2051 1508 iure

278 1535 581 1577 collacionum
614 1534 969 1577 beneficiorum.
1015 1535 1239 1578 Preterea
1272 1535 1553 1578 confirmare
1586 1536 1787 1578 electum
1819 1537 2052 1590 canonice,

281 1606 357 1658 qui
385 1606 598 1648 electioni
626 1606 683 1648 de
713 1619 762 1649 se
790 1606 914 1649 facte
940 1606 1206 1660 consenciit,
1234 1606 1377 1648 nichil
1401 1607 1534 1649 aliu-d
1558 1610 1631 1649 est
1655 1619 1795 1660 quam
1823 1607 1935 1650 dare
1963 1606 2051 1650 sibi

279 1677 521 1719 licenciam
548 1676 918 1730 administrandi,
942 1678 1053 1730 'quia
1078 1677 1271 1730 plenum
1298 1677 1369 1720 ius
1395 1677 1536 1720 habet
1556 1678 1800 1730 prelature
1824 1690 1910 1731 per
1932 1678 2051 1721 elec-

279 1748 450 1789 tionem
477 1748 743 1790 canonicam
769 1751 815 1790 et
839 1760 1132 1801 consensum,
1159 1751 1229 1790 set
1251 1761 1486 1801 suspensa
1511 1746 1975 1804 administracione,¹‘)
2003 1749 2051 1792 in

281 1818 615 1860 beneficiorum
640 1822 793 1861 autem
817 1819 1150 1861 collacionibus
1174 1831 1344 1861 novum
1364 1819 1438 1862 *ius
1462 1819 1652 1862 omnino
1673 1822 1858 1862 creatur
1879 1822 1926 1862 et
1948 1831 2050 1862 0011-

279 1890 426 1931 t'ertur
461 1889 508 1931 in
543 1902 745 1942 persona
783 1890 1066 1932 benefioium
1102 1890 1373 1943 recipientis
1405 1893 1454 1933 et
1489 1890 1596 1933 ideo
1628 1890 1822 1944 gra-ndis
1856 1893 2049 1944 apparet

278 1959 541 2013 disparitas.

396 2031 582 2073 Decimo
623 2035 801 2084 quarto,
844 2032 882 2073 si
923 2033 1101 2075 electus
1142 2032 1470 2085 Lugdunensis
1511 2031 1885 2086 confirmaretur,
1926 2031 2048 2074 idem

277 2102 451 2145 vellent
479 2114 639 2144 omnes
668 2102 802 2144 electi
832 2102 1036 2144 omnium
1064 2103 1261 2145 aliarum
1290 2102 1594 2145 ecclesiarum
1622 2106 1668 2146 et
1692 2103 1953 2146 nacionum.
1994 2102 2048 2144 Et

278 2173 343 2213 sic
380 2176 503 2215 esset
541 2174 642 2215 sine
679 2186 802 2227 papa
839 2173 1084 2216 concilium
1122 2177 1351 2227 perpetuo
1386 2174 1435 2215 ὶ111
1472 2174 1557 2216 1100
1592 2177 1716 2216 *statu
1752 2174 1877 2216 velle
1915 2173 2046 2216 susti-

276 2255 389 2285 nere
414 2246 497 2286 etc,

392 2313 732 2368 Respondetur,
763 2315 887 2368 quod
917 2314 1138 2357 naciones
1171 2318 1277 2358 sunt
1309 2315 1427 2358 adeo
1457 2315 1724 2358 hominibus
1753 2314 1972 2358 occulatis
2001 2315 2047 2356 et

275 2384 640 2441 circonspectis)
674 2386 830 2440 plene,
861 2386 984 2439 quod
1015 2386 1136 2428 bene
1169 2386 1546 2439 considerabunt,
1578 2398 1772 2439 quorum
1803 2385 2046 2428 confirma-

275 2455 484 2498 cionibus
525 2456 730 2498 fidendis
773 2457 1070 2499 consencient
1112 2460 1157 2499 et
1199 2457 1454 2499 electiones
1496 2456 1756 2499 examinari
1796 2455 2043 2509 comittent,

276 2528 497 2579 tempora,
521 2527 769 2579 qualitates
792 2527 1085 2581 eligencium,
1108 2528 1361 2570 electorum
1385 2530 1431 2570 et
1453 2528 1757 2570 ecclesiarum
1778 2525 2043 2570 vacancium

275 2596 682 2647 providentissime
718 2598 1093 2651 contemplandm
1127 2601 1201 2641 set
1235 2611 1295 2640 ex
1330 2611 1421 2651 quo
1456 2601 1653 2651 quatuor
1687 2598 1908 2640 naciones
1941 2608 2043 2639 con-

274 2665 427 2708 cilium
455 2667 741 2720 integrantes
768 2668 813 2709 in
838 2669 924 2711 1130
945 2669 1049 2711 *sola
1074 2672 1414 2711 consenserunt
1437 2671 1484 2711 et
1507 2681 1612 2711 eam
1638 2668 1898 2711 examinari
1923 2666 2043 2709 fece-

275 2741 379 2779 runt
415 2740 459 2779 et
495 2738 892 2781 examinacionem
930 2740 1327 2792 ap2probaverunt3
1365 2739 1531 2781 honori
1568 2738 1732 2782 accidit
1764 2737 1961 2791 concilii,
1994 2739 2043 2780 ut

275 2807 359 2848 hec
378 2808 565 2850 omnino
585 2810 877 2863 expediatur,
898 2823 957 2851 ne
981 2811 1037 2852 de
1059 2810 1238 2853 viribus
1257 2810 1438 2852 concilii
1461 2810 1711 2853 dubitetur.

392 2877 579 2920 Decimo
607 2880 778 2933 quinto,
804 2893 888 2933 per
914 2880 1074 2934 viginti
1102 2893 1289 2924 menses
1312 2881 1471 2923 omnia
1497 2880 1787 2924 concorditer
1811 2882 1911 2923 acta
1936 2879 2040 2921 sunt

273 2950 318 2988 et
351 2947 581 2991 discordia
614 2954 771 3002 posset
805 2951 976 2993 exinde
1011 2951 1136 3004 oriri,
1171 2952 1279 3005 quia
1313 2964 1371 2993 ex
1406 2954 1538 3004 parte
1573 2951 1866 2993 dominorum
1897 2947 2039 2992 cardi-

379 3052 410 3084 a)
432 3052 478 3078 Hs
499 3052 660 3079 videntur.
737 3054 767 3085 11)
790 3055 834 3080 Ils
856 3061 1052 3089 suspensum
1074 3055 1358 3082 adiniuistracion.
1445 3059 1473 3088 e)
1495 3056 1542 3082 113
1561 3062 1605 3082 30.
