2227 3434
577 221 616 259 B.
662 225 909 260 Avisamente
942 227 1011 260 der
1043 221 1359 260 Reformatorien.
1536 252 1539 256 .
1768 228 1852 271 657

85 354 168 384 sue
195 342 424 385 sanctitati
450 342 665 396 placebit.
708 343 822 384 Item
850 344 1080 387 dimittant
1108 344 1150 386 d.
1179 344 1443 388 cardinales
1468 357 1526 387 ex
1553 358 1675 387 nunc
1700 346 1853 388 omnia

82 412 346 466 hospitalia,
376 413 676 474 leprosorias,
706 413 988 456 cenodochia
1017 418 1065 457 et
1095 415 1186 457 alia
1214 415 1291 468 pia
1322 411 1435 468 loca,
1465 428 1557 469 que
1586 429 1672 469 pro
1701 416 1854 469 hospi-

82 484 260 526 talitate
298 484 502 526 tenenda
542 487 662 535 sunt,
703 484 901 537 fundata
938 498 963 527 a
1004 486 1328 538 superioribus
1368 486 1593 529 dictorum
1633 488 1851 528 locorum.

81 553 197 605 Quia
222 557 377 596 tamen
401 566 524 596 unus
550 554 607 595 de
635 554 833 596 dominis
858 555 1035 597 obtinet
1059 568 1197 597 unam
1223 558 1565 609 preceptoriam
1591 558 1736 599 sancti
1762 558 1853 599 An-

81 625 210 677 tonii,
241 637 331 678 que
363 637 457 666 non
487 625 609 666 cadit
639 625 724 667 sub
756 625 942 667 nomine
973 625 1233 678 hospitalis,
1264 630 1371 668 tunc
1401 631 1592 680 paratus
1623 631 1694 669 est
1724 628 1852 669 illam

81 694 328 748 dimittere,
357 695 477 737 facta
506 695 594 737 sibi
623 695 813 748 aliquali
842 697 1070 748 pensione
1100 697 1206 738 licet
1231 709 1326 738 non
1352 698 1507 751 plena,
1536 698 1619 739 sed
1647 698 1705 740 ad
1733 699 1852 740 arbi-

79 765 217 807 trium
247 765 357 808 boni
383 766 527 820 virijd)
561 766 675 807 Item
704 770 894 818 paratus
922 770 991 808 est
1019 767 1214 819 quilibet
1243 767 1285 808 d.
1314 768 1620 810 cardinalium
1652 770 1698 810 in
1728 781 1850 821 casu,

82 849 173 889 quo
209 837 298 878 sibi
335 836 420 878 fiat
455 849 542 889 per
578 843 806 878 summum
843 837 1114 890 pontificem
1151 837 1357 879 futurum
1395 838 1538 880 realis
1576 844 1623 882 et
1659 840 1851 881 actualis

81 907 340 960 assignacio
364 919 511 960 usque
537 907 596 949 ad
619 919 847 949 summurn
873 920 956 949 sex
982 908 1159 949 milium
1184 908 1474 950 florenorum
1499 921 1682 951 camere
1708 922 1851 952 annu-

80 978 190 1019 atim
225 977 352 1020 iuxta
388 977 757 1020 advisamentum
794 978 1108 1020 reformvatorii
1145 978 1378 1021 dimittere
1414 979 1567 1021 omnia
1604 980 1851 1032 beneficia,

25 1065 27 1067 ·
79 1060 169 1100 que
197 1047 351 1100 habet,
380 1048 668 1090 reservando
694 1051 850 1090 tamen
880 1048 968 1091 sibi
997 1061 1135 1090 unam
1165 1049 1483 1091 commendam
1510 1050 1656 1092 eciam
1686 1054 1850 1092 metro-

78 1119 332 1171 politanam
362 1131 447 1161 seu
473 1119 762 1161 abbacialem
792 1123 870 1161 aut
897 1119 1025 1161 aliud
1054 1119 1351 1172 beneficium,
1381 1120 1503 1173 quod
1532 1133 1654 1162 nunc
1681 1121 1850 1163 habeat

79 1190 153 1230 vel
180 1189 228 1230 in
252 1189 459 1231 futurum
484 1189 689 1242 habebit,
714 1189 777 1232 ita
802 1193 971 1242 tamen,
998 1190 1121 1242 quod
1147 1191 1278 1231 valor
1302 1191 1574 1232 commende
1602 1204 1685 1233 seu
1711 1191 1850 1233 bene-

78 1259 173 1301 ficii
203 1260 371 1303 retenti
402 1260 449 1301 in
479 1272 657 1302 summa
687 1260 748 1301 VI
781 1260 977 1301 millium
1008 1260 1299 1302 florenorum
1329 1261 1605 1303 includatur.
1647 1262 1850 1303 Presens

24 1332 26 1335 ’
78 1333 232 1372 tamen
257 1331 484 1373 articulus
512 1343 604 1372 non
633 1330 997 1383 comprehendat
1028 1331 1239 1373 dominos
1268 1331 1531 1373 Ostiensem
1559 1336 1606 1374 et
1635 1332 1692 1374 de
1722 1331 1850 1374 Salu-

76 1400 217 1456 ciis¹),
244 1401 323 1454 qui
352 1401 411 1443 ad
439 1413 665 1444 summam
693 1401 949 1454 predictam
980 1401 1044 1443 VI
1074 1402 1271 1443 millium
1301 1405 1396 1443 tum
1425 1406 1618 1455 propter
1647 1402 1849 1456 longevi-

53 1474 216 1514 'tatem
252 1472 477 1526 vtemporis
517 1472 856 1525 assumpcionis
895 1485 1055 1514 eorum
1095 1472 1154 1514 ad
1192 1472 1530 1514 cardinalatum
1569 1476 1663 1514 tum
1703 1473 1847 1515 eciam

75 1545 267 1596 propter
297 1541 676 1595 deperdicionem
709 1542 1061 1595 beneficiorum,
1091 1555 1181 1595 que
1213 1543 1453 1585 occasione
1486 1544 1714 1586 scismatis
1744 1556 1848 1596 per-

76 1613 203 1666 pessi
227 1616 347 1666 sunt,
371 1613 430 1655 ad
453 1613 619 1655 dictam
643 1625 868 1655 summam
893 1626 985 1655 non
1008 1613 1304 1655 reducentur.
1344 1613 1457 1655 Item
1481 1613 1680 1667 quilibet
1701 1614 1847 1656 cardi-

75 1683 196 1726 nalis
230 1683 410 1726 habens
445 1684 777 1737 episcopatum,
814 1684 1053 1726 abbaciam
1090 1688 1167 1726 aut
1202 1684 1458 1737 prioratum
1493 1684 1846 1726 conventualem

74 1757 290 1796 teneatur
313 1757 471 1796 creato
491 1766 618 1807 *papa
644 1754 841 1807 quilibet
866 1767 1027 1796 eorum
1053 1758 1100 1796 et
1126 1754 1428 1808 singulariter
1454 1755 1651 1808 singulis
1677 1767 1847 1796 renun-

76 1824 200 1867 ciare
222 1828 268 1867 et
290 1825 373 1867 illa
395 1825 643 1877 dimittere,
667 1825 917 1867 dummodo
939 1828 983 1867 et
1006 1825 1053 1866 in
1075 1838 1200 1877 casu,
1225 1837 1317 1878 quo
1337 1837 1460 1878 papa
1483 1826 1529 1866 in
1553 1826 1654 1878 ipsa
1678 1837 1847 1867 renun-

75 1894 279 1937 ciacione
307 1907 392 1938 seu
418 1899 524 1938 ante
553 1896 825 1937 tantundem
852 1895 942 1938 sibi
970 1896 1279 1949 assignaverit
1308 1895 1354 1937 in
1382 1900 1611 1948 proventu
1640 1898 1718 1938 aut
1745 1895 1847 1937 red-

76 1965 173 2008 ditu
197 1969 439 2019 perpetuo,
465 1969 686 2018 quantum
713 1966 900 2008 valebat
926 1966 972 2007 in
998 1966 1191 2019 portatis
1215 1966 1526 2020 episcopatus,
1552 1966 1744 2008 abbacia
1769 1969 1847 2008 aut

75 2037 324 2090 prioratus,
347 2049 486 2090 quem
512 2036 722 2079 dimittet.
761 2037 855 2079 Hoc
880 2039 1035 2078 tamen
1059 2049 1152 2078 non
1178 2036 1466 2090 intelligatur
1491 2036 1548 2078 de
1573 2036 1846 2078 commenda

76 2119 160 2149 seu
186 2106 434 2160 beneficio,
462 2107 585 2160 quod
610 2107 875 2150 cardinales
903 2107 992 2150 sibi
1019 2107 1249 2160 elegerint
1275 2106 1572 2149 retinendum
1601 2108 1729 2149 iuxta
1756 2107 1846 2148 dis-

75 2177 360 2231 posicionem
394 2178 586 2231 capituli
623 2178 934 2231 precedentis.
982 2177 1113 2229 Quod
1149 2181 1302 2219 autem
1340 2176 1507 2220 dicitur
1544 2178 1600 2219 de
1637 2177 1846 2231 prioratu

74 2249 383 2302 conventuali,
426 2248 716 2301 intelligitur,
759 2249 796 2290 si
840 2248 1010 2291 habeat
1051 2251 1326 2290 conventum
1368 2248 1459 2290 XII
1501 2248 1845 2289 monachorum.

79 2319 192 2361 Item
231 2319 355 2372 quod
397 2318 712 2372 supradictum
753 2322 824 2361 est
863 2318 920 2360 de
960 2319 1245 2372 episcopatu,
1285 2319 1479 2361 abbacia
1520 2322 1598 2360 aut
1636 2318 1845 2372 prioratu

75 2387 374 2442 dimittendis,
405 2388 693 2442 intelligatur
721 2389 780 2431 de
810 2388 1112 2442 dignitatibus
1142 2389 1306 2442 primis
1335 2393 1440 2442 post
1469 2388 1766 2442 pontificales
1798 2389 1845 2430 in

0 2490 3 2495 .
74 2459 446 2513 metropolitanis
463 2464 542 2502 aut
560 2459 907 2502 cathedralibus
927 2462 973 2501 et
986 2459 1326 2512 principalibus
1341 2460 1388 2500 in
1402 2460 1616 2502 ecclesiis
1631 2459 1845 2512 collegia-

74 2530 146 2572 tis.
184 2530 296 2572 Item
315 2530 359 2572 d.
379 2529 644 2572 cardinales
665 2529 882 2572 abbacias
905 2543 987 2573 seu
1009 2530 1242 2583 prioratus
1263 2530 1596 2571 conventuales
1616 2529 1844 2572 habentes

73 2600 274 2643 debeant
290 2613 352 2642 ex
372 2612 494 2642 nunc
511 2603 558 2642 et
578 2601 762 2642 interim
784 2613 926 2642 unum
947 2600 1216 2654 religiosum
1236 2600 1447 2642 eiusdem
1469 2600 1646 2642 ordinis
1667 2611 1843 2653 ponere

73 2670 132 2713 ad
161 2683 319 2713 curam
350 2674 397 2713 et
428 2670 636 2724 regimen
669 2671 998 2713 monachorum
1031 2671 1150 2713 circa
1181 2670 1532 2713 observanciam
1563 2671 1842 2724 regularem.

78 2741 189 2783 Item
225 2742 374 2784 eciam
408 2741 635 2783 tenebunt
671 2741 876 2784 debitum
913 2753 1158 2782 numerum
1197 2741 1526 2783 monachorum
1566 2742 1611 2782 in
1650 2740 1842 2782 abbacia

72 2815 117 2854 et
150 2811 361 2864 prioratu
391 2811 628 2864 predictis,
663 2811 917 2853 secundum
952 2811 1074 2864 quod
1110 2811 1303 2853 abbates
1338 2815 1414 2853 aut
1448 2812 1632 2864 priores
1665 2810 1840 2852 habere

73 2883 292 2923 tenentur
313 2884 362 2924 et
387 2881 521 2924 dictis
546 2881 842 2924 monasteri-is
867 2881 1181 2934 providebunt
1207 2882 1265 2923 de
1291 2881 1517 2923 fructibus
1546 2880 1736 2922 abbacie
1765 2883 1842 2922 aut

177 3002 207 3028 a)
239 2997 299 3023 Am
321 2997 451 3023 Raude:
489 2995 612 3023 l'eticio
634 2996 754 3023 domini
777 2996 798 3023 C
821 2996 859 3023 sle
882 2996 1072 3024 Brancaeiis
1094 3004 1195 3031 supcr-
1216 2996 1375 3030 hospitali
1397 2996 1494 3022 aletur
1514 2995 1617 3021 eciam
1640 2995 1844 3021 nacionibus.

187 3056 220 3099 ¹)
247 3056 327 3090 Der
353 3057 453 3098 1415,
479 3055 523 3099 X,
550 3058 594 3091 16
618 3058 847 3099 ,qestorbene
874 3057 1052 3092 Barensis
1080 3059 1126 3092 ist
1153 3057 1254 3092 nicht
1281 3058 1466 3100 yenannt;
1493 3056 1574 3090 also
1600 3056 1701 3089 wohl
1731 3054 1838 3088 nach-

72 3111 142 3146 her
164 3113 355 3159 abyelasst.

144 3180 284 3215 Finke,
304 3182 386 3209 Acta
406 3181 540 3209 concilii
562 3181 841 3210 Constanciensis.
866 3182 901 3209 11.
1571 3171 1627 3210 42
