2227 3434
581 228 620 262 B.
643 226 890 262 Avisamenie
912 227 981 261 der
1001 226 1317 261 Reformatorien.

151 345 271 399 Ego
345 344 741 387 Benedictus.
828 344 912 386 Hic

63 415 329 458 Bonifacius
372 415 487 457 VIII
529 416 647 457 hanc
689 415 911 468 professi-

55 498 191 529 onem
210 485 378 528 dicitur
394 484 576 527 misisse
598 485 696 538 regi
717 485 910 527 Francie
937 515 945 521 .

61 557 147 599 sub
174 556 317 609 bulla,
343 559 393 598 ut
418 556 605 598 doceret
630 556 688 597 de
714 556 818 599 eius
845 557 910 598 in-

60 627 199 669 troitu
245 626 467 669 canonico
509 626 559 668 ‘in
606 630 794 679 papatu.
855 627 909 668 Et

57 698 178 740 inter
194 698 304 751 alia,
323 709 413 750 que
433 709 517 739 rex
538 697 770 750 allegavit,
786 697 909 750 quod

58 780 179 822 papa
214 768 272 810 ad
306 768 391 810 hoc
425 771 624 820 tenetur,
658 767 907 810 inducebat

55 838 301 898 epi-stolam
333 839 511 892 Pelagii
541 851 663 892 pape
696 838 907 881 Gilberto

56 909 154 962 regi
204 908 399 951 Francie
445 922 533 962 pro
579 922 717 952 causa
766 908 905 951 simili

55 978 346 1033 destinatam,
394 980 451 1022 de
504 979 636 1035 [quo]
691 980 817 1022 XXV
862 993 904 1033 q,

54 1050 442 1104 ‚satagendum‘.1)
491 1050 719 1093 Convenit
750 1051 905 1092 LXIII

54 1120 100 1162 di
151 1133 252 1174 ‚ego
300 1121 629 1175 Ludovicus‘.²)
695 1121 902 1164 Similem

52 1191 396 1245 professionem
427 1192 663 1235 faciebant
690 1193 796 1235 novi
824 1205 903 1246 pa-

52 1262 252 1304 triarche
273 1263 560 1316 synodaliter
579 1276 777 1317 eamque
797 1264 902 1306 sub-

51 1332 268 1386 scriptam
318 1333 562 1376 mittebant
610 1333 807 1376 invicem
857 1338 901 1376 et

50 1403 249 1457 principi
288 1417 384 1457 suo,
421 1407 470 1446 ut
504 1408 631 1458 patet
665 1418 751 1458 per
788 1405 901 1448 Gre-

47 1474 226 1527 gorium
259 1475 307 1516 in
322 1474 521 1528 quad-am
537 1476 774 1531 epistola³)
793 1481 839 1520 et
854 1476 900 1518 in

48 1544 242 1588 historia
278 1545 589 1588 Rom-anorum
622 1547 898 1601 pontificum

49 1615 245 1669 Eugenii
289 1616 427 1670 primi
472 1620 517 1660 et
563 1617 784 1661 Zacharie
830 1630 899 1661 se-

45 1686 237 1740 cundif)

110 2887 141 2928 ¹)
169 2886 196 2920 C
219 2888 265 2921 25
289 2889 355 2930 (11
380 2898 397 2921 c
423 2890 475 2923 10.

108 2944 140 2986 ²)
172 2945 221 2979 Di
249 2947 294 2980 63
323 2956 340 2980 c
367 2948 422 2981 30.

108 3003 140 3045 3)
172 3003 260 3046 Res]-
291 3004 397 3038 I’onl.
426 3005 489 3040 Nr.
522 3006 620 3040 1092.

107 3060 139 3103 ⁴)
167 3061 383 3104 Duclzesne,
407 3064 460 3098 Le
486 3064 584 3098 liber
608 3065 842 3109 pontificalis
868 3066 885 3099 1
930 3081 934 3084 ·

37 3124 73 3160 p.
97 3119 166 3154 341
194 3120 271 3154 und
297 3121 376 3156 432.

1746 227 1831 270 683

1075 343 1157 398 (A)
1201 344 1264 385 In
1301 343 1545 386 nomine
1585 343 1832 386 domini,

979 414 1195 466 Quamvis
1215 414 1332 456 hanc
1346 414 1690 468 professionem
1711 415 1833 468 lege-

984 485 1069 526 rim
1111 486 1157 526 in
1197 485 1366 527 diurno
1404 485 1525 527 libro
1562 488 1607 527 et
1646 486 1693 527 in
1733 485 1831 527 fine

986 555 1200 598 Mallonis
1232 556 1379 598 sancti
1414 556 1538 598 Petri
1574 556 1660 598 sub
1694 569 1832 609 gene-

982 626 1068 667 rali
1095 627 1298 679 nomine,
1325 627 1389 668 uti
1419 639 1453 668 c.
1482 639 1583 680 ,ego
1607 626 1670 668 N.‘
1699 629 1831 668 extra

980 696 1037 737 de
1071 696 1170 738 iure
1206 696 1456 751 iurandost)
1495 698 1643 750 ipsam
1675 701 1830 739 tamen

981 766 1066 808 sub
1109 766 1260 809 forma
1301 771 1345 809 et
1386 767 1572 810 nomine
1613 767 1685 809 hic
1727 780 1830 809 con-

978 837 1117 879 tentis
1138 849 1249 890 sepe
1268 838 1319 879 in
1338 838 1465 880 Urbe
1486 839 1657 892 reperi,
1678 851 1830 892 ymmo

978 911 1022 950 et
1055 908 1102 949 in
1135 907 1271 950 domo
1305 908 1646 951 Celestinorum
1677 922 1829 962 nuper

978 977 1186 1021 Parisius
1220 981 1356 1032 atque
1391 980 1437 1020 in
1468 979 1683 1032 pluribus
1715 980 1829 1022 locis

976 1048 1268 1100 postmodum
1326 1050 1371 1091 in
1430 1050 1624 1092 Francia
1676 1050 1827 1103 ipsam

977 1119 1086 1172 vidi,
1123 1123 1405 1172 asserentes,
1444 1121 1521 1174 qui
1559 1133 1662 1163 eam
1700 1121 1827 1163 exhi-

976 1188 1162 1243 bebant,
1214 1190 1336 1243 quod
1387 1190 1655 1234 Bonifacius
1704 1204 1826 1245 papa

975 1263 1161 1303 octavu-s
1190 1261 1339 1314 ipsam
1368 1262 1453 1304 sub
1481 1262 1610 1305 bulla
1637 1263 1826 1305 miserat

974 1330 1072 1383 regi
1122 1331 1317 1374 Francie
1364 1333 1482 1374 scire
1531 1333 1718 1387 volenti,
1766 1346 1825 1376 an

973 1401 1215 1444 habuisset
1244 1403 1344 1455 ipse
1376 1403 1610 1446 introitum
1641 1405 1825 1446 canoni-

973 1484 1074 1513 cum
1098 1473 1144 1514 in
1166 1476 1353 1526 papatu.
1389 1474 1444 1516 Et
1462 1474 1585 1516 inter
1607 1475 1712 1529 alia,
1734 1488 1823 1528 que

972 1554 1056 1583 rex
1091 1544 1337 1597 allegabat,
1373 1544 1497 1598 quod
1530 1545 1589 1587 ad
1620 1546 1705 1588 hoc
1738 1545 1823 1588 Ro-

971 1625 1136 1657 manus
1164 1614 1379 1667 pontifex
1408 1619 1661 1669 teneretur,
1693 1617 1822 1658 indu-

971 1684 1104 1726 cebat
1155 1685 1400 1738 epistolam
1450 1699 1572 1740 pape
1626 1687 1821 1741 Pellagii

970 1753 1182 1798 Gilberto
1212 1756 1311 1810 re'gi
1342 1756 1537 1799 Francie
1566 1770 1653 1811 pro
1682 1771 1821 1800 causa

969 1824 1108 1867 simili
1139 1825 1432 1881 destinatam,
1463 1827 1521 1870 de
1552 1841 1643 1882 qua
1673 1828 1820 1871 habes

968 1899 1148 1948 partem
1187 1896 1314 1939 XXV
1353 1910 1381 1951 q
1421 1898 1443 1940 1
1486 1899 1818 1952 ‚satagendum

968 1966 1023 2008 Et
1049 1968 1265 2010 convenit
1290 1967 1443 2011 LXIII
1472 1969 1518 2011 di
1545 1983 1646 2024 ‚ego
1672 1970 1819 2013 Ludo-

967 2036 1108 2079 vicus‘
1141 2037 1188 2079 in
1220 2038 1331 2081 fine.
1375 2039 1504 2082 Hanc
1532 2041 1680 2083 eciam
1712 2053 1819 2082 ean-

968 2107 1072 2149 dem
1115 2109 1189 2150 vel
1232 2109 1431 2152 similem
1473 2111 1817 2164 professionem

966 2178 1199 2221 faciebant
1225 2192 1388 2222 omnes
1402 2180 1483 2223 alii
1498 2182 1605 2224 novi
1622 2186 1818 2235 quatuor

966 2250 1230 2301 patriarche
1283 2251 1569 2304 synodaliter
1618 2266 1816 2306 eamque

966 2319 1272 2373 subscriptam
1307 2321 1549 2367 mittebant
1581 2324 1669 2366 sibi
1703 2325 1816 2366 invi-

964 2402 1061 2431 cem
1095 2394 1140 2433 et
1172 2391 1370 2445 principi
1402 2393 1448 2435 in
1481 2407 1564 2438 sua
1596 2395 1814 2448 novitate,

966 2464 1011 2502 ut
1034 2464 1160 2513 patet
1181 2475 1267 2515 per
1290 2463 1566 2517 Gregorium
1590 2465 1637 2507 in
1659 2478 1731 2519 ep.
1757 2466 1814 2508 ad

962 2530 1107 2585 Sedff)

1051 2602 1106 2644 Et
1136 2602 1221 2646 hoc
1250 2603 1374 2646 idem
1407 2605 1532 2647 clare
1564 2607 1813 2649 ostendunt

959 2671 1164 2724 hystorie
1196 2673 1506 2717 Romanorum
1538 2677 1809 2730 pontificum

961 2741 1005 2783 in
1051 2743 1198 2787 tltulis
1244 2744 1440 2799 Eugenii
1490 2746 1507 2788 Ι
1551 2750 1596 2789 et
1643 2748 1810 2789 Zacha-

958 2825 1025 2854 rie
1055 2847 1064 2855 .
1099 2847 1108 2856 .
1144 2847 1153 2856 .

1029 2933 1059 2955 a!
1085 2928 1169 2955 Fame
1192 2930 1218 2955 B
1238 2931 1302 2955 und
1325 2937 1353 2957 (,.

1032 2988 1062 3029 ¹)
1096 2988 1144 3022 So
1175 2989 1239 3023 Hs.
