2227 3434
546 195 583 229 B.
621 195 698 229 Der
720 195 819 230 liber
841 197 1033 238 gestorum
1058 195 1127 228 des
1149 193 1391 228 Cerretanus.
1766 195 1850 237 237

85 313 339 367 respondit,
374 312 498 366 quod
532 325 675 366 super
709 312 864 366 petitis
899 312 1165 354 deliberare
1201 311 1400 363 volebat,
1435 314 1480 353 et
1513 312 1582 353 eis
1616 315 1852 364 gratanter

86 385 133 426 in
164 385 416 427 crastinum
447 383 751 437 respondere.

203 454 288 497 Die
310 455 426 498 iovis
446 454 586 496 XXV.
609 455 784 496 mensis
807 453 982 506 Aprilis
1003 453 1215 506 prefatus
1238 453 1279 494 d.
1301 456 1459 494 noster
1481 465 1602 506 papa
1624 452 1672 493 in
1693 453 1852 494 habitu

83 525 416 569 transformato
444 525 501 567 de
529 524 779 566 fortellicio
807 524 945 566 castri
974 524 1136 577 Brisag
1165 537 1190 566 a
1218 524 1476 577 gentibusss)
1509 523 1638 565 ducis
1666 522 1853 564 Austrie

84 609 171 650 per
198 596 388 639 eosdem
418 596 650 638 demissus
678 608 780 637 cum
807 595 876 637 eis
905 595 963 637 ad
991 598 1171 648 portam
1200 595 1368 647 pontis,
1396 607 1482 647 per
1511 606 1647 647 quam
1678 594 1767 635 itur
1797 593 1853 635 ad

85 667 414 721 Burgundiam,
450 666 576 709 venit
612 667 790 719 volenS,
829 667 866 708 si
905 678 1175 708 concessum
1212 665 1393 717 fuisset,
1432 665 1490 706 ad
1526 667 1689 718 gentes
1726 664 1854 706 ducis

86 738 354 792 Burgundie
378 737 551 780 ibidem
574 750 720 790 prope
745 737 801 779 aid
826 737 916 778 duo
940 736 1059 778 forte
1084 736 1285 778 miliaria
1308 736 1659 778 Theutonicalia
1680 738 1856 777 stantes

86 808 332 862 ipsumque
366 809 679 862 prestolantes
715 821 764 850 se
799 807 1030 860 conferre,
1066 807 1280 849 dominus
1314 819 1513 860 namque
1548 807 1762 848 Nicolaus
1797 806 1855 847 de

86 879 302 923 Robertis
326 879 515 933 hospitii
539 878 711 933 prefati
739 879 780 920 d.
806 878 1034 921 Johannis
1059 890 1180 931 pape
1208 877 1379 919 XXIII.
1408 878 1641 931 magister,
1667 876 1745 930 qui
1771 889 1855 930 per

86 950 187 994 dies
219 951 401 1003 aliquos
432 953 741 1004 precesserat,
774 950 903 991 mille
937 953 982 991 et
1014 949 1235 990 ducentos
1268 948 1449 1001 equites
1483 951 1762 990 armatorum
1798 947 1854 988 de

84 1021 301 1075 gentibus
330 1021 458 1063 ducis
488 1020 771 1074 Burgundie,
801 1020 860 1062 ad
887 1020 1013 1062 fines
1042 1019 1324 1072 Burgundie,
1354 1019 1432 1072 qui
1461 1031 1629 1072 papam
1659 1018 1717 1060 ad
1745 1018 1856 1059 Bur-

84 1092 304 1146 gundiam
340 1092 666 1145 conducerent,
702 1091 954 1133 exbursata
991 1103 1170 1133 summa
1205 1090 1448 1132 duodecim
1484 1090 1681 1131 millium
1714 1089 1856 1131 flore-

86 1175 265 1216 norum,
303 1166 351 1205 ut
389 1163 693 1205 communiter
731 1162 1044 1214 asserebatur,
1083 1160 1381 1203 conduxerat.
1433 1160 1525 1203 Sed
1562 1160 1661 1214 ipse
1701 1160 1742 1201 d.
1782 1160 1856 1202 Jo-

84 1234 266 1277 hannes
295 1246 417 1288 papa
446 1233 619 1275 XXIII.
651 1233 709 1275 ad
740 1233 995 1285 predictam
1026 1235 1205 1286 portam
1238 1232 1391 1285 pontis
1421 1232 1618 1273 veniens
1647 1231 1855 1284 nequivit

85 1305 261 1359 egredi,
285 1305 503 1358 quoniam
528 1317 613 1358 per
637 1304 912 1346 hostiarium
939 1303 1026 1346 sibi
1051 1303 1139 1345 fuit
1163 1302 1436 1344 interdictus
1459 1314 1694 1355 egressus,
1718 1314 1855 1354 prop-

85 1379 156 1418 ter
194 1376 317 1429 quod
353 1375 411 1418 ad
449 1375 588 1417 aliam
623 1378 804 1428 portam
843 1374 1036 1417 accessit
1073 1373 1275 1427 indeque
1314 1373 1443 1414 exire
1481 1372 1734 1426 temptavit,
1773 1371 1855 1414 sed

86 1446 174 1489 fuit
202 1447 246 1488 ei
276 1445 491 1489 similiter
521 1445 777 1499 denegatus
808 1457 1041 1498 egressus.
1085 1444 1256 1487 Ultimo
1286 1444 1344 1486 ad
1373 1444 1563 1486 terciam
1594 1446 1773 1496 portam
1806 1454 1855 1485 se

85 1517 290 1572 contulit,
327 1520 372 1559 et
407 1529 508 1559 cum
545 1516 760 1558 similiter
797 1516 1110 1569 denegaretur
1146 1528 1380 1568 egressus,
1416 1514 1474 1556 ad
1511 1513 1743 1567 quandam
1780 1513 1856 1554 do-

85 1588 349 1630 munculam
379 1591 511 1641 porte
543 1586 817 1641 contiguam,
847 1587 928 1629 ubi
958 1586 1141 1640 lapides
1171 1598 1257 1640 pro
1287 1585 1477 1628 fabricis
1510 1584 1855 1637 sculpebantur,

85 1658 348 1712 declinavit,
378 1661 576 1712 postque
607 1671 803 1711 parvum
835 1658 1058 1711 temporis
1092 1657 1299 1710 spacium
1331 1656 1550 1709 magister
1583 1652 1852 1707 Henricus¹*)

85 1729 128 1772 d.
163 1729 417 1783 Frederici,
452 1729 582 1772 ducis
614 1729 802 1772 Austrie
837 1727 1160 1781 cancellarius,
1195 1728 1304 1769 illuc
1340 1726 1646 1779 descendens,
1678 1728 1854 1768 tantum

85 1812 187 1842 cum
216 1800 453 1843 hostiariis
484 1800 603 1842 dicte
634 1799 776 1842 tercie
808 1802 941 1852 porte
974 1801 1194 1852 operatus
1226 1801 1309 1851 est,
1341 1797 1464 1851 quod
1496 1809 1602 1839 eum
1633 1796 1856 1850 permise—

86 1873 193 1913 runt
215 1871 362 1913 exire.
399 1870 574 1913 Exiens
598 1871 752 1924 itaque
776 1869 989 1924 prefatus
1014 1869 1055 1911 d.
1081 1869 1321 1912 Johannes
1345 1881 1467 1922 papa
1491 1867 1663 1909 XXIII.
1688 1867 1854 1909 dictam

85 1942 276 1984 terciam
298 1944 479 1995 portam
504 1942 642 1984 castri
667 1941 844 1994 Brysag
865 1944 911 1983 et
937 1940 1135 1983 sociatus
1158 1940 1375 1993 gentibus
1401 1939 1507 1981 dicti
1532 1939 1661 1980 ducis
1684 1950 1854 1991 equum

85 2012 344 2056 ascendens
373 2012 420 2054 in
448 2012 609 2055 habitu
638 2011 970 2054 transformato
1001 2011 1059 2053 ad
1088 2011 1278 2064 opidum
1307 2009 1604 2063 Novumburg
1633 2008 1853 2051 territorii

85 2083 213 2127 ducis
243 2083 431 2126 Austrie
462 2095 549 2137 per
578 2082 667 2125 tria
698 2082 898 2125 miliaria
930 2081 1214 2124 Theutonica
1245 2081 1302 2123 de
1335 2081 1512 2134 Brysag
1543 2080 1721 2122 distans
1751 2091 1855 2133 per-

84 2153 228 2207 venit;
265 2154 344 2196 ubi
380 2167 482 2196 cum
517 2157 656 2206 esset,
692 2154 845 2196 littere
883 2152 1200 2195 diffidacionis
1237 2165 1322 2205 pro
1358 2155 1490 2205 parte
1527 2150 1853 2193 comunitatum

85 2224 442 2279 Argentinensis
481 2228 527 2267 et
566 2224 752 2267 Basilee
793 2237 843 2266 ac
883 2223 1174 2277 quarundam
1215 2224 1414 2265 aliarum
1454 2209 1853 2264 circumstancium

86 2295 144 2338 ad
170 2295 340 2338 dictum
367 2295 555 2349 opidum
584 2295 723 2338 misse
753 2297 873 2347 sunt,
900 2297 1093 2348 propter
1121 2294 1244 2347 quod
1271 2293 1460 2346 opidani
1490 2292 1595 2334 dicti
1624 2291 1749 2345 opidi
1779 2291 1855 2333 ob-

87 2365 314 2409 sidionem
336 2366 567 2419 timentes,
589 2366 800 2408 commoti
824 2368 982 2408 contra
1003 2377 1172 2418 papam
1195 2367 1241 2407 et
1262 2364 1425 2406 ducem
1449 2363 1635 2405 Austrie
1659 2363 1780 2404 inter
1804 2374 1853 2403 se

86 2447 377 2479 murmurare
407 2439 452 2479 et
483 2437 764 2479 tumultuare
795 2438 1037 2489 ceperunt;
1071 2435 1149 2477 alii
1181 2434 1239 2477 ad
1271 2447 1399 2476 arma
1429 2433 1744 2487 prosilientes,
1775 2431 1852 2474 alii

86 2519 198 2549 vero
217 2507 337 2550 circa
358 2506 769 2561 congregacionem
792 2519 1016 2560 aquarum
1039 2506 1096 2548 de
1119 2505 1318 2558 quodam
1340 2506 1453 2557 rivo,
1476 2505 1553 2558 qui
1574 2516 1659 2558 per
1680 2507 1852 2545 terram

86 2576 267 2632 defluit,
293 2578 371 2632 qui
397 2578 465 2621 eis
490 2578 701 2620 subtrahi
728 2580 911 2631 poterat
934 2589 1020 2630 per
1045 2577 1316 2628 exercitum,
1345 2576 1381 2618 si
1411 2575 1630 2627 venisset,
1658 2573 1852 2616 sollicite

89 2648 398 2703 intendentes,
418 2661 477 2691 ne
499 2648 742 2691 obsidione
765 2648 1044 2690 adveniente
1066 2659 1187 2700 aqua
1204 2649 1432 2689 carerent.
1467 2646 1592 2699 Papa
1614 2648 1765 2687 autem
1788 2647 1853 2685 tu-

88 2718 277 2761 multum
299 2718 422 2761 hunc
443 2718 665 2772 sentiens,
686 2719 877 2761 territus
899 2718 945 2760 in
967 2717 1178 2771 predicto
1197 2716 1371 2769 habitu,
1388 2716 1495 2758 inde
1513 2715 1727 2757 discessit
1743 2713 1853 2756 soci-

87 2790 282 2842 atusque
304 2790 520 2843 gentibus
547 2789 652 2832 dicti
679 2789 808 2832 ducis
833 2789 893 2831 ad
918 2789 1094 2842 Brysag
1116 2789 1265 2830 noctis
1289 2791 1498 2840 ternpore
1525 2798 1743 2828 reversus
1769 2787 1851 2825 est.

90 2857 270 2902 Domini
294 2873 407 2902 vero
431 2860 694 2902 cardinales
717 2862 764 2902 et
787 2862 997 2902 oratores
1022 2859 1100 2901 alii
1125 2858 1295 2912 prefati
1322 2858 1396 2899 die
1422 2855 1707 2910 precedenti,
1732 2858 1853 2908 post-

90 2940 224 2981 quam
248 2943 462 2974 recessus
485 2943 606 2984 pape
628 2930 697 2972 eis
721 2930 999 2981 innotuerat,
1024 2929 1131 2971 inde
1157 2929 1470 2971 discesserant
1493 2930 1539 2969 et
1562 2926 1617 2969 ad
1643 2926 1853 2978 Fryburg

84 3003 409 3053 pervenerant,
417 2998 714 3044 intendentes
729 3011 894 3042 versus
904 2998 1227 3042 Constanciam
1243 2999 1369 3040 recto
1382 2997 1564 3039 tramite
1579 2994 1852 3047 profiscisci.

189 3106 219 3136 a)
239 3111 258 3131 a
276 3104 451 3138 gentibus.
468 3126 471 3129 .
488 3125 493 3130 .
509 3112 580 3131 cuin
602 3104 650 3131 eis
667 3105 693 3131 B
707 3105 960 3131 «lurchah'iclmn.
995 3104 1024 3135 b)
1043 3104 1068 3129 Β
1088 3104 1152 3128 ers!
1174 3101 1313 3133 lslricus,
1335 3102 1422 3127 zlumz
1445 3100 1617 3126 verberam-e
1635 3100 1665 3125 in
1685 3098 1852 3125 lli-nricus:
