2227 3434
541 164 580 198 B.
618 163 696 198 Der
717 163 818 199 liber
839 166 1031 207 gestorum
1057 164 1125 197 des
1150 162 1390 198 Cerretanus.
1764 164 1849 206 215

87 282 357 325 orthodoxe.
405 282 489 334 Qui
525 281 566 324 d.
603 284 762 324 noster
796 294 917 335 papa
952 280 1183 335 prefatam
1219 280 1431 323 cedulam
1466 283 1703 334 gratanter
1739 281 1850 323 acci-

86 353 222 406 piens
243 352 485 406 premissis
508 352 786 406 quibusdam
809 352 967 394 verbis
991 351 1220 394 sinceram
1243 351 1344 394 eius
1366 351 1690 404 intencionem,
1714 363 1851 404 quam

87 423 145 466 ad
182 423 568 466 reformacionem
606 423 809 465 habebat
846 423 1057 475 ecclesie,
1094 422 1306 464 cedulam
1344 422 1493 475 ipsam
1530 421 1577 463 in
1615 423 1851 475 publicum

88 494 285 548 ipsemet
315 495 428 548 legit
458 497 504 536 et
535 493 596 536 ita
628 493 852 546 promisit,
885 493 1052 535 iuravit
1085 496 1129 535 et
1160 494 1297 546 vovit,
1330 496 1378 534 ut
1410 493 1670 534 continetur
1703 492 1749 534 in
1782 505 1851 534 ea.

86 564 283 618 Propter
310 565 433 617 quod
460 565 501 606 d.
529 577 613 606 rex
640 564 951 606 Romanorum
979 567 1023 606 et
1051 564 1092 605 d.
1120 563 1383 617 patriarcha
1410 563 1607 617 predicti
1635 563 1734 605 vice
1762 575 1853 605 om-

86 635 213 677 nium
244 636 290 677 in
320 635 512 678 concilio
542 636 848 677 existencium
878 638 1032 688 grates
1064 634 1288 677 altissimo
1318 646 1494 687 sueque
1525 633 1753 676 sanctitati
1784 646 1854 676 re-

86 706 293 748 tulerunt
326 706 578 748 immensas
613 706 669 747 de
704 709 795 748 tam
829 706 951 748 bono
986 709 1031 747 et
1064 706 1247 747 sincero
1283 717 1365 747 sue
1400 706 1568 748 mentis
1601 704 1853 758 proposito,

87 789 171 831 pre
205 777 468 830 gaudioque
504 777 706 819 maximo
740 776 782 819 d.
817 776 1081 830 patriarcha
1117 779 1162 818 et
1197 776 1275 818 alii
1309 775 1481 817 ibidem
1518 778 1740 818 astantes:
1789 775 1852 817 Te

88 848 234 890 Deum
259 847 504 890 laudamus
529 851 716 890 cantare
742 851 967 900 ceperunt
992 847 1382 900 basilicarumque
1410 859 1633 900 campane
1660 846 1855 889 civitatis

88 918 225 962 huius
255 919 439 972 pulsate
470 921 588 961 sunt.

205 989 289 1032 Die
321 1001 433 1032 vero
463 989 644 1032 sabbati
678 988 881 1031 secunda
911 990 1086 1031 mensis
1122 988 1277 1031 Marcii
1311 989 1368 1030 ad
1400 988 1547 1031 maius
1579 989 1721 1030 robur
1751 1000 1855 1042 pre-

88 1060 311 1103 dictorum
334 1060 381 1102 in
402 1060 599 1103 ecclesia
623 1060 878 1102 cathedrali
905 1060 1256 1102 Constanciensi
1280 1059 1664 1102 convenientibus
1687 1059 1728 1101 d.
1752 1072 1855 1101 nos-

87 1134 158 1174 tro
184 1144 306 1185 papa
332 1131 547 1174 Johanne
574 1131 762 1184 XXIII.,
792 1131 833 1173 d.
863 1145 896 1173 s.
926 1131 975 1173 R.
1005 1143 1043 1172 e.
1073 1130 1389 1172 cardinalibus
1418 1134 1463 1172 et
1489 1131 1686 1183 prelatis
1714 1130 1856 1173 sacris

88 1202 294 1245 vestibus
342 1202 530 1255 indutis,
579 1202 620 1244 d.
669 1201 965 1255 Sigismundo
1012 1202 1322 1244 Romanorum
1370 1205 1415 1243 et
1462 1201 1697 1254 Hungarie
1746 1213 1855 1254 rege

90 1285 277 1327 semper
320 1276 515 1327 augusto
558 1273 616 1315 ad
659 1274 779 1316 latus
824 1273 1068 1314 dexterum
1113 1273 1323 1314 eiusdem
1369 1273 1409 1314 d.
1455 1272 1601 1314 nostri
1644 1285 1765 1325 pape
1808 1272 1855 1313 in

89 1357 172 1387 suo
236 1345 354 1387 solio
417 1344 702 1396 considente,
768 1344 995 1386 diaconali
1064 1347 1194 1386 veste
1257 1343 1423 1385 vestito
1488 1343 1857 1396 dyademateque

89 1418 305 1458 coronato
338 1415 466 1458 iuxta
498 1427 688 1467 morem,
722 1415 983 1468 ceterisque
1017 1414 1307 1468 principibus
1340 1418 1386 1456 et
1419 1414 1682 1456 oratoribus
1716 1413 1857 1456 domi-

89 1498 253 1529 norum
275 1486 323 1528 in
343 1487 428 1528 hoc
451 1499 583 1529 sacro
602 1486 798 1528 concilio
819 1486 1129 1528 existentibus
1153 1486 1295 1528 missa
1319 1485 1540 1527 solemnis
1564 1485 1609 1526 in
1631 1485 1856 1527 honorem

91 1557 234 1600 sancti
256 1557 446 1611 spiritus
469 1560 514 1599 et
535 1557 739 1599 secunda
763 1557 911 1599 sessio
934 1569 1080 1610 usque
1105 1556 1162 1598 ad
1183 1556 1303 1598 hanc
1324 1556 1447 1597 diem
1470 1558 1717 1609 prorogata
1740 1555 1858 1597 cele-

89 1627 220 1671 brate
247 1631 366 1670 sunt.
408 1627 650 1681 Finitaque
677 1628 818 1671 missa
844 1627 1081 1681 predictus
1109 1627 1150 1669 d.
1178 1630 1337 1669 noster
1364 1639 1485 1680 papa
1512 1626 1856 1679 infrascriptam

91 1699 301 1742 cedulam
327 1700 494 1741 iterum
520 1712 599 1741 ore
625 1699 816 1752 proprio
842 1699 953 1752 legit
979 1702 1023 1740 et
1050 1699 1111 1740 ita
1136 1697 1361 1751 promisit,
1388 1698 1556 1740 iuravit
1581 1700 1625 1739 et
1650 1696 1785 1749 vovit,
1810 1699 1857 1738 ut

91 1770 349 1812 continetur
382 1770 429 1812 in
464 1782 537 1822 ea;
573 1769 901 1822 mandavitque
936 1781 1075 1811 unam
1110 1770 1184 1810 vel
1219 1769 1381 1822 plures
1414 1768 1568 1810 bullas
1605 1767 1857 1821 superinde

91 1841 198 1884 fieri
229 1841 403 1884 cunctis
436 1841 725 1884 Christicolis
758 1840 1073 1882 destinandas.
1120 1840 1315 1892 Propter
1348 1839 1471 1892 quod
1503 1851 1665 1881 omnes
1697 1839 1742 1880 in
1776 1839 1860 1881 hoc

92 1924 224 1956 sacro
259 1912 452 1955 concilio
489 1913 748 1954 existentes
786 1912 1061 1953 immensum
1098 1910 1316 1964 gaudium
1355 1913 1662 1963 susceperunt
1701 1922 1860 1962 supra-

94 1982 332 2037 dictusque
357 1983 398 2025 d.
424 1982 688 2036 patriarcha
713 1983 810 2024 vice
837 1982 1039 2024 omniurn
1064 1985 1219 2035 grates
1244 1981 1469 2024 altissimo
1495 1993 1670 2033 sueque
1697 1980 1860 2023 sancti-

94 2053 173 2096 tati
210 2054 256 2096 in
290 2055 435 2096 multa
471 2056 714 2096 venustate
752 2053 1000 2095 verborum
1039 2052 1196 2094 retulit
1232 2052 1539 2104 dominusque
1578 2064 1662 2093 rex
1699 2051 1860 2093 Roma-

94 2136 257 2167 norum
287 2124 346 2167 ad
374 2124 521 2178 pedes
551 2124 761 2166 eiusdem
792 2124 834 2166 d.
864 2125 1009 2166 nostri
1040 2136 1159 2177 pape
1190 2125 1450 2176 prostratus
1480 2122 1754 2175 dyademate
1785 2121 1861 2163 de-

93 2196 243 2248 posito
269 2196 395 2250 ipsos
422 2195 656 2238 osculatus
683 2198 753 2237 est
778 2198 934 2248 grates
962 2194 1113 2236 eidem
1142 2194 1453 2246 amplissimas
1482 2192 1748 2235 referendo.

211 2267 306 2321 Ego
339 2267 578 2310 Johannes
614 2279 735 2320 papa
770 2266 929 2308 XXIII
966 2300 974 2308 .
1011 2300 1018 2308 .
1055 2300 1062 2307 .
1098 2266 1333 2318 presentis
1369 2264 1649 2318 scismatis.¹)

213 2337 297 2380 Die
323 2338 433 2380 lune
457 2341 621 2390 quarta
646 2337 820 2380 mensis
846 2336 1004 2379 Marcii
1029 2337 1086 2379 de
1112 2348 1247 2378 mane
1274 2334 1658 2377 convenientibus
1682 2334 1728 2376 in
1755 2334 1860 2376 aula

96 2409 305 2451 terrestri
337 2408 534 2451 fratrum
568 2408 797 2450 Minorum
829 2407 1026 2450 civitatis
1060 2407 1439 2449 Constanciensis
1472 2415 1617 2447 revmo
1651 2405 1692 2447 d.
1726 2404 1862 2458 Sigis-

98 2479 268 2522 mundo
307 2480 618 2522 Romanorum
662 2482 706 2521 et
748 2478 986 2532 Hungarie
1030 2491 1140 2531 rege
1184 2489 1370 2530 semper
1413 2479 1620 2530 august0‚
1663 2479 1761 2518 octo
1803 2488 1861 2516 ex

99 2549 254 2591 revmis
287 2550 329 2592 d.
364 2564 398 2593 s.
432 2550 482 2592 R.
518 2563 557 2592 e.
593 2549 908 2592 cardinalibus
942 2548 1202 2602 ceterisque
1238 2548 1431 2601 prelatis
1465 2547 1583 2589 circa
1618 2558 1861 2588 numerum

99 2619 409 2674 tricentorum,
444 2621 706 2663 oratoribus
741 2632 900 2673 regum
936 2623 981 2662 et
1016 2619 1276 2673 principum
1311 2622 1447 2671 atque
1484 2616 1862 2671 procuratoribus

101 2690 382 2743 prelatorum
419 2694 464 2733 et
501 2691 792 2734 dominorum
830 2692 877 2733 in
914 2703 1108 2732 numero
1145 2689 1345 2743 copioso,
1382 2692 1591 2731 oratores
1628 2688 1862 2730 solemnes

103 2760 225 2804 Petri
257 2761 314 2804 de
345 2762 475 2804 Luna
506 2762 743 2804 Benedicti
775 2762 903 2803 XIII.
937 2762 982 2803 in
1016 2773 1099 2803 sua
1130 2760 1369 2802 obediecia
1401 2758 1651 2812 nuncupati
1683 2770 1734 2800 ac
1764 2770 1863 2799 ora-

102 2833 225 2874 tores
255 2832 297 2875 d.
328 2833 452 2886 regis
483 2833 748 2886 Aragonum
780 2831 1103 2885 produxerunt
1135 2831 1175 2875 d.
1208 2831 1306 2884 regi
1338 2830 1647 2871 Romanorum
1681 2828 1864 2881 prefato

105 2902 367 2945 mandatum
399 2916 560 2946 eorum
593 2903 828 2956 publicum
861 2902 987 2944 Petri
1021 2902 1078 2944 de
1113 2901 1242 2944 Luna
1276 2914 1359 2943 sua
1391 2899 1520 2942 bulla
1553 2899 1778 2941 bullatum
1814 2910 1863 2939 ac

106 2972 367 3015 mandatum
397 2973 607 3015 eiusdem
638 2973 679 3015 d.
711 2973 833 3026 regis
862 2973 1127 3026 Aragonum
1158 2971 1428 3024 vulgaribus
1459 2969 1614 3012 verbis
1645 2969 1863 3021 scriptum

223 3067 251 3107 ¹)
277 3065 396 3100 Hurdt
420 3066 486 3107 11⁷,
509 3067 601 3109 45s‚·
628 3066 752 3101 Mansi
777 3065 844 3099 XX
859 3065 933 3106 Is'll,
959 3065 1044 3103 567,-
1071 3065 1167 3099 oben
1194 3067 1226 3099 S.
1251 3066 1306 3098 21.
