2227 3434
754 77 798 113 A.
837 76 1169 112 Reformtraktate.
1761 75 1846 118 593

5 210 16 237 ἰ
78 197 215 241 modo
243 197 605 240 introduccionis
633 196 798 238 harum
827 194 1174 237 vaccanciarum
1203 197 1249 236 et
1278 193 1337 236 de
1366 193 1514 245 modo,
1546 205 1637 246 quo
1665 192 1847 245 incepe-

78 272 187 311 runt
221 268 346 322 exigi
382 271 428 310 et
465 267 523 310 ad
559 267 670 320 quid
709 266 969 309 successive
1007 266 1256 307 deventum
1294 268 1377 317 est,
1416 263 1728 317 relinquendo
1763 275 1848 316 pro

0 339 12 395 'f-
77 339 286 393 presenti
318 338 444 391 loqui
476 338 534 380 de
567 337 671 380 aliis
704 337 941 390 symoniis,
973 336 1055 378 sed
1089 337 1236 378 solum
1270 335 1326 377 de
1359 335 1614 377 vaccanciis
1645 333 1759 375 istis.

284 443 293 452 .
339 409 431 451 Pro
463 421 555 461 quo
588 398 999 459 sciendum,'quod
1034 407 1075 449 d.
1110 407 1350 449 <lohannes
1383 405 1530 447 XXII.
1565 404 1674 446 fecit
1708 416 1847 445 unam

34 526 37 528 ,
78 479 471 532 constitucionem,
508 491 596 532 que
636 478 812 531 incipit:
865 477 1331 530 ‚Cum¹)xnonnulle‘,
1370 480 1415 518 et
1453 475 1672 529 supponit
1709 475 1848 516 aliam

78 551 210 605 prius
238 550 423 603 fecisse,
453 549 512 592 ad
542 561 679 602 quam
710 561 759 592 se
791 548 973 602 reffert,
1005 551 1049 589 et
1081 549 1127 589 in
1159 548 1245 590 ista
1275 547 1443 590 asserit
1474 546 1689 589 statuisse
1710 555 1771 588 'se
1801 545 1848 587 in

0 620 7 664 ζ
78 622 171 664 alia
196 620 467 675 precedenti
493 625 539 664 et
564 619 808 662 ordinasse
835 618 1012 661 fructus
1038 619 1176 671 primi
1203 618 1314 660 anni
1339 617 1678 659 beneficiorum
1706 617 1849 658 ecole-

78 692 368 735 siavsticorum
404 692 698 733 vaccanoium
735 690 794 733 ad
829 689 1082 732 triennium
1120 690 1166 730 in
1204 689 1439 742 aliquibus
1475 688 1602 730 orbis
1639 687 1849 741 partibus

0 796 6 808 „
77 776 165 817 pro
194 762 553 805 necessitatibus
584 761 789 804 Romane
823 761 1021 803 ecclesie
1054 772 1137 802 sue
1170 771 1352 802 camere
1385 771 1672 811 reservasse,
1706 757 1850 800 archi-

78 833 385 888 episcopales,
416 833 710 886 episcopales
742 835 787 874 et
820 831 1085 874 abbaciales
1119 830 1362 884 regulares
1395 830 1643 882 dignitates
1675 829 1732 871 ab
1766 829 1850 870 hoc

79 905 344 958 eximendo,
369 908 417 947 ut
442 905 490 946 in
514 903 724 957 predicta
747 902 1096 954 constitucione,
1121 913 1211 954 que
1236 901 1309 943 hic
1334 913 1419 954 per
1444 901 1613 942 multos
1638 900 1849 950 habetur,

78 976 266 1029 plenius
297 975 569 1019 continetur.
617 973 742 1017 Fecit
773 974 919 1015 eciam
952 973 1069 1015 alias
1102 972 1219 1014 duas
1248 971 1621 1023 constituciones,
1655 982 1850 1023 quarum

64 1059 171 1108 ¹una
199 1045 376 1100 incipit:
418 1045 524 1098 ‚Per
551 1044 858 1098 apostolice‘2)
890 1047 937 1085 et
964 1044 1056 1085 alia
1083 1043 1262 1096 incipit:
1295 1042 1581 1095 ,Exhibita‘⁵³)
1613 1041 1673 1083 ad
1702 1040 1850 1082 decla—

81 1117 315 1160 racionem
356 1116 502 1158 illius:
560 1115 689 1168 ,Cum
731 1114 953 1157 nonulle‘.
1014 1114 1098 1156 Illa
1143 1117 1296 1156 autem
1338 1112 1613 1166 precedens,
1658 1112 1714 1153 de
1760 1123 1850 1165 qua

78 1187 190 1230 fecit
224 1186 494 1229 memoriam
528 1186 627 1228 illa:
678 1185 807 1238 ,Cum
842 1185 1081 1227 nonnulle‘
1118 1197 1212 1226 non
1247 1183 1503 1237 habetur⁴),
1540 1183 1692 1225 saltim
1728 1181 1851 1235 quod

78 1259 314 1313 potuerim
327 1258 558 1310 invenire,
577 1269 664 1299 nec
685 1257 842 1309 alium,
864 1256 943 1310 qui
960 1256 1092 1298 *illam
1115 1255 1297 1297 viderat
1314 1266 1535 1307 unquam.
1569 1253 1648 1296 Set
1667 1253 1851 1295 videtur

78 1329 235 1372 multis
263 1328 505 1381 sufficere,
535 1329 658 1381 quia,
688 1340 791 1369 cum
820 1327 877 1369 de
905 1326 1098 1380 proprio
1128 1339 1212 1369 suo
1240 1325 1363 1368 facto
1392 1325 1456 1366 ibi
1487 1327 1700 1367 servatur
1730 1327 1775 1366 et
1805 1324 1852 1365 in

79 1399 162 1443 illo
186 1412 236 1444 se
261 1399 440 1454 fundet,
466 1399 579 1442 stari
603 1398 789 1441 videtur
815 1410 897 1440 sue
923 1397 1179 1440 assercioni
1205 1431 1213 1439 .
1250 1430 1258 1438 .
1294 1430 1302 1439 .

197 1471 253 1514 Et
290 1472 330 1514 si
368 1473 508 1524 patet,
549 1470 686 1523 quod,
726 1470 928 1522 qualiter
965 1469 1090 1510 ultra
1128 1467 1400 1521 prefinitum
1439 1470 1623 1519 tempus
1660 1464 1852 1507 triennii

80 1541 304 1596 deinceps
328 1546 374 1585 et
397 1553 548 1594 usque
573 1541 633 1583 ad
655 1541 742 1582 hec
764 1543 976 1593 tempora
1000 1542 1273 1593 protensum
1299 1539 1370 1591 sit,
1399 1538 1650 1591 ignoratur,
1676 1536 1767 1579 nisi
1793 1548 1852 1577 ex

79 1613 279 1668 quadam
300 1613 434 1666 quasi
453 1612 683 1654 violencia
699 1611 969 1665 recipientis
984 1613 1054 1653 et.
1072 1644 1081 1653 .
1099 1643 1107 1652 .
1124 1609 1462 1652 miserabilium
1479 1607 1852 1661 supradictuma),
1874 1606 1877 1607 ⁷

80 1684 251 1737 quibus
274 1696 369 1726 non
393 1683 483 1725 fuit
506 1682 705 1725 facultas
729 1681 998 1724 resistendi:
1040 1681 1108 1722 De
1133 1679 1412 1734 quibusdam
1438 1682 1592 1722 autem
1619 1678 1724 1721 aliis
1749 1690 1852 1719 con-

80 1754 405 1797 stitucionibus
446 1753 555 1796 dicti
597 1752 824 1795 Johannis
866 1751 1029 1805 XXII„
1070 1755 1120 1794 ut
1161 1751 1219 1792 de
1264 1751 1359 1803 illa,
1403 1762 1493 1803 que
1535 1749 1710 1802 incipit:
1769 1748 1853 1801 ,Ex

80 1824 265 1878 debito‘,
295 1837 382 1879 per
412 1837 549 1878 quam
581 1824 840 1866 reservavit
870 1822 1105 1865 beneficia
1136 1822 1355 1864 vacancia
1386 1822 1434 1862 in
1465 1820 1591 1863 curia
1624 1820 1682 1862 ad
1713 1819 1852 1861 vitam

26 1956 29 1957 ⁷
81 1908 226 1950 suam,
250 1896 375 1938 unde
400 1895 627 1938 habemus
653 1894 955 1937 extensiones
980 1893 1242 1946 aliquorum
1268 1905 1326 1934 ex
1351 1890 1780 1945 predecessoribus,
1805 1894 1853 1932 ut

80 1970 207 2020 patet
237 1967 294 2009 de
325 1966 576 2009 Benedicto
607 1965 698 2007 XII
728 1978 813 2018 per
845 1964 1225 2007 constitucionem
1258 1975 1403 2015 suam,
1435 1975 1524 2015 que
1555 1961 1734 2014 incipit:
1769 1959 1853 2014 ‚Ad

81 2037 319 2091 regimen‘,
349 2049 440 2090 que
471 2037 618 2079 eciam
650 2039 846 2078 extensa
877 2036 964 2078 fuit
995 2047 1081 2088 per
1113 2034 1374 2086 multos,‡et
1403 2032 1498 2074 vidi
1530 2033 1853 2074 extensionem

81 2108 209 2152 illius
235 2121 322 2162 per
348 2109 486 2150 istum
512 2108 773 2150 Johannem
799 2106 971 2150 XXIII.
999 2106 1046 2147 in
1074 2105 1208 2148 libris
1233 2104 1528 2157 cancellarie,
1556 2103 1640 2146 sed
1666 2114 1854 2155 semper

79 2179 169 2223 fuit
200 2179 260 2222 ad
291 2179 410 2222 vitas
441 2178 786 2232 presidencium
819 2181 865 2219 et
896 2189 990 2219 non
1020 2177 1157 2228 ultra,
1193 2175 1276 2219 sed
1309 2175 1366 2217 de
1398 2175 1675 2216 extencione
1710 2173 1851 2224 illius,

81 2262 170 2303 que
203 2250 409 2303 loquitur
440 2250 498 2292 de
530 2248 758 2291 fructibus
789 2248 928 2302 primi
963 2248 1087 2300 anni,
1122 2247 1179 2288 de
1214 2259 1305 2300 qua
1338 2246 1543 2298 loquitur
1574 2244 1657 2287 illa
1689 2242 1852 2286 consti-

80 2320 218 2363 tucio:
258 2320 390 2373 ,Cum
412 2320 669 2373 nonnulle‘,
695 2320 761 2362 nil
787 2319 1024 2372 reperitur
1049 2318 1137 2360 nisi
1166 2317 1266 2360 sola
1291 2316 1399 2358 facti
1425 2316 1626 2358 exaccio.
1667 2315 1735 2356 Ex
1761 2326 1852 2367 quo

81 2395 291 2446 apparet,
331 2391 456 2444 quod
495 2390 874 2433 constitucionem
913 2389 1220 2442 temporalem
1262 2387 1322 2430 ad
1359 2387 1613 2429 triennium
1655 2386 1852 2439 lapsum,

82 2462 171 2504 iam
215 2465 320 2504 sunt
366 2461 515 2504 IIIIXX
557 2462 665 2505 anni
707 2465 752 2504 et
795 2461 1010 2514 ampliuS,
1052 2459 1174 2502 facto
1216 2458 1430 2500 fecerunt
1470 2460 1764 2510 perpetuam;
1809 2458 1854 2497 et

82 2534 277 2578 localem
315 2533 362 2576 in
401 2533 540 2576 certis
578 2533 719 2575 terris
761 2531 1023 2585 impositam
1063 2530 1277 2572 fecerunt
1315 2527 1632 2571 universalem
1672 2527 1720 2568 in
1760 2529 1852 2570 toto

82 2605 214 2658 orbe;
243 2608 291 2648 et
315 2605 649 2658 particularem
678 2604 726 2645 in
756 2601 1080 2656 superioribus
1109 2599 1369 2651 beneficiis,
1399 2598 1572 2640 nedum
1602 2598 1650 2639 in
1679 2597 1853 2650 simpli-

187 2697 218 2730 a')
244 2697 316 2724 Text
336 2695 493 2723 verclerbt.

201 2746 234 2789 1)
261 2745 527 2788 Extravaqant.
553 2752 685 2778 comm.
710 2742 782 2784 ΙΙΙ,
806 2742 839 2784 2,
866 2742 918 2777 12.

201 2803 234 2846 ²)
267 2803 357 2838 Wo?

203 2862 235 2904 ⁸)
261 2861 527 2904 Eoelravayant.
552 2869 684 2895 comm.
718 2859 753 2901 V,
777 2859 809 2901 7,
832 2859 865 2893 4.

202 2920 235 2962 4)
269 2919 343 2954 Die
374 2919 501 2953 Bulle:
546 2918 586 2953 Si
615 2919 810 2962 gratanter
840 2915 1040 2951 advertitis
1071 2925 1157 2950 vom
1190 2916 1221 2949 8.
1254 2914 1341 2947 Dez.
1377 2913 1475 2948 1316.
1531 2911 1604 2955 Vyl.
1638 2911 1675 2945 E.
1711 2908 1852 2948 Go'ller,

18 2967 23 2972 ⁹
93 2976 262 3012 I'atikan.
287 2976 449 3018 Quellen
472 2975 503 3018 I,
528 2975 562 3010 S.
588 2975 663 3011 88*.

0 3400 43 3434 :i

153 3045 295 3079 Finke,
313 3045 396 3073 Acta
415 3043 550 3072 concilii
570 3042 848 3072 Constanciensis.
871 3042 910 3070 11.
1584 3028 1638 3069 38
