2102 3444
394 187 478 230 (342
834 180 899 214 lli.
928 177 1137 213 Absclmitt.
1177 174 1328 209 Reform
1359 173 1436 207 und
1466 171 1713 217 Verfassung.

392 305 428 346 7.
453 305 518 346 De
540 299 865 354 promovendis
884 297 941 338 acl
963 292 1185 336 ecclesias
1201 289 1495 333 cathedrales
1509 291 1556 332 et
1569 289 1838 334 abbaciales
1852 289 2102 346 maiores.¹]

511 384 632 425 Licet
665 381 819 422 divina
852 378 1037 430 eloquia
1072 378 1428 427 sanctorumque
1462 376 1645 426 patrum
1679 385 1881 415 canones
1914 373 1972 415 de
2004 373 2102 427 pre]

395 459 539 496 torum
581 451 871 504 superiorum
912 452 957 489 et
996 447 1272 488 inferiorum
1315 445 1605 497 aliorumque
1646 443 1791 487 sacris
1830 443 2102 487 ecclesiasti(

395 524 662 566 ministeriis
687 522 1007 573 deputatorum
1032 517 1253 569 moribus,
1274 515 1652 568 conversacione,
1676 515 1771 557 vita
1795 518 1933 568 atque
1957 516 2102 558 scien<

392 597 531 637 multa
569 592 773 635 salubria
811 590 1055 633 statuerint
1092 586 1399 640 observanda,
1438 586 1641 629 labentis
1677 589 1833 628 tamen
1868 586 2017 630 seculi
2051 599 2102 640 pr

390 666 506 706 cliva
536 663 763 715 fragilitas
791 674 816 703 a
844 659 987 702 sacris
1016 658 1190 711 regulis
1219 657 1472 711 plurimum
1502 656 1716 700 deviavit.
1758 656 2006 700 Cernimus
2031 656 2102 699 eni

390 736 610 788 quosdam
634 733 803 774 nedum
827 729 1159 772 insufficientis
1182 728 1265 771 sed
1288 728 1568 781 quandoque
1592 727 1729 770 valde
1753 728 1932 770 modice
1954 727 2102 771 scienc

391 807 460 847 vel
503 805 676 846 nullius
716 803 1007 856 episcopales
1047 799 1293 842 cathedras
1333 825 1388 829 —
1430 799 1574 852 proch
1616 798 1749 841 dolor
1789 825 1845 830 —
1886 798 2102 842 ascend-is

389 888 565 917 necnon
593 876 639 915 in
668 875 760 916 illis
787 876 831 915 et
857 871 1114 913 minoribus
1141 870 1442 923 dignitatibus
1469 868 1717 912 benefici-is
1741 873 1788 912 et
1812 869 1987 913 officiis
2011 870 2102 912 eccl

387 945 582 988 siasticis
616 943 983 986 exhortationem
1019 954 1130 984 sane
1167 941 1374 983 doctrine
1409 943 1454 982 et
1487 941 1767 994 populorum
1801 940 2102 984 edificacione

388 1016 556 1059 nostris
598 1014 884 1067 temporibus
926 1012 1291 1055 lamentabiliter
1334 1011 1567 1053 defecisse
1610 1011 1658 1053 in
1698 1013 1890 1065 tantum,
1929 1015 1979 1054 ut
2018 1024 2102 1066 pau

386 1087 521 1128 hodie
547 1085 855 1138 reperiantur,
879 1084 956 1137 qui
983 1083 1347 1125 ecclesiasticum
1372 1082 1682 1126 ministerium
1705 1082 1956 1136 perficiant
1978 1082 2025 1124 in
2049 1082 2102 1125 ef·

387 1158 509 1199 cacie
534 1157 663 1198 verbi
691 1155 789 1198 Dei.
830 1156 898 1197 Ex
924 1167 1015 1207 quo
1038 1154 1258 1195 nimirum
1285 1153 1439 1195 clerus
1467 1153 1784 1206 vilipenditur,
1809 1165 1985 1196 nervus
2010 1154 2102 1196 eccl

387 1227 565 1270 siastice
596 1226 838 1279 discipline
869 1225 1150 1277 dissolvitur,
1179 1225 1399 1266 virtutum
1428 1225 1590 1277 regula
1619 1223 1904 1278 infringitur,
1931 1223 2102 1267 vicioru

387 1297 613 1339 correccio
655 1297 905 1350 negligitur
947 1300 991 1338 et
1034 1296 1280 1337 innumera
1323 1298 1536 1337 crescunt
1578 1295 1789 1348 pericula
1832 1295 2102 1338 animarum.

386 1369 607 1410 Volentes
650 1368 803 1420 itaque
843 1366 1112 1409 detestabili
1152 1366 1258 1408 huic
1298 1366 1462 1409 morbo
1501 1366 1719 1420 possibili
1761 1378 2007 1408 occurrere
2048 1378 2102 1408 cu

386 1438 567 1480 medela
588 1439 708 1480 ultra
731 1437 913 1490 priores
932 1437 1204 1479 sancciones
1226 1437 1514 1490 specialibus
1539 1436 1755 1479 duximus
1778 1436 2002 1480 remediis
2023 1437 2102 1479 iux

385 1509 651 1562 dignitatern
694 1508 1031 1550 beneficiorum
1074 1509 1157 1562 ete)
1205 1507 1469 1550 officiorum
1511 1508 1686 1562 gradus
1727 1520 1954 1562 expresse
1997 1520 2102 1562 prm

382 1581 582 1622 (lendum
616 1580 701 1622 hoc
736 1579 935 1622 sinodali
971 1581 1141 1622 statuto
1173 1582 1402 1632 perpetuo
1439 1578 1762 1633 decernentes,
1798 1579 1923 1633 quod
1954 1591 2102 1633 presuf

382 1650 528 1702 posita
553 1663 730 1691 morum
757 1653 800 1692 et
824 1650 918 1692 vita
942 1650 1185 1692 honestate
1211 1650 1372 1693 nullus
1398 1649 1622 1703 deinceps
1647 1650 1706 1692 ad
1731 1650 2047 1704 episcopalem
2073 1662 2102 1691 v

382 1733 521 1773 supra
550 1725 626 1762 aut
653 1720 954 1774 abbacialem,
982 1733 1071 1773 que
1099 1725 1236 1774 caput
1263 1720 1458 1763 alicuius
1486 1721 1666 1763 ordinis
1693 1720 1850 1774 fuerit,
1878 1720 2100 1774 dignitate

381 1795 640 1833 assumatur
668 1804 751 1834 seu
776 1794 1104 1845 promoveatur
1129 1791 1221 1834 nisi
1248 1792 1295 1833 in
1322 1792 1556 1845 theologia
1583 1805 1668 1834 seu
1694 1792 1796 1834 iure
1824 1791 2046 1834 canonico
2071 1803 2102 1834 a

381 1862 502 1903 civili
529 1862 684 1904 doctor
708 1862 781 1904 vel
808 1862 1075 1904 licenciatus
1103 1863 1247 1904 debiti
1270 1862 1504 1906 examinis
1528 1875 1631 1904 cum
1657 1862 1811 1916 rigore
1835 1860 1953 1918 veld)
1980 1863 2100 1905 salte

382 1932 425 1972 in
455 1932 653 1975 sciencia
681 1933 1019 1985 aequipollens
1059 1932 1272 1976 Addicio:

496 2003 568 2044 Ad
598 2003 797 2045 maiores
830 2007 982 2046 autem
1013 2008 1118 2057 post
1147 2004 1467 2057 pontificalem
1497 2004 1676 2047 aliasve
1710 2007 1894 2047 curatas
1924 2004 1972 2046 in
2004 2004 2102 2046 eccl·

381 2074 460 2115 siis
490 2074 834 2117 cathedralibus
863 2075 1109 2128 dignitates
1140 2076 1228 2117 soli
1259 2076 1306 2117 in
1337 2075 1470 2119 dictis
1499 2075 1798 2119 facultatibus
1828 2075 2040 2118 doctores
2070 2087 2102 2117 a

382 2144 618 2187 licenciati.
656 2145 728 2186 Ad
753 2146 870 2188 alias
895 2158 1007 2188 vero
1032 2146 1079 2187 in
1105 2146 1454 2189 cathedralibus
1480 2150 1525 2189 et
1549 2146 1837 2200 principales
1862 2146 1911 2188 in
1936 2146 2102 2188 ecclesi

381 2215 633 2268 collegiatis
658 2216 904 2269 dignitates
929 2216 1139 2259 eiusdem
1161 2217 1334 2270 gradus
1358 2218 1433 2259 vel
1458 2218 1623 2260 saltem
1647 2217 1896 2260 bacealarii
1921 2217 2100 2259 dictaru

381 2285 645 2327 facultatum
685 2290 760 2328 aut
798 2286 843 2327 in
884 2287 1114 2330 medicina
1153 2288 1227 2330 vel
1267 2288 1500 2331 notabiles
1538 2289 1586 2330 in
1625 2288 1803 2332 artibus
1841 2287 2051 2342 magistri
2087 2299 2102 2329 ε

380 2357 533 2396 cetero
560 2355 870 2399 admittantur.
910 2357 999 2399 Ubi
1026 2371 1138 2400 vero
1166 2358 1466 2412 dignitatibus
1492 2358 1717 2412 predictis
1743 2371 1853 2401 cura
1879 2371 1973 2401 non
2000 2358 2102 2400 imm

381 2429 457 2466 nct
485 2426 740 2467 animarum
769 2428 855 2469 viri
884 2428 1120 2470 morierati
1147 2429 1397 2481 presertim
1425 2429 1610 2472 nobiles
1637 2430 1825 2472 valeant
1852 2429 2031 2472 admitti
2058 2441 2102 2471 sa

382 2498 469 2536 tem
499 2496 651 2538 taliter
680 2497 864 2551 literati,
894 2499 1017 2551 quod
1045 2500 1189 2542 verba
1217 2499 1380 2542 Latina
1408 2499 1674 2554 intelligere
1703 2503 1749 2542 et
1777 2512 1981 2553 congrue
2008 2512 2102 2542 nov¹

381 2565 468 2607 rint
503 2567 750 2618 explicare.
798 2569 1021 2612 Preterea
1055 2570 1101 2611 in
1133 2571 1343 2623 qualibet
1375 2572 1575 2613 ecclesia
1608 2570 1865 2614 cathedrali
1900 2570 1958 2614 ad
1991 2571 2102 2613 mini

383 2639 509 2677 sexta
552 2649 660 2688 pars
700 2638 1061 2693 prebendarum,
1103 2641 1141 2683 si
1183 2641 1313 2693 prius
1354 2642 1402 2683 in
1443 2641 1608 2684 eadem
1649 2641 1770 2685 tales
1807 2653 2012 2695 *persone
2051 2653 2102 2683 nc

382 2706 567 2759 tuerint,
608 2707 870 2752 doctoribus
909 2714 984 2752 aut
1023 2711 1277 2754 licenciatis
1317 2713 1364 2753 in
1401 2712 1635 2766 theologia
1674 2715 1752 2755 aut
1789 2713 1939 2755 altero
1975 2711 2097 2754 iuriu

382 2776 651 2828 assignetur.
702 2779 863 2822 Omnia
898 2783 1051 2822 tamen
1087 2782 1296 2834 predicta
1331 2783 1651 2836 intelligantur
1687 2783 1728 2825 si
1761 2782 1887 2825 infra
1921 2794 2102 2825 mense1

482 2889 509 2904 w
533 2882 604 2907 ΗΛ.
625 2882 649 2905 Ι)
672 2882 793 2914 dusiis:
815 2884 906 2915 Quod
930 2884 1039 2910 nullus
1061 2884 1204 2918 eligatur
1226 2885 1257 2912 in
1275 2885 1466 2920 episcopum
1483 2886 1535 2913 vel
1556 2886 1721 2920 abbatem,
1740 2886 1804 2914 nisi
1819 2886 1865 2914 sit
1879 2886 1998 2914 doctor
2011 2892 2035 2913 s.
2050 2884 2102 2914 the

379 2925 462 2951 louiv
487 2926 535 2951 v·-l
561 2927 639 2952 iuris
668 2929 814 2955 canonici
845 2931 893 2956 vvl
923 2931 1041 2957 civilis.
1136 2932 1166 2959 b)
1193 2932 1232 2958 ll'
1251 2941 1301 2959 am
1327 2934 1439 2960 Ii‘amle
1475 2933 1569 2967 Nota,
1593 2933 1680 2968 quod
1701 2933 1806 2968 aliqui
1837 2933 1961 2961 domini
1989 2932 2102 2968 postill

378 2972 581 3006 subscriptas
608 2975 758 3003 xolebant
781 2977 909 3005 adm-ru.
934 2979 989 3004 sed
1013 2978 1116 3004 maior
1137 2986 1213 3013 pars
1235 2980 1406 3007 residebat
1426 2981 1457 3007 in
1480 2982 1583 3008 textu.
1666 2982 1694 3014 e)
1719 2981 1761 3008 W
1777 2988 1826 3009 ac.
1882 2980 1914 3015 d)
1934 2980 1988 3008 vel
2008 3000 2016 3008 .
2037 3001 2042 3006 .
2088 2987 2102 3008 8

377 3019 461 3044 ⁴ll1·l=»
482 3021 559 3052 s'rlaelf
585 3023 618 3046 ll.

500 3071 529 3110 1)
557 3070 643 3104 Coa.
670 3073 691 3104 ,δ’
715 3072 776 3105 δῖϊ
803 3073 890 3107 ΙιὊΠ.
915 3075 982 3109 mit
1010 3075 1050 3110 W
1071 3075 1097 3119 f.
1121 3077 1143 3110 2
1166 3086 1201 3110 u.
1225 3076 1270 3111 D.
