2227 3434
510 167 551 201 A.
593 166 791 203 Fillastres
819 168 934 203 Gesta
962 169 1113 204 concilii
1140 169 1454 205 Constantiensis.
1810 175 1866 217 63

96 285 289 329 nuncios
321 285 503 328 concilii
537 299 639 328 cum
671 288 854 330 nunciis
887 300 1045 342 regem
1080 289 1299 342 Castelle,
1332 291 1613 344 Aragonum,
1646 292 1864 345 Navarre,

95 356 273 399 comitis
302 357 432 410 Fuxi,
461 357 518 399 de
547 358 717 410 quibus
744 362 789 400 et
817 359 1208 403 convencionibus
1236 361 1458 414 predictis
1488 375 1630 415 supra
1657 363 1712 405 fit
1741 377 1865 405 men-

95 428 179 481 cio,
210 428 482 471 obediencia
516 429 562 470 P.
594 429 652 470 de
684 429 813 472 Luna
845 430 1047 472 debebat
1079 431 1352 474 Constancie
1386 434 1636 476 convenire
1667 438 1712 476 et
1742 435 1863 476 uniri

97 500 143 541 in
176 499 370 542 concilio
402 500 614 553 generali
650 500 1010 554 Constantiensi,
1045 502 1262 545 videlicet
1294 503 1432 545 trium
1466 505 1695 546 mensium
1730 518 1755 547 a
1790 506 1864 547 die

97 572 469 624 presentacionis
513 572 773 613 litterarum
819 574 1182 626 convocacionis,
1226 586 1315 626 que
1361 574 1551 617 suerunt
1595 579 1862 628 presentate

96 644 259 694 quarta
286 641 478 695 Aprilis.

211 724 340 767 Sedit
366 725 609 768 concilium
636 727 737 768 sine
765 727 1056 771 solennitate.
1097 727 1245 770 Nullis
1270 741 1354 781 pro
1381 732 1513 782 parte
1540 742 1714 782 regum,
1741 730 1865 783 prin-

95 795 260 849 cipum,
300 797 677 839 communitatum
719 801 763 839 et
803 798 948 839 tocius
990 798 1116 840 illius
1157 799 1430 840 obediencie
1472 799 1595 841 Petri
1637 801 1693 842 de
1735 801 1863 843 Luna

94 867 470 919 comparentibus
502 870 659 920 preter
689 869 960 921 generalem
991 869 1170 910 ordinis
1203 870 1335 911 beate
1371 870 1512 912 Marie
1545 871 1602 912 de
1638 871 1864 923 Mercede,

93 938 313 979 nuncium
338 938 463 991 regis
486 939 752 992 Aragonum
777 940 922 993 prius,
947 943 996 982 ut
1019 953 1161 993 supra
1186 941 1415 993 scribitur,
1442 942 1646 984 missum.
1684 943 1738 984 Et
1762 956 1864 995 pro-

93 1010 247 1062 posuit
275 1009 317 1051 d.
346 1009 610 1053 cardinales
640 1010 939 1052 Florentinus
968 1011 1133 1054 laudes
1162 1011 1342 1064 aliquas
1372 1013 1495 1066 regis
1523 1014 1789 1066 Aragonum
1818 1014 1863 1055 in

92 1080 284 1134 negocio
320 1081 505 1123 unionis
543 1081 601 1123 ad
637 1082 1018 1134 persuadendum
1058 1095 1187 1124 suam
1226 1084 1579 1125 excusacionem
1617 1088 1661 1126 et
1698 1084 1863 1127 laudes

92 1153 289 1194 concilii.
326 1152 506 1194 Deinde
529 1153 615 1194 suit
638 1154 805 1194 lectum
830 1153 1187 1195 instrumentum
1210 1155 1580 1207 presentacionis
1604 1155 1862 1198 litterarum

93 1224 442 1266 convocacionis
487 1225 533 1265 in
576 1224 881 1266 Barchinona.
939 1225 1106 1267 Postea
1149 1227 1390 1278 proposuit
1435 1225 1582 1268 dictus
1625 1228 1862 1279 generalis

92 1295 289 1338 nuncius
315 1295 438 1348 regis
464 1295 730 1348 Aragonum
758 1296 1051 1348 persuadens
1079 1296 1242 1338 laudes
1271 1297 1468 1339 maxime
1496 1297 1732 1350 paciencie
1760 1311 1863 1339 con-

91 1366 183 1408 cilii
217 1366 550 1409 excusaciones
584 1367 709 1420 regis
742 1366 1009 1420 Aragonum
1043 1371 1210 1420 petens
1246 1368 1493 1409 terminum
1525 1370 1768 1421 prorogari
1804 1368 1861 1411 ad

94 1449 315 1480 mensem.
354 1437 439 1480 Cui
464 1438 553 1480 fuit
578 1450 856 1491 responsum
883 1439 929 1479 in
956 1438 1140 1491 scriptis
1168 1439 1213 1479 in
1240 1438 1389 1480 forma
1415 1438 1646 1491 sequenti:

151 1549 154 1553 ⁴
209 1520 299 1563 Pro
321 1523 459 1573 ‘parte
487 1520 626 1563 huius
655 1555 662 1562 .
700 1554 707 1561 .
744 1558 750 1563 .
788 1555 795 1562 .
827 1520 1187 1574 instrumenta.¹)

207 1603 304 1655 Que
337 1604 581 1656 responsio
612 1604 732 1646 sacta
764 1603 851 1645 fuit
881 1617 966 1656 per
1000 1604 1238 1656 quosdam,
1271 1603 1348 1656 qui
1380 1603 1503 1645 vices
1537 1604 1861 1656 deputatorum

91 1677 256 1728 gerunt
284 1687 369 1716 nec
400 1675 446 1716 in
477 1675 672 1716 concilio
701 1687 854 1726 neque
883 1675 929 1716 in
958 1675 1231 1717 nacionibus
1260 1687 1413 1727 neque
1444 1675 1568 1728 apud
1597 1674 1861 1716 cardinales

90 1745 189 1788 visa
219 1747 294 1788 vel
325 1746 482 1788 audita
512 1746 681 1799 fuerat,
713 1746 857 1788 donec
890 1746 976 1788 fuit
1007 1747 1053 1787 in
1086 1746 1206 1788 dicta
1239 1747 1449 1788 sessione
1481 1747 1785 1799 pronunciata
1817 1748 1862 1787 et

90 1829 149 1858 ex
175 1820 307 1870 parte
334 1817 580 1859 nacionum
608 1816 695 1859 fuit
720 1817 907 1859 dictum:
950 1817 1118 1859 Placet.

209 1899 293 1942 Die
322 1899 482 1942 martis
510 1900 664 1941 XIIII.
694 1900 806 1942 Julii
836 1900 962 1941 venit
990 1912 1109 1942 unus
1137 1899 1334 1942 nuncius
1362 1900 1487 1953 regis
1515 1903 1560 1941 et
1589 1899 1748 1952 regine
1780 1899 1861 1941 Ca-

91 1970 225 2012 stelle
249 1974 293 2012 et
316 1971 467 2013 attulit
492 1971 670 2012 litteras
694 1970 949 2012 eorundem
975 1970 1033 2012 ad
1057 1971 1469 2023 congregacionem
1498 1970 1591 2011 IIII
1614 1970 1858 2011 nacionum

91 2041 136 2082 in
171 2040 459 2083 Constancia.
506 2041 577 2083 Sic
612 2042 737 2083 enim
772 2041 1064 2083 intitulantur
1099 2041 1266 2093 littere,
1302 2054 1392 2094 que
1428 2041 1503 2082 die
1537 2042 1754 2082 mercurii
1791 2053 1858 2083 se-

91 2113 247 2165 quenti
276 2113 392 2154 lecte
420 2112 611 2154 fuerunt
639 2112 761 2165 apud
790 2112 1049 2165 deputatos,
1077 2116 1122 2154 et
1148 2113 1460 2164 continebant,
1490 2112 1612 2165 quod
1640 2111 1745 2153 dicti
1775 2124 1858 2152 rex

89 2185 133 2224 et
160 2183 321 2236 regina
350 2186 626 2236 receperant
654 2183 834 2226 litteras
863 2183 980 2225 dicte
1009 2183 1387 2236 congregacionis
1415 2182 1755 2225 exhortatorias
1784 2195 1858 2223 ve-

90 2253 248 2295 niendi
273 2255 347 2295 vel
371 2253 582 2295 mittendi
608 2254 930 2296 Constanciam
954 2267 1039 2307 pro
1062 2254 1234 2295 unione
1258 2254 1470 2295 ecclesie.
1508 2253 1590 2295 Cui
1616 2253 1683 2294 rei
1709 2252 1857 2295 adhuc

89 2336 252 2366 vacare
279 2337 371 2367 non
399 2328 646 2378 potuerant
673 2325 885 2367 obstante
912 2328 1058 2367 morte
1086 2325 1210 2378 regis
1237 2325 1519 2378 Aragonum,
1546 2324 1706 2366 fratris
1734 2324 1856 2377 regis

91 2394 306 2449 Castelle,
331 2396 408 2449 qui
434 2408 627 2448 regnum
652 2395 855 2438 Castelle
880 2399 925 2438 et
949 2408 1105 2449 regem
1130 2395 1434 2449 gubernabat.
1472 2395 1549 2437 Set
1575 2396 1620 2436 in
1644 2395 1856 2448 proximo

88 2468 295 2520 tempore
330 2468 509 2509 mittent
541 2467 598 2509 ad
634 2466 958 2509 Constanciam
992 2480 1100 2509 suos
1134 2466 1327 2508 nuncios
1362 2467 1583 2508 solennes
1616 2478 1758 2518 super
1792 2467 1856 2506 in-

87 2537 297 2580 tencione
330 2538 537 2591 ipsorum
570 2537 693 2591 regis
727 2540 771 2580 et
804 2539 965 2591 regine
998 2539 1138 2590 plene
1172 2537 1433 2579 instructos.
1481 2537 1668 2579 Prefate
1702 2539 1854 2578 autem

88 2608 240 2651 littere
271 2610 386 2651 lecte
418 2609 566 2651 solum
597 2608 788 2651 fuerunt
817 2621 901 2662 per
932 2608 1176 2661 deputatos
1207 2611 1251 2650 et
1280 2621 1372 2650 non
1404 2609 1449 2649 in
1479 2597 1672 2649 concilio
1701 2619 1854 2659 neque

85 2678 133 2720 in
163 2678 436 2721 nacionibus
468 2683 512 2721 et
543 2680 740 2732 collegio
771 2679 1094 2731 cardinalium,
1126 2691 1404 2732 quamquam
1439 2679 1484 2719 in
1518 2679 1751 2731 deputatis
1784 2677 1852 2718 fu-

87 2753 222 2791 erunt
261 2750 404 2803 aliqui
446 2750 724 2792 cardinales.
779 2750 983 2791 Fuerunt
1025 2749 1157 2792 dictis
1200 2750 1297 2802 regi
1338 2753 1382 2791 et
1425 2749 1584 2802 regine
1626 2748 1851 2800 rescripte

87 2820 386 2873 rseponsales
422 2820 524 2874 (fol.
562 2820 645 2863 164
661 2820 716 2875 C)
755 2821 907 2862 littere
944 2820 1130 2862 nomine
1165 2820 1345 2862 concilii
1381 2823 1425 2861 et
1461 2820 1547 2862 sub
1582 2820 1724 2870 bulla,
1760 2830 1850 2859 non

85 2892 239 2933 tamen
263 2892 482 2945 expedite
509 2904 593 2945 per
619 2892 877 2933 concilium.

204 3032 234 3072 ¹)
260 3031 379 3066 Hardl
406 3031 471 3073 IV,
495 3032 581 3073 817;
611 3032 734 3066 Mans&
760 3031 1020 3073 XX1'11,911.
