2102 3444
296 168 380 208 730
735 162 798 195 111.
830 159 1039 194 Absclinilt.
1082 158 1236 193 Reform
1268 159 1346 192 und
1379 158 1626 203 Verfassung.

297 285 371 335 (μιί
414 284 468 323 (lc
510 280 762 323 maioribus
801 279 953 320 causis
993 280 1320 330 cognoverunt,
1360 279 1408 318 ut
1448 277 1809 330 episcopalibus,
1849 277 2062 331 deposuit
2095 277 2098 280 ⁴

297 355 553 394 ‚iohannem
582 355 685 392 tunc
710 361 892 402 papam,
918 348 1162 401 congnovit
1189 347 1245 389 de
1273 347 1471 389 diversis
1496 347 1717 389 heresum
1743 347 1908 401 causis,
1935 360 2062 391 reve-

299 423 622 464 rendissimum
668 419 902 461 (himinum
947 419 1176 471 Angelum
1222 418 1333 460 fecit
1374 417 1662 460 cardinalem
1707 419 1974 471 episcop-um
2019 423 2062 463 et

300 496 494 545 legatum
519 493 575 533 de
600 493 760 533 latere:
798 493 959 543 postea
982 501 1169 531 versum
1193 489 1251 531 sit
1273 488 1319 530 in
1343 488 1548 542 dubium,
1570 501 1628 531 an
1651 489 1894 532 concilium
1916 491 2063 543 possit

298 562 657 605 iurisdictismem
692 574 820 603 suam
852 560 897 601 in
930 559 1372 602 confirmacionibus
1402 571 1641 612 exemere,
1675 559 1888 602 dubitare
1916 561 2062 604 eciam

298 634 422 675 multi
447 633 801 685 compelluntur.
825 644 883 673 an
907 630 1160 673 sentenciis
1183 630 1386 672 iudicum
1409 630 1605 682 concilii,
1629 631 1795 684 legato,
1815 631 2062 674 heresibus

296 705 570 756 dampnatis,
603 702 887 755 deposicioni
921 702 1027 743 dicti
1060 701 1288 744 Johannis
1320 702 1377 744 sit
1408 700 1699 754 parendum?
1746 701 1864 753 Quid
1896 701 2062 755 plu-ra?

298 776 460 817 Petrus
484 775 539 815 (le
566 774 708 826 Luna,
733 773 810 826 qui
835 773 891 814 de
917 773 1009 814 levi
1034 772 1177 814 vellet
1201 771 1489 814 occasionem
1515 772 1760 826 sumere⁸)‚
1786 772 1918 826 dicet,
1942 773 2064 826 quod

295 846 495 886 libenter
526 845 758 897 cessisset,
792 845 828 885 si
863 857 946 886 suo
978 843 1115 886 statui
1147 842 1391 885 concilium
1423 843 1674 896 providere
1704 842 1949 896 potuisset:
1994 847 2064 887 set

294 916 535 957 concilium
574 915 753 958 dubitat
790 918 834 956 et
873 914 1100 956 dubitavit
1135 913 1308 955 nedum
1345 913 1596 967 providere
1637 914 1694 956 de
1732 913 1957 967 ecclesiis,
1995 917 2064 958 set

295 988 437 1028 eciam
464 988 635 1028 electos
661 985 879 1028 canonice
904 984 1204 1037 confirmare3
1230 988 1279 1027 ut
1303 997 1415 1038 ergo
1434 984 1667 1027 solidetur
1691 985 1939 1028 auctoritas
1961 997 2064 1028 con-

293 1058 382 1098 cilii
416 1057 553 1099 huius
587 1058 704 1099 sacri
737 1060 780 1098 et
812 1056 1002 1110 oppinio
1033 1056 1166 1098 cedat
1195 1056 1393 1109 veritati,
1425 1056 1539 1099 utile
1569 1058 1615 1098 et
1644 1056 1964 1099 necessarium
1994 1059 2064 1100 est

293 1141 376 1181 per
404 1128 649 1180 practicam
680 1127 997 1169 auctoritatem
1027 1140 1156 1169 suam
1182 1127 1468 1180 patefacere.

410 1199 585 1251 Tercio,
617 1203 808 1251 propter
841 1199 931 1240 ivam
964 1198 1227 1240 conclusam
1260 1201 1304 1240 et
1335 1196 1691 1240 determinatam
1722 1197 1989 1251 opinionem
2019 1201 2062 1242 et

293 1270 686 1311 deliberationem
713 1273 909 1322 quatuor
934 1269 1197 1311 inclitarum
1222 1268 1482 1322 nacionum,
1509 1281 1598 1322 que
1622 1268 1806 1322 precise
1831 1269 2062 1312 concluse-

293 1344 412 1392 runt,
437 1341 555 1382 hanc
580 1341 854 1383 electionem
878 1353 966 1393 per
989 1341 1075 1382 hoc
1101 1353 1283 1382 sacrum
1308 1340 1553 1382 concilium
1576 1340 1756 1382 debere
1780 1339 2062 1394 confirmari,

293 1412 330 1453 si
363 1414 406 1454 et
438 1414 658 1464 quantum
690 1411 910 1454 canonica
941 1412 1232 1464 reperiretur
1259 1414 1309 1453 et
1339 1424 1426 1464 pro
1456 1410 1672 1453 examine
1703 1410 1916 1453 eiusdem
1946 1411 2062 1454 elec-

290 1483 429 1524 tionis
458 1496 565 1525 suos
594 1483 880 1535 sollempnes
909 1482 1140 1524 dederunt
1168 1482 1428 1536 deputatos,
1457 1482 1534 1535 qui
1563 1495 1664 1524 cum
1691 1481 1828 1524 valde
1856 1483 1995 1536 longo
2019 1484 2062 1525 et

291 1554 499 1606 rigoroso
533 1554 749 1596 examine
784 1554 912 1596 illam
947 1553 1210 1596 iudicarunt
1244 1553 1510 1595 canonicam
1541 1556 1591 1595 et
1623 1552 2004 1596 confirmandam.

409 1625 592 1679 Quarto,
629 1625 847 1678 quoniam
883 1625 1039 1667 audita
1075 1624 1310 1667 relacione
1347 1624 1572 1667 dictorum
1606 1624 1933 1677 ¹deputatorum
1967 1627 2060 1668 tres

290 1696 510 1738 naciones
540 1697 868 1738 concluserunt
894 1697 1025 1738 ‘illam
1053 1695 1331 1738 electionem
1357 1708 1469 1738 esse
1497 1695 1765 1738 canonicam
1795 1698 1842 1738 et
1867 1708 1954 1750 per
1979 1695 2062 1738 hoc

291 1767 533 1808 concilium
564 1767 952 1819 confirmandam;
985 1768 1405 1820 concluseruntqu‘e
1432 1766 1482 1808 *in
1510 1767 1663 1809 forma
1691 1766 1866 1809 decreti
1895 1767 1943 1809 in
1971 1779 2062 1810 ses-

291 1838 423 1880 sione
449 1838 650 1891 legendi,
676 1838 737 1880 itia
763 1838 886 1891 quod
911 1838 1064 1891 quoad
1090 1842 1185 1880 tres
1209 1839 1431 1882 naciones
1453 1838 1579 1880 cirea
1602 1841 1871 1891 presentem
1897 1837 2061 1880 confir-

291 1910 546 1951 macionem
579 1909 721 1951 nichil
757 1913 902 1952 restat
935 1909 1181 1963 agendum,
1217 1909 1308 1951 nisi
1343 1910 1390 1951 in
1425 1909 1636 1952 sessione
1672 1908 1859 1963 publica
1892 1908 2059 1951 dictum

291 1980 526 2022 decretum
558 1981 731 2033 legere.

407 2051 586 2103 Quint0,
623 2055 814 2105 propter
849 2052 1035 2094 felicem
1072 2052 1428 2105 expedicionem
1463 2051 1661 2093 ulterius
1697 2050 1980 2105 agendorum
2013 2049 2059 2092 in

290 2122 374 2163 hoc
399 2123 607 2174 concilio,
632 2123 850 2175 quoniam
874 2123 911 2165 si
937 2127 1101 2176 quarta
1122 2136 1233 2176 pars
1259 2122 1440 2165 concilii
1464 2122 1608 2165 vellet
1629 2122 1818 2164 omnino
1841 2120 2058 2164 resistere

290 2192 460 2235 talibus
494 2194 704 2245 partibus
736 2197 780 2235 et
811 2194 951 2235 nichil
984 2198 1142 2247 posset
1173 2194 1281 2235 fieri
1315 2206 1407 2235 non
1440 2193 1629 2235 obtento
1659 2193 1803 2246 pleno
1832 2203 2059 2234 consensu

290 2267 453 2315 quarte
483 2263 642 2316 partis,
671 2267 814 2307 totum
842 2265 968 2307 *istud
999 2264 1242 2306 concilium
1273 2267 1433 2318 posset
1462 2264 1702 2317 inefficax,
1734 2263 1986 2306 invalidum
2016 2264 2059 2304 et

294 2335 628 2377 infructuosum
655 2336 802 2387 reddi,
828 2337 1027 2378 maxime
1054 2323 1132 2377 ubi
1159 2337 1249 2378 iam
1272 2335 1353 2378 illa
1379 2339 1543 2389 quarta
1567 2348 1677 2389 pars
1702 2335 1847 2377 semel
1871 2345 2059 2376 consen-

290 2405 341 2447 tit
367 2405 486 2447 circa
513 2406 866 2458 expedicionem
894 2406 1129 2459 presentis
1157 2406 1534 2449 confirmacionis
1561 2409 1607 2449 et
1633 2419 1743 2449 suos
1766 2404 1896 2448 dedit
1921 2404 2059 2458 depu-

289 2479 422 2522 tatos,
445 2477 520 2528 qui
546 2478 732 2529 plenam
755 2478 969 2520 fecerunt
991 2477 1273 2519 relacionem
1297 2477 1343 2519 in
1365 2478 1560 2520 nacione
1581 2489 1668 2519 nee
1691 2477 1829 2519 liceat
1847 2475 2057 2530 penitere

293 2559 342 2587 re
374 2559 464 2587 non
498 2547 690 2600 integra,
720 2561 826 2600 ymo
854 2549 986 2601 quasi
1017 2548 1240 2601 periecta,
1271 2549 1317 2590 in
1346 2547 1655 2601 preiudicium
1684 2548 1824 2590 trium
1854 2546 2058 2600 parcium

292 2618 486 2669 concilii,
524 2619 719 2661 ecclesie
758 2619 1085 2672 Lugdunensis
1122 2620 1328 2662 vacantis
1366 2622 1411 2661 et
1447 2619 1583 2661 electi
1621 2631 1752 2662 suam
1787 2617 2057 2661 electionem

293 2690 634 2741 prosequentis.
2076 2683 2078 2685 ¹

411 2758 563 2811 Sexto,
609 2760 714 2812 quia
758 2761 934 2803 electus
977 2775 1001 2803 a
1046 2761 1456 2803 reverendissimis
1501 2760 1702 2804 dominis
1743 2757 2056 2802 cardinalibus

292 2830 451 2871 habuit
476 2830 517 2870 in
543 2830 772 2873 mandatis
795 2832 1020 2885 repetitis,
1044 2836 1091 2874 ut
1110 2835 1273 2885 ageret
1294 2845 1394 2874 eum
1417 2831 1693 2875 nacionibus
1711 2833 1759 2873 et
1780 2829 1901 2884 quod
1921 2828 2055 2871 colle-

290 2901 414 2952 qum
449 2913 634 2952 semper
664 2901 860 2945 haberet
892 2903 979 2944 sibi
1014 2903 1273 2956 propicium
1307 2936 1315 2944 .
1351 2937 1359 2944 .
1395 2936 1404 2945 .
1450 2903 1505 2945 Et
1535 2915 1646 2945 vere
1678 2902 1764 2944 hoc
1795 2899 2054 2943 man-datum

292 2971 447 3012 facere
481 2971 756 3025 debuerunt,
789 2973 1005 3025 quoniam
1037 2986 1129 3016 non
1160 2973 1354 3027 expedit
1384 2972 1581 3015 ecclesie
1612 2973 1832 3026 Romane,
1863 2973 1912 3013 ut
1940 2967 2054 3012 tales

399 3066 428 3090 a)
451 3063 496 3089 Ila<
517 3070 689 3090 summere.
