2227 3434
795 45 838 81 A.
877 44 1209 80 Reformtraktate.
1799 46 1883 89 601

120 164 259 206 debet
291 176 398 206 esse
430 164 580 206 libera
615 164 672 206 ab
706 164 829 206 omni
863 175 1021 215 onere,
1055 164 1304 205 exaccione
1337 175 1422 204 seu
1450 164 1677 205 servitute
1713 163 1828 206 sicut
1860 176 1885 205 a
1946 198 1950 203 ,

119 233 349 287 principio
380 233 575 276 fundata
607 237 690 276 est.
736 234 962 286 Teroium,
996 233 1117 287 quia,
1151 234 1257 275 licet
1288 234 1504 276 vacancie
1537 233 1713 275 fuerint
1746 234 1886 286 impo-

120 306 222 358 site‚
248 305 333 347 hoc
361 304 449 347 fuit
476 304 535 346 ad
562 292 744 357 tempus
771 307 818 346 et
846 304 910 347 sic
936 305 1220 357 temporales
1247 317 1340 346 non
1369 307 1595 357 perpetue
1623 307 1669 347 et
1696 307 1887 357 propter

118 374 494 428 redempcionem
527 372 810 427 captivorum
843 373 981 417 e'tiam
1014 378 1059 416 et
1091 374 1349 417 subsidium
1380 375 1524 417 Terre
1557 378 1728 417 sancte.
1773 374 1886 417 Cum

121 445 258 499 igitur
283 458 422 488 causa
448 447 653 500 cesset,³)
683 449 729 488 et
754 445 954 488 effectus
981 458 1166 487 cessare
1194 445 1345 487 debet.
1386 446 1516 487 Patet
1542 445 1752 498 intuenti,
1779 457 1887 498 qua-

119 515 226 558 liter
249 519 297 558 et
322 516 379 558 ad
406 528 521 569 quos
548 529 662 558 usus
688 516 884 569 pecunie
912 519 1039 558 tanto
1064 519 1274 569 tempore
1302 520 1489 569 recepto
1515 528 1738 558 converse
1768 519 1885 558 sunt.

118 586 354 640 Quartum,
395 586 502 640 quia
540 587 754 629 voluntas
794 586 1093 628 fundatorum
1135 587 1340 639 ipsarum
1380 586 1682 629 ecclesiarum
1723 590 1767 628 et
1805 599 1887 628 eas

120 655 412 711 ditancium¹‘)
457 658 555 701 suis
596 658 731 700 bonis
771 657 872 710 fuit,
914 661 964 700 ut
1003 658 1154 699 cultus
1196 656 1379 699 divinus
1422 660 1799 710 augmentaretur
1841 658 1887 699 in

119 727 392 782 laudibusc),
425 728 721 771 oracionibus
753 731 798 770 et
829 727 1003 770 officiis
1034 740 1084 770 36
1117 727 1359 781 suffragiis
1392 727 1730 770 defunctorum,
1775 728 1888 770 Cum

120 798 258 852 igitur
281 799 547 852 supradicta
569 802 766 851 cessent,
790 799 827 842 si
850 811 943 840 non
966 799 1013 840 in
1035 802 1177 840 totum
1200 799 1365 841 saltem
1388 799 1435 840 in
1458 811 1670 851 magnam
1692 802 1888 852 partem,

117 872 245 922 patet
280 870 452 912 cla-rius
490 870 593 911 luce
631 869 833 912 videndo
871 869 1081 912 infinitas
1119 869 1342 912 ecclesias
1378 869 1426 910 in
1463 869 1887 922 pignoracionibus‚

119 939 473 983 vendicionibus
508 943 553 982 et
587 940 756 983 debitis
789 945 1007 983 oneratas
1040 943 1235 993 propter
1267 940 1533 982 huiusmodi
1568 940 1889 981 vacanciarum

119 1022 264 1053 onera
290 1011 440 1054 soluta
465 1015 512 1053 et
538 1011 865 1064 persolvenda,
892 1011 983 1053 nisi
1011 1011 1327 1063 subveniatur,
1356 1014 1548 1064 propter
1575 1010 1889 1064 obligaciones

119 1079 210 1123 iam
244 1084 450 1134 patratas
484 1081 531 1123 in
564 1085 740 1124 tantum
774 1080 998 1135 tempusd)
1035 1082 1252 1135 pluribus
1285 1081 1614 1124 ecclesiasticis
1648 1094 1796 1134 usque
1830 1080 1889 1123 ad

120 1155 295 1194 certum
337 1165 582 1194 numerum
626 1153 700 1195 vel
743 1153 888 1194 eciam
932 1152 1158 1194 incertum
1201 1152 1481 1194 fundacione
1523 1165 1618 1194 non
1659 1152 1888 1205 habent⁰)‚

118 1222 242 1265 unde
275 1223 471 1266 honesta
504 1223 663 1266 vivere
697 1236 748 1266 ac
783 1224 880 1266 suis
913 1223 1269 1266 necessitatibus
1304 1223 1569 1276 subvenire,
1603 1222 1890 1276 pauperibus

119 1293 402 1337 elemosinas
430 1307 624 1347 erogare
654 1307 705 1336 ac
732 1294 1095 1347 hospitalitatem
1125 1306 1316 1337 servare
1351 1292 1632 1348 [possint]f).
1673 1293 1889 1345 Quintum

118 1368 310 1418 propter
338 1365 548 1418 predicta
576 1378 721 1408 onera
749 1369 907 1407 notum
936 1368 1009 1408 est
1036 1365 1262 1407 ecclesias
1292 1365 1460 1407 multas
1489 1365 1589 1407 sine
1620 1364 1890 1406 refeccioni-

121 1435 209 1479 bus
230 1440 278 1479 et
302 1436 687 1489 reparacionibus
712 1436 940 1478 mansisse
964 1439 1011 1478 et
1036 1436 1082 1477 in
1109 1437 1291 1478 ruinam
1316 1448 1478 1478 versas
1503 1448 1609 1478 esse
1635 1447 1890 1488 earumque

121 1507 447 1559 possessiones
477 1506 721 1550 inclinatas
752 1520 834 1550 seu
865 1507 1118 1561 desertasg)
1153 1519 1236 1550 seu
1267 1510 1512 1560 occupatas
1542 1506 1658 1549 fore.
1703 1505 1892 1548 Sextum

121 1578 338 1621 vacancie
377 1579 462 1621 iste
503 1582 608 1621 sunt
647 1582 691 1621 et
730 1578 921 1621 fuerunt
957 1581 1049 1620 tam
1090 1578 1354 1620 huiusmodi
1393 1578 1641 1630 dampnate
1683 1578 1890 1630 symonie

119 1649 265 1691 eciam
321 1662 414 1691 non
472 1649 700 1691 modicum
758 1648 1068 1692 scandalizate
1127 1653 1185 1702 et,
1243 1649 1366 1702 quod
1423 1649 1629 1690 deterius
1687 1651 1770 1701 est,
1828 1647 1890 1689 vi-

119 1718 288 1762 dentur
334 1732 501 1773 sapere
550 1721 807 1773 symoniam
856 1721 1217 1773 scrupulumque
1267 1719 1312 1761 in
1361 1720 1609 1762 multorum
1657 1718 1890 1761 conscien-

119 1788 243 1845 cii-sb)
296 1790 622 1833 radicaverunt
674 1791 719 1832 in
767 1791 1029 1844 periculum
1078 1791 1336 1833 animarum
1386 1791 1506 1833 circa
1555 1791 1889 1842 reverenciam,

120 1861 434 1915 devocionem,
477 1867 872 1905 sacramentorum
915 1863 1270 1915 percepcionem
1312 1865 1357 1904 et
1397 1861 1581 1904 similia.
1635 1860 1890 1914 Septimum

119 1932 302 1975 videtur
335 1932 481 1976 fuisse
517 1934 683 1976 scisma
716 1933 1101 1976 contendencium
1131 1936 1327 1986 propter
1359 1931 1662 1986 pecuniarum
1695 1944 1890 1974 commo-

120 2003 242 2056 dum,
274 2003 396 2057 quod
428 2017 453 2046 a
486 2004 641 2046 multis
673 2004 891 2047 creditur.
938 2003 1206 2046 Cavendum
1239 2003 1377 2057 igitur
1407 2003 1466 2045 de
1498 2003 1670 2046 futuris
1703 2015 1890 2055 exemp-

122 2073 253 2128 lumi)
284 2075 613 2127 preteritorum
644 2079 726 2118 etc.
769 2074 987 2117 Octavum
1015 2075 1197 2117 versari
1227 2063 1348 2116 circa
1377 2074 1541 2116 harum
1571 2073 1893 2116 vacanciarum

123 2146 444 2199 recepcionem
471 2146 615 2199 magis
642 2147 903 2199 insequitur
928 2146 1122 2188 activam
1148 2145 1286 2188 vitam
1312 2158 1449 2198 quam
1475 2144 1892 2198 contemplativam,

123 2228 212 2269 que
244 2229 365 2270 pape
398 2230 457 2259 ex
489 2217 649 2259 officio
682 2217 904 2259 incumbit
936 2217 1073 2260 saluti
1106 2216 1342 2269 vigilando
1374 2217 1647 2258 animarum.
1694 2214 1894 2268 Expedit

121 2287 366 2330 ecclesiam
392 2285 493 2341 abst)
521 2288 699 2330 eisdem
724 2288 917 2330 liberari
943 2300 1028 2341 per
1052 2288 1137 2329 hoc
1162 2300 1343 2329 sacrum
1369 2287 1626 2339 concilium,
1651 2299 1710 2328 ne
1736 2285 1892 2328 huius-

124 2358 246 2401 modi
275 2359 597 2400 vacanciarum
626 2359 821 2401 materia
847 2358 894 2400 in
922 2358 1117 2400 concilio
1142 2358 1432 2411 Wiennensi,
1460 2361 1508 2400 ut
1537 2354 1627 2411 ab¹)
1659 2356 1893 2410 aliquibus

124 2429 362 2482 asseritur,
393 2430 574 2483 incepta
601 2433 647 2472 et
675 2442 767 2471 non
797 2429 1016 2482 diffinita,
1047 2432 1290 2482 postquam
1318 2441 1405 2482 per
1432 2441 1603 2482 papam
1631 2428 1892 2471 Johannem

125 2499 271 2542 XXII.
307 2500 365 2542 ad
400 2503 584 2553 tempus
618 2501 756 2542 trium
793 2504 869 2543 aut
905 2503 1120 2553 quattuor
1156 2512 1383 2542 annorum
1419 2499 1632 2552 imposita
1667 2499 1893 2550 videatur,

124 2573 174 2613 ut
193 2583 252 2613 ex
275 2571 432 2613 debito
453 2571 727 2613 solvendum
749 2574 795 2613 et
814 2571 1078 2624 approbare
1104 2583 1187 2613 seu
1206 2570 1435 2624 prescribi
1459 2573 1617 2623 posset
1637 2569 1892 2622 supposit0‚

126 2641 248 2693 quod
277 2642 397 2684 alius
426 2654 510 2695 pro
538 2643 745 2695 presenti
776 2642 938 2684 modus
968 2641 1379 2694 nonreperiretur
1408 2640 1684 2694 providendi
1716 2652 1894 2681 summo

126 2711 336 2764 pontifici
372 2713 428 2754 de
460 2715 582 2755 *statu
618 2725 701 2755 suo
734 2715 779 2754 et
812 2712 957 2754 eciam
992 2712 1283 2754 dominorum
1316 2711 1623 2753 cardinalium
1659 2710 1734 2762 ita,
1771 2709 1892 2763 quod

225 2866 255 2895 a)
277 2862 322 2888 He
343 2863 440 2888 esset.
543 2862 574 2893 l»)
596 2862 642 2888 113
664 2861 844 2888 titanciuni.
946 2862 974 2895 c)
997 2862 1042 2888 Hs
1066 2861 1197 2888 laudiis.
1290 2861 1321 2887 (li
1344 2861 1388 2887 Hs
1409 2860 1491 2893 folyt
1513 2867 1653 2894 persone
1674 2858 1894 2904 ecclesiatico.

115 2911 144 2940 ο)
171 2907 214 2935 So
237 2910 316 2936 atatt
336 2908 467 2935 habere.
548 2909 572 2938 f»
604 2910 648 2935 lls
669 2916 746 2943 crgo
769 2911 829 2935 etc.
913 2910 945 2943 g)
974 2910 1019 2936 Ile
1039 2908 1122 2942 solyt
1142 2908 1269 2935 nullum
1297 2907 1421 2934 furtum
1442 2906 1574 2934 habere.
1651 2906 1682 2940 h)
1705 2907 1750 2934 11³
1771 2905 1893 2938 consti,

119 2953 272 2982 tuenciis.
352 2956 373 2988 i)
395 2956 442 2983 113
462 2955 545 2990 Γυὶῃι
566 2955 676 2989 igitur.
751 2955 783 2989 k)
806 2957 851 2983 118
871 2955 922 2983 ad.
995 2955 1018 2989 l)
1041 2957 1086 2983 He
1109 2955 1148 2982 in.
1224 2957 1264 2987 in)
1288 2956 1333 2982 113
1353 2954 1435 2988 solqt
1460 2956 1544 2988 post.
