2227 3434
796 109 886 142 1417
907 109 1134 152 September
1155 109 1186 142 5.
1791 111 1873 152 511

109 241 201 270 non
239 228 364 269 Petri
400 227 661 269 naviculam
698 230 775 269 aut
811 230 1014 269 sanctam
1048 228 1295 269 ecclesiam
1331 227 1623 280 perturbare.
1674 228 1751 270 Set
1787 228 1876 270 iam

108 297 340 351 respicite,
372 298 495 351 quod
525 310 646 339 nunc
678 298 880 340 amarior
911 302 981 340 est
1011 299 1281 350 persecucio
1313 302 1357 340 et
1389 299 1681 341 amarissima
1713 300 1758 339 in
1793 299 1877 339 Dei

108 368 305 411 ecclesia
335 372 380 410 et
411 368 780 410 Christianorum
810 369 964 421 plebe,
996 381 1102 410 nam
1132 372 1263 421 peste
1294 369 1551 411 efficaciori
1583 373 1629 411 et
1660 369 1877 411 intestina

109 439 322 493 rubigine
358 451 409 481 ac
444 439 690 481 inimicicia
725 439 947 481 familiari
983 443 1027 480 et
1063 440 1336 481 adulacione
1372 439 1630 482 corroditur
1665 445 1709 483 et
1745 440 1877 481 dissi-

107 513 243 563 patur
270 509 376 552 filia
406 509 540 563 Syon.
586 510 722 552 Facta
751 514 820 552 est
851 509 989 552 vidua
1021 510 1207 552 domina
1235 510 1462 564 gencium,
1494 514 1649 553 sancta
1681 510 1877 552 ecclesia

108 581 346 634 catholica,
384 584 532 623 mater
572 580 940 623 Christianorum
980 581 1197 633 omnium,
1237 594 1330 622 non
1370 585 1453 635 est,
1495 583 1571 634 qui
1613 582 1877 623 consoletur

108 663 210 693 eam
237 664 296 693 ex
325 651 540 694 omnibus
568 652 688 694 caris
716 652 832 705 eius,
865 651 1178 705 (Threnorum
1208 653 1396 705 primo).
1439 653 1611 694 Amara
1639 656 1761 694 certe
1793 653 1877 693 fuit

107 723 209 766 cius
234 722 504 776 persecucio
530 723 576 764 in
602 722 820 764 conflictu
847 722 1100 776 martirum,
1128 726 1197 765 set
1224 735 1333 765 vere
1361 735 1481 764 nunc
1507 724 1708 765 amarior
1735 727 1804 765 est
1832 723 1876 763 in

108 793 316 836 moribus
339 797 384 836 et
406 793 602 835 maliciis
627 793 998 846 domesticorum,
1024 798 1070 836 ut
1094 797 1257 846 postea
1283 793 1473 836 dicetur.
1512 794 1566 835 Et
1590 794 1696 836 ideo
1720 798 1876 836 contra

109 865 220 907 istos
261 868 588 918 persecutores
630 864 789 906 matris
829 868 986 906 nostre
1029 869 1185 907 sancte
1228 865 1425 906 ecclesie
1468 865 1666 918 precipit
1708 865 1874 918 Deus⁵¹)

108 935 377 988 imperatori
406 947 491 989 per
522 935 811 988 prophetam,
843 936 965 988 quod
995 939 1190 976 exuerat
1220 935 1566 988 persecucionis
1596 936 1800 988 gladium
1832 937 1877 977 in

108 1006 227 1048 hunc
272 1006 471 1059 modum,
517 1007 692 1048 scilicet
735 1006 850 1048 sicut
895 1006 1028 1059 ignis,
1074 1007 1151 1059 qui
1196 1007 1422 1048 comburit
1467 1007 1631 1047 silvam
1675 1010 1721 1048 et
1765 1007 1878 1047 sicut

107 1076 297 1119 flamma
327 1077 603 1119 comburens
634 1081 828 1129 montes,
861 1078 920 1119 ita
951 1079 1254 1130 persequeris
1286 1078 1390 1119 illos
1421 1078 1465 1118 in
1495 1081 1770 1130 tempestate
1801 1081 1877 1119 tua

107 1151 151 1190 ct
182 1149 227 1189 in
257 1148 325 1190 ira
353 1151 430 1190 tua
457 1148 618 1190 turbas
647 1160 740 1190 eos.
788 1148 932 1201 Imple
962 1148 1106 1190 facies
1135 1161 1295 1189 eorum
1326 1148 1578 1201 ignominia
1607 1152 1650 1190 et
1680 1152 1876 1201 querent

107 1231 277 1260 nomen
301 1217 486 1273 tuum.¹³)

227 1290 340 1331 Item
372 1290 490 1332 hanc
522 1290 668 1332 eciam
700 1293 976 1343 potestatem
1010 1290 1302 1343 imperialem
1336 1303 1441 1331 esse
1477 1291 1738 1343 discretam,
1772 1302 1876 1332 esse

107 1364 370 1414 separatam
403 1374 429 1404 a
460 1364 689 1414 potestate
719 1361 879 1415 papali
911 1364 957 1402 et
989 1373 1094 1403 esse
1128 1374 1154 1403 a
1186 1361 1284 1403 Deo
1319 1361 1632 1403 immediatam
1666 1361 1877 1403 Christus

107 1431 376 1484 predicavit,
414 1432 567 1474 docuit
602 1435 647 1473 et
683 1432 877 1474 credere
915 1433 1124 1485 precepit
1161 1433 1206 1473 in
1246 1436 1402 1474 sancto
1439 1433 1711 1485 ewangelio,
1748 1432 1878 1473 cuius

107 1502 383 1556 testimonio,
412 1515 513 1545 cum
541 1503 598 1545 ab
625 1516 682 1545 eo
708 1507 986 1556 quereretur
1015 1516 1040 1545 a
1066 1503 1299 1556 phariseis
1328 1503 1661 1556 sacerdotibus,
1690 1503 1768 1556 qui
1794 1503 1878 1544 hoc

110 1573 259 1626 ipsum
285 1574 342 1615 de
369 1586 418 1616 se
445 1573 559 1626 ipsis
584 1574 838 1627 poscebant
863 1578 906 1616 et
932 1587 981 1616 se
1009 1578 1251 1627 exemptos
1276 1587 1300 1616 a
1326 1574 1498 1616 tributo
1522 1574 1697 1616 cesaris
1722 1573 1877 1617 existi-

108 1645 308 1697 mabant,
340 1645 378 1687 si
410 1645 517 1687 licet
547 1645 659 1687 dare
691 1644 913 1687 tributum
945 1646 1093 1687 cesari
1127 1648 1203 1687 aut
1234 1658 1340 1697 non,
1373 1645 1614 1698 respondit
1647 1645 1874 1687 Christus:

109 1715 320 1770 Reddite,
349 1728 438 1769 que
469 1719 574 1758 sunt
602 1716 776 1758 cesaris
806 1717 970 1768 cesari,
998 1719 1042 1757 et
1071 1728 1159 1768 que
1190 1719 1296 1757 sunt
1324 1716 1409 1757 Dei
1440 1716 1551 1768 Deo,
1580 1715 1712 1769 quasi
1741 1716 1876 1757 dicat:

111 1786 163 1828 Et
189 1786 269 1829 illa
296 1787 380 1828 Dei
405 1790 451 1829 et
475 1787 555 1829 illa
580 1787 754 1828 cesaris
779 1790 1032 1840 potestates
1059 1790 1165 1828 sunt
1189 1787 1376 1830 diverse
1401 1800 1427 1828 a
1454 1787 1552 1829 Deo
1577 1787 1681 1829 date
1707 1790 1751 1829 et
1777 1799 1880 1828 con-

111 1869 240 1900 cesse
275 1861 319 1899 et
353 1857 536 1910 utrique
572 1858 841 1911 obligamini
878 1858 923 1899 in
958 1858 1062 1910 hiis,
1098 1870 1186 1911 que
1223 1858 1417 1900 alteram
1453 1858 1638 1899 illarum
1673 1861 1878 1910 tangunt.

112 1927 224 1970 Cum
247 1928 372 1970 enim
396 1928 608 1971 homines
633 1929 733 1971 sitis
758 1941 816 1970 ex
840 1941 1034 1981 corpore
1059 1933 1104 1971 et
1127 1929 1281 1971 amma
1304 1928 1551 1981 constituti,
1576 1941 1661 1982 pro
1685 1931 1879 1981 utraque
1902 1968 1905 1975 ,

107 2002 238 2051 parte
269 1999 415 2041 subici
446 1998 730 2051 obligamini,
761 2011 846 2052 pro
875 2000 1029 2041 anima
1059 2000 1225 2041 solvite
1255 1999 1498 2052 spirituale
1529 2000 1749 2041 tributum
1782 1999 1878 2039 Deo

109 2073 154 2112 et
193 2069 404 2122 ecclesie,
447 2082 536 2123 que
578 2069 772 2112 fundata
815 2074 885 2111 est
928 2071 971 2111 in
1014 2083 1131 2123 pura
1173 2070 1514 2123 spiritualitate,
1557 2083 1643 2123 pro
1684 2082 1876 2122 corpore

110 2141 367 2193 temporale
390 2140 613 2182 tributum
639 2141 802 2183 solvite
827 2141 1055 2183 maiestati
1081 2141 1313 2194 imperiali
1339 2144 1383 2182 et
1406 2141 1712 2194 potestatibus
1739 2141 1880 2183 subli-

110 2210 348 2252 mioribus.
390 2210 586 2253 Obedite
615 2215 659 2254 et
689 2211 859 2254 subditi
888 2214 1034 2254 estote
1065 2212 1188 2253 omni
1218 2212 1418 2253 humane
1449 2215 1660 2253 creature
1689 2215 1880 2264 propter

111 2281 273 2335 Deum,
303 2282 411 2334 quia
439 2294 531 2323 non
561 2285 630 2324 est
658 2285 864 2335 potestas
895 2282 984 2324 nisi
1015 2295 1040 2324 a
1071 2282 1180 2324 Deo.
1223 2283 1375 2334 Quare
1405 2295 1517 2335 ergo
1547 2295 1618 2324 me
1647 2282 1880 2334 temptatis

111 2355 155 2394 et
188 2353 469 2411 contrarium
504 2354 729 2406 asseritis,
763 2353 894 2406 pravi
928 2353 1194 2395 sacerdotes
1229 2356 1273 2394 et
1306 2353 1512 2406 ypocrite
1547 2353 1716 2395 tristes.
1769 2353 1879 2394 Item

112 2423 283 2466 Paulus
312 2424 549 2476 apostolus
582 2424 702 2466 inter
732 2424 839 2466 illas
868 2426 1135 2477 potestates,
1166 2436 1280 2476 quas
1311 2424 1465 2476 posuit
1495 2424 1539 2465 in
1575 2425 1651 2466 illa
1683 2424 1879 2465 ecclesia

113 2493 322 2537 Christus
345 2494 517 2536 Jhesus
542 2495 599 2536 ad
625 2494 933 2536 ministerium
957 2495 1152 2536 ecclesie
1178 2498 1222 2536 et
1246 2494 1599 2536 edificacionem
1626 2495 1670 2535 in
1697 2494 1880 2547 spiritu-

110 2565 170 2606 ali
196 2577 390 2618 corpore
418 2565 604 2618 Christi,
630 2578 723 2607 non
749 2566 902 2618 posuit
928 2568 1202 2618 potestatem
1230 2566 1435 2618 regalem
1462 2578 1544 2606 nec
1574 2565 1878 2618 imperialem,

111 2635 226 2677 sicut
247 2636 390 2678 verba
413 2648 496 2678 sua
516 2635 771 2677 secundum
796 2636 994 2678 litteram
1018 2639 1196 2678 sonant.
1233 2636 1366 2678 Unde
1390 2635 1514 2678 dicit:
1540 2636 1670 2678 Alios
1691 2635 1877 2688 quidem

110 2705 234 2748 dedit
256 2707 301 2747 in
322 2706 520 2748 eccle-sia
541 2706 790 2759 apostolos,
812 2707 929 2748 alios
949 2707 1216 2759 pro-phetas,
1236 2707 1352 2748 alios
1374 2706 1585 2748 doctores
1608 2707 1650 2747 in
1673 2718 1881 2747 consum-

109 2775 361 2818 macionem
383 2780 645 2818 sanctorum
666 2779 749 2819 etc.
783 2776 896 2818 Cum
917 2789 1030 2830 ergo
1047 2778 1253 2828 potestas
1276 2776 1532 2827 imperialis
1547 2775 1666 2818 inter
1686 2775 1789 2818 illas
1804 2786 1881 2825 po-

111 2849 301 2889 testates
330 2847 670 2890 ecclesiasticas
698 2860 790 2890 non
820 2847 1094 2899 includatur,
1125 2848 1321 2899 videtur,
1352 2848 1473 2900 quod
1504 2850 1707 2900 potestas
1739 2847 1878 2898 impe-

217 2979 247 3006 υ.)
278 2974 324 3000 lle
349 2980 421 3006 eos;
461 2974 652 3008 Illirf'ehler!
728 2975 759 3007 b)
790 2975 834 3001 113
868 2974 985 3008 lniplct
1012 2975 1114 3001 sacius
1140 2982 1251 3001 eorum
1275 2974 1526 3003 iffiunuinioruni
1550 2978 1578 2999 ct
1605 2976 1742 3007 ‹lucr-wit
1764 2981 1878 2999 norw-u

112 3027 216 3047 uicum
269 3021 341 3047 mre
361 3022 438 3054 :eim
460 3022 509 3047 ulio
538 3022 752 3048 Veraci-bulci?
773 3022 826 3047 des
856 3022 978 3049 ‘l'eoetesl
