2227 3434
516 162 553 196 E.
595 162 672 197 Der
697 162 797 197 liber
821 165 1013 206 gestorum
1042 164 1110 197 des
1136 162 1378 198 Cerretanus.
1745 165 1827 207 321

64 271 279 322 uniemur
305 283 350 322 et
378 280 525 322 eiecto
552 281 771 322 canonice
800 280 965 323 eodem
994 281 1035 323 d.
1065 281 1315 324 Benedicto
1341 281 1528 324 tandem
1557 281 1614 323 de
1641 284 1734 324 tota
1760 295 1831 323 ec-

64 349 206 393 clesie
231 350 328 404 fiet,
354 350 477 403 quod
503 351 565 393 ait
590 351 806 404 salvator,
832 355 880 393 ut
905 352 963 394 sit
989 364 1129 393 unum
1156 352 1277 394 ovile
1304 355 1349 394 et
1372 364 1494 395 unus
1519 354 1677 405 pastor
1706 352 1828 406 (Joh.

63 421 142 475 X),
171 421 357 474 quando
385 421 558 464 scilicet
586 424 818 474 tamquam
847 435 990 464 unum
1018 423 1139 464 ovile
1170 423 1254 464 sub
1284 423 1419 464 unico
1447 426 1634 476 pastore
1662 424 1831 464 reinte-

63 491 285 544 grabitur.
324 491 396 533 Ad
422 504 559 545 quem
585 493 724 534 etiam
751 493 1014 545 adventum,
1042 506 1143 534 cum
1169 493 1381 535 videatur
1409 494 1535 535 iuxta
1561 505 1831 546 processum

63 561 211 616 ipsius
241 562 284 604 d.
319 562 546 605 Johannis
580 563 636 604 de
669 562 837 616 Opizis,
871 577 1008 616 quem
1043 565 1194 606 statim
1229 564 1441 616 audie-tis,
1475 565 1559 605 hec
1593 563 1693 606 dies
1725 576 1831 605 esse

61 633 320 688 constituta,
347 636 598 687 propterea
625 634 889 687 congregati
916 635 1042 687 estis,
1070 638 1118 677 ut
1145 635 1236 677 hiis
1263 635 1511 677 intellectis
1539 635 1677 677 etiam
1706 634 1832 677 audi-

64 703 152 746 atis
181 716 276 747 rev.
304 717 348 758 p.
379 704 421 746 d.
450 704 720 757 generalem
751 708 907 746 sancte
939 705 1083 747 Marie
1115 705 1171 746 de
1207 705 1418 748 Mercede
1447 707 1535 747 huc
1564 705 1623 748 ad
1651 717 1832 749 sacrum

63 773 306 817 concilium
334 787 420 829 per
447 774 682 828 prefatum
708 779 815 817 tunc
844 776 1196 818 serenissimum
1226 788 1385 830 regem
1413 777 1454 818 d.
1486 776 1831 819 Ferdinandum

63 848 294 888 oratorem
328 846 653 889 transmissum
686 850 733 888 et
766 846 964 889 subinde
998 859 1084 900 per
1118 847 1483 890 illustrissimum
1518 860 1640 889 nunc
1674 859 1832 901 regem

63 916 105 958 (1.
136 915 383 959 Alfonsum
412 916 646 970 prefatum
678 917 1017 960 confirmatum.
1062 917 1204 960 Cuius
1235 917 1277 959 d.
1308 919 1545 971 generalis
1576 918 1758 961 virtutis
1788 920 1833 958 et

66 988 229 1030 merita
258 988 497 1041 presentia
527 988 674 1041 ipsius
704 989 920 1041 prohibet
950 989 1022 1030 hic
1053 989 1304 1042 explicare,
1336 1001 1424 1042 que
1455 990 1593 1032 etiam
1624 992 1832 1043 tempore

66 1057 211 1111 brevi,
239 1058 362 1111 quod
388 1058 527 1101 instat
555 1059 613 1101 ad
640 1060 783 1102 multa
810 1060 1093 1112 peragenda,
1121 1072 1213 1102 non
1242 1063 1433 1113 possent
1460 1060 1519 1102 ad
1546 1061 1736 1113 plenum
1764 1072 1834 1101 re-

66 1128 195 1172 ferri.
230 1129 382 1171 Habet
404 1129 527 1171 enim
554 1130 674 1172 idern
699 1130 912 1172 dominus
934 1131 1172 1183 generalis
1195 1131 1352 1184 aliqua
1374 1131 1480 1172 huic
1503 1143 1634 1173 sacro
1657 1130 1834 1184 synodo

0 1200 17 1216 *
65 1211 329 1253 proponere
354 1200 481 1243 iuxta
506 1200 772 1243 mandatum
800 1201 887 1244 sibi
914 1202 1096 1243 noviter
1121 1214 1146 1243 a
1171 1201 1356 1254 prefato
1382 1201 1697 1244 illustrissimo
1724 1213 1832 1254 Iege

66 1270 108 1312 d.
136 1270 334 1314 Alfonso
361 1272 701 1325 transmissum,
732 1272 854 1324 quod
883 1272 1020 1314 etiam
1050 1271 1294 1314 confestim
1322 1273 1395 1314 hic
1426 1273 1618 1325 legetur.
1660 1272 1835 1324 Quibus

0 1391 29 1400 .„
64 1341 313 1396 propositis
335 1343 517 1396 legetur
538 1343 696 1386 brevis
718 1343 947 1396 scriptura
968 1344 1211 1386 continens
1232 1344 1589 1396 responsionem
1611 1355 1741 1385 sacre
1764 1355 1833 1395 sy-

65 1406 557 1467 nodiffl‘ffioposita
598 1426 684 1467 per
726 1414 878 1467 ipsum
923 1413 964 1456 d.
1007 1415 1278 1468 generalem
1322 1418 1367 1456 et
1410 1415 1494 1456 hec
1538 1414 1692 1457 omnia
1735 1414 1833 1456 Deo

65 1485 251 1526 auctore
276 1486 575 1537 peragentur,
602 1487 650 1526 ut
678 1484 725 1526 in
751 1484 928 1527 effectu
952 1488 998 1527 et
1025 1485 1248 1538 operibus
1275 1484 1546 1528 ostendatur
1573 1484 1708 1527 nobis
1735 1485 1834 1527 uni-

65 1557 148 1608 taS,
174 1554 231 1597 de
257 1567 348 1608 qua
372 1554 686 1609 premisimus,
712 1568 849 1609 quam
872 1556 1072 1598 ecclesie
1096 1556 1319 1598 unionem
1346 1556 1394 1598 in
1419 1555 1534 1598 fidei
1561 1558 1607 1598 et
1629 1555 1834 1598 caritatis

66 1626 242 1669 unitate
265 1626 484 1680 perficiat
508 1626 610 1680 ipse
637 1626 777 1680 Deus,
804 1627 897 1680 qui,
922 1630 971 1669 ut
997 1626 1059 1669 ait
1083 1626 1184 1680 ipse
1211 1626 1494 1680 Bernardus,
1520 1626 1641 1669 inter
1666 1627 1835 1679 omnia,

65 1708 154 1750 que
190 1710 333 1739 unum
369 1697 597 1751 dicuntur,
634 1701 733 1740 arte
767 1701 896 1740 tenet
930 1698 1213 1751 unitate-ma),
1250 1697 1321 1739 cui
1359 1697 1416 1740 sit
1452 1698 1568 1751 laus,
1604 1697 1754 1739 honor
1788 1700 1834 1738 et

63 1767 214 1821 gloria
240 1780 331 1822 ‘per
362 1767 549 1811 infinita
581 1769 740 1811 secula
769 1768 933 1810 Amen.

181 1838 363 1882 Deinde
390 1839 432 1881 d.
459 1839 699 1882 Johannes
726 1839 943 1882 Habundi
970 1839 1027 1881 de
1054 1839 1241 1881 natione
1270 1839 1549 1882 Germanica
1574 1838 1833 1882 ascendens

65 1909 311 1952 ambonem
345 1910 457 1963 legit
489 1910 839 1964 infrascriptum
871 1910 1233 1953 vinstrumentum
1267 1908 1629 1964 presentationis
1663 1909 1856 1953 littera-.

66 1993 167 2023 rum
200 1981 627 2024 convocatoriarum
661 1984 707 2023 et
740 1981 974 2024 salvorum
1008 1980 1315 2023 conductuum
1349 1980 1470 2023 facte
1503 1980 1676 2023 vicario
1708 1981 1834 2034 regis

65 2051 331 2106 Aragonum
357 2051 410 2094 in
440 2051 733 2094 Barchinona
765 2064 850 2106 per
882 2051 924 2094 d.
957 2052 1219 2094 Johannem
1251 2052 1307 2094 de
1341 2051 1493 2105 Opizis
1525 2054 1758 2094 oratorem
1788 2054 1834 2093 et

65 2124 412 2175 procuratorem
440 2123 558 2165 sacri
585 2122 956 2165 Constantiensis
981 2122 1163 2164 concilii
1189 2125 1234 2164 et
1259 2122 1581 2176 responsionis
1607 2134 1659 2164 ac
1683 2125 1834 2175 prote-

67 2192 276 2236 stationis
303 2192 456 2236 eidem
483 2193 710 2236 factarum
737 2205 822 2247 per
852 2193 1073 2235 vicarium
1103 2193 1419 2246 supradictum
1444 2205 1625 2235 necnon
1654 2192 1833 2236 litteras

68 2262 390 2318 infrascriptias
413 2264 561 2317 ipsius
586 2263 709 2318 regis
733 2264 999 2317 Aragonum
1025 2263 1342 2307 excusatorias
1365 2267 1412 2306 et
1435 2263 1747 2306 credentiales
1773 2266 1834 2305 at-

68 2345 156 2387 que
193 2335 565 2388 procuratorium
605 2334 818 2377 eiusdem
859 2335 901 2377 d.
942 2335 1066 2388 regis
1105 2335 1374 2388 Aragonum
1413 2334 1459 2375 in
1499 2345 1750 2387 personam
1791 2334 1831 2377 d.

68 2403 228 2448 fratris
258 2405 449 2448 Antonii
481 2403 717 2458 generalis
750 2405 885 2447 beate
921 2405 1067 2448 Marie
1101 2405 1158 2447 de
1197 2405 1410 2447 Mercede
1442 2404 1513 2446 sui
1547 2404 1745 2447 oratoris
1777 2403 1834 2446 ad

67 2474 318 2527 petendum
347 2474 616 2519 dilationem
646 2488 733 2529 pro
762 2476 964 2518 adventu
991 2488 1180 2519 suorum
1209 2478 1457 2518 oratorum.

186 2545 240 2588 In
262 2546 349 2588 Dei
371 2545 575 2589 nomine.
611 2546 831 2589 Noverint
855 2546 1064 2588 universi
1090 2581 1098 2589 .
1134 2580 1142 2588 .
1178 2547 1227 2600 .1)

185 2615 270 2659 Die
294 2616 475 2660 sabbati
497 2616 670 2660 XVIII.
693 2617 868 2660 mensis
889 2617 1001 2660 Julii
1024 2617 1113 2659 fuit
1133 2617 1254 2659 facta
1276 2616 1579 2670 congregacio
1599 2615 1834 2670 generalis

113 2718 122 2727 .
157 2719 166 2729 .
195 2687 243 2729 in
271 2687 371 2730 loco
400 2686 535 2730 solito
563 2688 802 2730 sessionis.
848 2688 898 2729 In
927 2700 1018 2741 qua
1046 2688 1087 2729 d.
1117 2688 1168 2730 A.
1197 2688 1446 2740 episcopus
1476 2685 1834 2729 Concordiensis

70 2756 328 2801 ascendens
367 2758 612 2801 ambonem
651 2770 752 2800 cum
790 2758 938 2800 tribus
977 2758 1083 2801 aliis
1121 2758 1316 2811 prelatis
1354 2757 1551 2800 aliarum
1590 2755 1832 2799 nacionum

71 2825 194 2882 legit,
213 2829 265 2871 ut
287 2828 514 2882 sequitur:

172 2943 201 2974 a)
222 2943 260 2976 B,
277 2943 315 2970 C':
335 2943 447 2970 Artem
471 2945 561 2970 tenet
583 2943 700 2970 unitus.

187 3001 219 3045 ¹)
252 3002 301 3038 Es
330 3001 460 3047 rolqen
491 3003 554 3038 die
586 3003 898 3046 anqelcie'ndiyten
927 3002 1181 3037 Dok-umente.
1225 3002 1345 3037 Hardl
1378 3002 1442 3044 11⁷,
1473 3002 1676 3044 &03-81&
1711 3000 1835 3034 Mansi

72 3057 228 3103 XXVII,
253 3060 427 3097 906—11.

139 3138 279 3174 Finita,
306 3142 387 3169 Acta
406 3141 539 3168 concilii
561 3140 838 3168 Constanciensis.
859 3141 895 3167 ll.
1570 3131 1618 3171 21
