<?xml version="1.0" encoding="UTF-8"?>
<!DOCTYPE html PUBLIC "-//W3C//DTD XHTML 1.0 Transitional//EN"
    "http://www.w3.org/TR/xhtml1/DTD/xhtml1-transitional.dtd">
<html xmlns="http://www.w3.org/1999/xhtml" xml:lang="en" lang="en">
 <head>
  <title>
</title>
<meta http-equiv="Content-Type" content="text/html;charset=utf-8" />
  <meta name='ocr-system' content='tesseract 3.04.00' />
  <meta name='ocr-capabilities' content='ocr_page ocr_carea ocr_par ocr_line ocrx_word'/>
</head>
<body>
  <div class='ocr_page' id='page_1' title='image "./actaconciliicons02counuoft_0398.png"; bbox 0 0 2102 3444; ppageno 0'>
   <div class='ocr_carea' id='block_1_1' title="bbox 213 143 1635 187">
    <p class='ocr_par' dir='ltr' id='par_1_1' title="bbox 213 143 1635 187">
     <span class='ocr_line' id='line_1_1' title="bbox 213 143 1635 187; baseline 0.001 -10"><span class='ocrx_word' id='word_1_1' title='bbox 213 145 299 187; x_wconf 75' lang='lat'>384</span> <span class='ocrx_word' id='word_1_2' title='bbox 567 145 612 178; x_wconf 93' lang='lat' dir='ltr'>Il.</span> <span class='ocrx_word' id='word_1_3' title='bbox 648 143 856 177; x_wconf 71' lang='lat' dir='ltr'>Absehniu.</span> <span class='ocrx_word' id='word_1_4' title='bbox 901 143 1104 177; x_wconf 71' lang='lat' dir='ltr'>Sermones</span> <span class='ocrx_word' id='word_1_5' title='bbox 1136 143 1282 177; x_wconf 77' lang='lat' dir='ltr'>concilii</span> <span class='ocrx_word' id='word_1_6' title='bbox 1315 143 1635 178; x_wconf 68' lang='lat' dir='ltr'>Constanciensis,</span> 
     </span>
    </p>
   </div>
   <div class='ocr_carea' id='block_1_2' title="bbox 216 261 1994 1950">
    <p class='ocr_par' dir='ltr' id='par_1_2' title="bbox 216 261 1992 1308">
     <span class='ocr_line' id='line_1_2' title="bbox 217 261 1988 316; baseline 0.001 -13"><span class='ocrx_word' id='word_1_7' title='bbox 217 262 404 305; x_wconf 89' lang='lat' dir='ltr'>Latinos</span> <span class='ocrx_word' id='word_1_8' title='bbox 435 266 478 304; x_wconf 93' lang='lat' dir='ltr'>et</span> <span class='ocrx_word' id='word_1_9' title='bbox 511 262 698 314; x_wconf 93' lang='lat' dir='ltr'>Grecos,</span> <span class='ocrx_word' id='word_1_10' title='bbox 731 262 852 315; x_wconf 92' lang='lat' dir='ltr'>quod</span> <span class='ocrx_word' id='word_1_11' title='bbox 883 265 1038 303; x_wconf 90' lang='lat' dir='ltr'>tamen</span> <span class='ocrx_word' id='word_1_12' title='bbox 1070 261 1285 305; x_wconf 91' lang='lat' dir='ltr'>dominus</span> <span class='ocrx_word' id='word_1_13' title='bbox 1315 275 1401 316; x_wconf 90' lang='lat' dir='ltr'>per</span> <span class='ocrx_word' id='word_1_14' title='bbox 1432 275 1562 306; x_wconf 90' lang='lat' dir='ltr'>suam</span> <span class='ocrx_word' id='word_1_15' title='bbox 1596 263 1869 306; x_wconf 80' lang='lat' dir='ltr'>immensam</span> <span class='ocrx_word' id='word_1_16' title='bbox 1898 263 1988 304; x_wconf 89' lang='lat' dir='ltr'>cle-</span> 
     </span>
     <span class='ocr_line' id='line_1_3' title="bbox 218 332 1988 388; baseline 0.001 -13"><span class='ocrx_word' id='word_1_17' title='bbox 218 334 441 376; x_wconf 91' lang='lat' dir='ltr'>menciam</span> <span class='ocrx_word' id='word_1_18' title='bbox 481 337 525 375; x_wconf 90' lang='lat' dir='ltr'>et</span> <span class='ocrx_word' id='word_1_19' title='bbox 564 332 929 376; x_wconf 88' lang='lat' dir='ltr'>misericordiam</span> <span class='ocrx_word' id='word_1_20' title='bbox 968 335 1158 374; x_wconf 90' lang='lat' dir='ltr'>avertat.</span> <span class='ocrx_word' id='word_1_21' title='bbox 1211 333 1364 376; x_wconf 80' lang='lat' dir='ltr'>Faciat</span> <span class='ocrx_word' id='word_1_22' title='bbox 1402 335 1738 388; x_wconf 82' lang='lat' dir='ltr'>unusquisque,</span> <span class='ocrx_word' id='word_1_23' title='bbox 1777 334 1901 387; x_wconf 93' lang='lat' dir='ltr'>quod</span> <span class='ocrx_word' id='word_1_24' title='bbox 1942 335 1988 376; x_wconf 92' lang='lat' dir='ltr'>in</span> 
     </span>
     <span class='ocr_line' id='line_1_4' title="bbox 218 403 1989 458; baseline 0.001 -13"><span class='ocrx_word' id='word_1_25' title='bbox 218 418 266 446; x_wconf 89' lang='lat' dir='ltr'>se</span> <span class='ocrx_word' id='word_1_26' title='bbox 295 407 383 456; x_wconf 91' lang='lat' dir='ltr'>est;</span> <span class='ocrx_word' id='word_1_27' title='bbox 415 408 459 446; x_wconf 88' lang='lat' dir='ltr'>et</span> <span class='ocrx_word' id='word_1_28' title='bbox 489 405 525 446; x_wconf 89' lang='lat' dir='ltr'>si</span> <span class='ocrx_word' id='word_1_29' title='bbox 556 404 665 446; x_wconf 89' lang='lat' dir='ltr'>talia</span> <span class='ocrx_word' id='word_1_30' title='bbox 695 403 847 444; x_wconf 91' lang='lat' dir='ltr'>ordini</span> <span class='ocrx_word' id='word_1_31' title='bbox 876 403 1007 445; x_wconf 84' lang='lat' dir='ltr'>fatali</span> <span class='ocrx_word' id='word_1_32' title='bbox 1039 403 1341 457; x_wconf 80' lang='lat' dir='ltr'>subiciantur,</span> <span class='ocrx_word' id='word_1_33' title='bbox 1372 405 1512 447; x_wconf 90' lang='lat' dir='ltr'>rebus</span> <span class='ocrx_word' id='word_1_34' title='bbox 1543 408 1696 447; x_wconf 87' lang='lat' dir='ltr'>tamen</span> <span class='ocrx_word' id='word_1_35' title='bbox 1725 417 1818 447; x_wconf 92' lang='lat' dir='ltr'>non</span> <span class='ocrx_word' id='word_1_36' title='bbox 1846 404 1989 458; x_wconf 92' lang='lat' dir='ltr'>impo-</span> 
     </span>
     <span class='ocr_line' id='line_1_5' title="bbox 216 474 1987 528; baseline 0.001 -12"><span class='ocrx_word' id='word_1_37' title='bbox 216 479 327 517; x_wconf 89' lang='lat' dir='ltr'>nant</span> <span class='ocrx_word' id='word_1_38' title='bbox 356 475 695 516; x_wconf 84' lang='lat' dir='ltr'>necessitatem.</span> <span class='ocrx_word' id='word_1_39' title='bbox 738 474 1001 516; x_wconf 87' lang='lat' dir='ltr'>Secundum</span> <span class='ocrx_word' id='word_1_40' title='bbox 1032 475 1227 528; x_wconf 91' lang='lat' dir='ltr'>signum,</span> <span class='ocrx_word' id='word_1_41' title='bbox 1257 476 1379 528; x_wconf 91' lang='lat' dir='ltr'>quod</span> <span class='ocrx_word' id='word_1_42' title='bbox 1409 475 1673 517; x_wconf 88' lang='lat' dir='ltr'>huiusmodi</span> <span class='ocrx_word' id='word_1_43' title='bbox 1703 475 1987 518; x_wconf 89' lang='lat' dir='ltr'>horrendum</span> 
     </span>
     <span class='ocr_line' id='line_1_6' title="bbox 217 544 1989 599; baseline 0.001 -13"><span class='ocrx_word' id='word_1_44' title='bbox 217 546 435 587; x_wconf 88' lang='lat' dir='ltr'>iudicium</span> <span class='ocrx_word' id='word_1_45' title='bbox 464 546 521 586; x_wconf 90' lang='lat' dir='ltr'>de</span> <span class='ocrx_word' id='word_1_46' title='bbox 547 558 694 598; x_wconf 82' lang='lat' dir='ltr'>prope</span> <span class='ocrx_word' id='word_1_47' title='bbox 724 545 781 587; x_wconf 89' lang='lat' dir='ltr'>sit</span> <span class='ocrx_word' id='word_1_48' title='bbox 808 544 1028 599; x_wconf 86' lang='lat' dir='ltr'>futurum,</span> <span class='ocrx_word' id='word_1_49' title='bbox 1057 549 1127 588; x_wconf 85' lang='lat' dir='ltr'>est</span> <span class='ocrx_word' id='word_1_50' title='bbox 1155 546 1357 588; x_wconf 82' lang='lat' dir='ltr'>caritatis</span> <span class='ocrx_word' id='word_1_51' title='bbox 1383 546 1606 588; x_wconf 84' lang='lat' dir='ltr'>extinctio</span> <span class='ocrx_word' id='word_1_52' title='bbox 1632 550 1722 589; x_wconf 87' lang='lat' dir='ltr'>tam</span> <span class='ocrx_word' id='word_1_53' title='bbox 1750 546 1989 589; x_wconf 70' lang='lat' dir='ltr'>maliciosa</span> 
     </span>
     <span class='ocr_line' id='line_1_7' title="bbox 219 616 1989 670; baseline 0.001 -13"><span class='ocrx_word' id='word_1_54' title='bbox 219 651 225 657; x_wconf 94' lang='lat'><em>.</em></span> <span class='ocrx_word' id='word_1_55' title='bbox 263 651 269 658; x_wconf 97' lang='lat'>.</span> <span class='ocrx_word' id='word_1_56' title='bbox 307 651 314 658; x_wconf 95' lang='lat'><strong>.</strong></span> <span class='ocrx_word' id='word_1_57' title='bbox 348 616 466 659; x_wconf 91' lang='lat' dir='ltr'>Olim</span> <span class='ocrx_word' id='word_1_58' title='bbox 498 616 612 658; x_wconf 85' lang='lat' dir='ltr'>exiit</span> <span class='ocrx_word' id='word_1_59' title='bbox 643 628 836 657; x_wconf 90' lang='lat' dir='ltr'>comune</span> <span class='ocrx_word' id='word_1_60' title='bbox 870 616 1188 668; x_wconf 88' lang='lat' dir='ltr'>proverbium:</span> <span class='ocrx_word' id='word_1_61' title='bbox 1236 617 1413 670; x_wconf 85' lang='lat' dir='ltr'>Regnat</span> <span class='ocrx_word' id='word_1_62' title='bbox 1445 617 1668 670; x_wconf 89' lang='lat' dir='ltr'>superbia</span> <span class='ocrx_word' id='word_1_63' title='bbox 1700 618 1747 659; x_wconf 94' lang='lat' dir='ltr'>in</span> <span class='ocrx_word' id='word_1_64' title='bbox 1781 617 1989 670; x_wconf 87' lang='lat' dir='ltr'>Francia,</span> 
     </span>
     <span class='ocr_line' id='line_1_8' title="bbox 218 686 1991 742; baseline 0.001 -14"><span class='ocrx_word' id='word_1_65' title='bbox 218 688 391 729; x_wconf 82' lang='lat' dir='ltr'>astucia</span> <span class='ocrx_word' id='word_1_66' title='bbox 422 687 468 728; x_wconf 92' lang='lat' dir='ltr'>in</span> <span class='ocrx_word' id='word_1_67' title='bbox 498 686 719 741; x_wconf 88' lang='lat' dir='ltr'>Britania,</span> <span class='ocrx_word' id='word_1_68' title='bbox 750 687 972 729; x_wconf 87' lang='lat' dir='ltr'>iactancia</span> <span class='ocrx_word' id='word_1_69' title='bbox 1001 687 1046 728; x_wconf 91' lang='lat' dir='ltr'>in</span> <span class='ocrx_word' id='word_1_70' title='bbox 1080 687 1303 741; x_wconf 88' lang='lat' dir='ltr'>Picardia,</span> <span class='ocrx_word' id='word_1_71' title='bbox 1335 688 1521 730; x_wconf 86' lang='lat' dir='ltr'>luxuria</span> <span class='ocrx_word' id='word_1_72' title='bbox 1550 689 1596 729; x_wconf 91' lang='lat' dir='ltr'>in</span> <span class='ocrx_word' id='word_1_73' title='bbox 1627 688 1857 742; x_wconf 89' lang='lat' dir='ltr'>Almania‚</span> <span class='ocrx_word' id='word_1_74' title='bbox 1887 700 1991 731; x_wconf 89' lang='lat' dir='ltr'>ava-</span> 
     </span>
     <span class='ocr_line' id='line_1_9' title="bbox 218 758 1991 812; baseline 0.001 -13"><span class='ocrx_word' id='word_1_75' title='bbox 218 758 330 800; x_wconf 90' lang='lat' dir='ltr'>ricia</span> <span class='ocrx_word' id='word_1_76' title='bbox 367 758 412 799; x_wconf 92' lang='lat' dir='ltr'>in</span> <span class='ocrx_word' id='word_1_77' title='bbox 451 758 745 811; x_wconf 90' lang='lat' dir='ltr'>Lombardia,</span> <span class='ocrx_word' id='word_1_78' title='bbox 783 758 1044 801; x_wconf 89' lang='lat' dir='ltr'>iuramenta</span> <span class='ocrx_word' id='word_1_79' title='bbox 1084 759 1130 800; x_wconf 92' lang='lat' dir='ltr'>in</span> <span class='ocrx_word' id='word_1_80' title='bbox 1168 759 1450 812; x_wconf 89' lang='lat' dir='ltr'>Burgundia,</span> <span class='ocrx_word' id='word_1_81' title='bbox 1489 760 1758 812; x_wconf 87' lang='lat' dir='ltr'>potaciones</span> <span class='ocrx_word' id='word_1_82' title='bbox 1796 760 1844 801; x_wconf 93' lang='lat' dir='ltr'>in</span> <span class='ocrx_word' id='word_1_83' title='bbox 1881 759 1991 802; x_wconf 93' lang='lat' dir='ltr'>Nor-</span> 
     </span>
     <span class='ocr_line' id='line_1_10' title="bbox 219 828 1990 883; baseline 0.001 -13"><span class='ocrx_word' id='word_1_84' title='bbox 219 829 370 871; x_wconf 89' lang='lat' dir='ltr'>mania</span> <span class='ocrx_word' id='word_1_85' title='bbox 407 828 714 882; x_wconf 91' lang='lat' dir='ltr'>decepciones</span> <span class='ocrx_word' id='word_1_86' title='bbox 750 828 796 870; x_wconf 91' lang='lat' dir='ltr'>in</span> <span class='ocrx_word' id='word_1_87' title='bbox 832 830 1014 883; x_wconf 84' lang='lat' dir='ltr'>Anglia,</span> <span class='ocrx_word' id='word_1_88' title='bbox 1049 829 1302 873; x_wconf 86' lang='lat' dir='ltr'>ebrietates</span> <span class='ocrx_word' id='word_1_89' title='bbox 1337 830 1382 871; x_wconf 92' lang='lat' dir='ltr'>in</span> <span class='ocrx_word' id='word_1_90' title='bbox 1421 830 1628 883; x_wconf 91' lang='lat' dir='ltr'>Polonia,</span> <span class='ocrx_word' id='word_1_91' title='bbox 1662 831 1785 873; x_wconf 90' lang='lat' dir='ltr'>circa</span> <span class='ocrx_word' id='word_1_92' title='bbox 1818 830 1990 872; x_wconf 88' lang='lat' dir='ltr'>milites</span> 
     </span>
     <span class='ocr_line' id='line_1_11' title="bbox 218 900 1992 954; baseline 0.001 -13"><span class='ocrx_word' id='word_1_93' title='bbox 218 900 382 953; x_wconf 83' lang='lat' dir='ltr'>rapina</span> <span class='ocrx_word' id='word_1_94' title='bbox 403 903 448 942; x_wconf 88' lang='lat' dir='ltr'>et</span> <span class='ocrx_word' id='word_1_95' title='bbox 466 900 738 954; x_wconf 50' lang='lat' dir='ltr'>tyrannviast)</span> <span class='ocrx_word' id='word_1_96' title='bbox 758 902 972 953; x_wconf 85' lang='lat' dir='ltr'>symonia</span> <span class='ocrx_word' id='word_1_97' title='bbox 995 902 1039 942; x_wconf 90' lang='lat' dir='ltr'>in</span> <span class='ocrx_word' id='word_1_98' title='bbox 1061 901 1269 943; x_wconf 85' lang='lat' dir='ltr'>Romana</span> <span class='ocrx_word' id='word_1_99' title='bbox 1289 901 1429 954; x_wconf 87' lang='lat' dir='ltr'>curia,</span> <span class='ocrx_word' id='word_1_100' title='bbox 1453 902 1575 943; x_wconf 90' lang='lat' dir='ltr'>inter</span> <span class='ocrx_word' id='word_1_101' title='bbox 1589 902 1848 954; x_wconf 76' lang='lat' dir='ltr'>populares</span> <span class='ocrx_word' id='word_1_102' title='bbox 1865 901 1992 944; x_wconf 80' lang='lat' dir='ltr'>frau-</span> 
     </span>
     <span class='ocr_line' id='line_1_12' title="bbox 218 971 1992 1024; baseline 0.001 -12"><span class='ocrx_word' id='word_1_103' title='bbox 218 971 446 1024; x_wconf 86' lang='lat' dir='ltr'>dulencia,</span> <span class='ocrx_word' id='word_1_104' title='bbox 475 972 601 1014; x_wconf 51' lang='lat' dir='ltr'>¹inter</span> <span class='ocrx_word' id='word_1_105' title='bbox 632 972 908 1015; x_wconf 87' lang='lat' dir='ltr'>claustrales</span> <span class='ocrx_word' id='word_1_106' title='bbox 938 985 1147 1014; x_wconf 90' lang='lat' dir='ltr'>murmur</span> <span class='ocrx_word' id='word_1_107' title='bbox 1179 976 1224 1014; x_wconf 88' lang='lat' dir='ltr'>et</span> <span class='ocrx_word' id='word_1_108' title='bbox 1254 972 1368 1024; x_wconf 86' lang='lat' dir='ltr'>rixa,</span> <span class='ocrx_word' id='word_1_109' title='bbox 1403 973 1524 1014; x_wconf 89' lang='lat' dir='ltr'>inter</span> <span class='ocrx_word' id='word_1_110' title='bbox 1555 972 1756 1015; x_wconf 89' lang='lat' dir='ltr'>curiales</span> <span class='ocrx_word' id='word_1_111' title='bbox 1787 972 1916 1015; x_wconf 90' lang='lat' dir='ltr'>zelus</span> <span class='ocrx_word' id='word_1_112' title='bbox 1946 975 1992 1014; x_wconf 88' lang='lat' dir='ltr'>et</span> 
     </span>
     <span class='ocr_line' id='line_1_13' title="bbox 220 1042 1991 1096; baseline 0.001 -13"><span class='ocrx_word' id='word_1_113' title='bbox 220 1042 458 1084; x_wconf 84' lang='lat' dir='ltr'>individia:</span> <span class='ocrx_word' id='word_1_114' title='bbox 500 1045 570 1084; x_wconf 89' lang='lat' dir='ltr'>set</span> <span class='ocrx_word' id='word_1_115' title='bbox 595 1055 732 1096; x_wconf 88' lang='lat' dir='ltr'>nunc,</span> <span class='ocrx_word' id='word_1_116' title='bbox 760 1043 884 1096; x_wconf 93' lang='lat' dir='ltr'>quod</span> <span class='ocrx_word' id='word_1_117' title='bbox 910 1043 1124 1085; x_wconf 87' lang='lat' dir='ltr'>dolenter</span> <span class='ocrx_word' id='word_1_118' title='bbox 1150 1043 1322 1096; x_wconf 81' lang='lat' dir='ltr'>refero,</span> <span class='ocrx_word' id='word_1_119' title='bbox 1349 1043 1521 1096; x_wconf 92' lang='lat' dir='ltr'>ubique</span> <span class='ocrx_word' id='word_1_120' title='bbox 1548 1056 1634 1096; x_wconf 92' lang='lat' dir='ltr'>per</span> <span class='ocrx_word' id='word_1_121' title='bbox 1660 1046 1802 1085; x_wconf 92' lang='lat' dir='ltr'>totum</span> <span class='ocrx_word' id='word_1_122' title='bbox 1830 1043 1991 1086; x_wconf 89' lang='lat' dir='ltr'>orbem</span> 
     </span>
     <span class='ocr_line' id='line_1_14' title="bbox 217 1113 1991 1168; baseline 0.001 -14"><span class='ocrx_word' id='word_1_123' title='bbox 217 1117 262 1155; x_wconf 91' lang='lat' dir='ltr'>et</span> <span class='ocrx_word' id='word_1_124' title='bbox 297 1114 342 1154; x_wconf 88' lang='lat' dir='ltr'>in</span> <span class='ocrx_word' id='word_1_125' title='bbox 378 1113 585 1166; x_wconf 91' lang='lat' dir='ltr'>qualibet</span> <span class='ocrx_word' id='word_1_126' title='bbox 620 1114 746 1156; x_wconf 91' lang='lat' dir='ltr'>orbis</span> <span class='ocrx_word' id='word_1_127' title='bbox 782 1114 1082 1166; x_wconf 74' lang='lat' dir='ltr'>porciuncula</span> <span class='ocrx_word' id='word_1_128' title='bbox 1115 1118 1243 1156; x_wconf 90' lang='lat' dir='ltr'>tanta</span> <span class='ocrx_word' id='word_1_129' title='bbox 1279 1115 1423 1156; x_wconf 86' lang='lat' dir='ltr'>crevit</span> <span class='ocrx_word' id='word_1_130' title='bbox 1459 1114 1680 1168; x_wconf 87' lang='lat' dir='ltr'>superbia</span> <span class='ocrx_word' id='word_1_131' title='bbox 1713 1118 1761 1156; x_wconf 92' lang='lat' dir='ltr'>et</span> <span class='ocrx_word' id='word_1_132' title='bbox 1793 1117 1991 1168; x_wconf 86' lang='lat' dir='ltr'>regnant</span> 
     </span>
     <span class='ocr_line' id='line_1_15' title="bbox 218 1185 1992 1239; baseline 0 -13"><span class='ocrx_word' id='word_1_133' title='bbox 218 1185 352 1226; x_wconf 88' lang='lat' dir='ltr'>simul</span> <span class='ocrx_word' id='word_1_134' title='bbox 385 1185 540 1227; x_wconf 91' lang='lat' dir='ltr'>omnia</span> <span class='ocrx_word' id='word_1_135' title='bbox 570 1188 615 1227; x_wconf 89' lang='lat' dir='ltr'>et</span> <span class='ocrx_word' id='word_1_136' title='bbox 645 1185 828 1238; x_wconf 90' lang='lat' dir='ltr'>singula</span> <span class='ocrx_word' id='word_1_137' title='bbox 858 1185 990 1238; x_wconf 88' lang='lat' dir='ltr'>vicia,</span> <span class='ocrx_word' id='word_1_138' title='bbox 1021 1186 1144 1239; x_wconf 90' lang='lat' dir='ltr'>quod</span> <span class='ocrx_word' id='word_1_139' title='bbox 1173 1185 1361 1238; x_wconf 91' lang='lat' dir='ltr'>penitus</span> <span class='ocrx_word' id='word_1_140' title='bbox 1391 1186 1575 1238; x_wconf 90' lang='lat' dir='ltr'>deperit</span> <span class='ocrx_word' id='word_1_141' title='bbox 1604 1185 1881 1239; x_wconf 87' lang='lat' dir='ltr'>benignitas,</span> <span class='ocrx_word' id='word_1_142' title='bbox 1912 1185 1992 1227; x_wconf 96' lang='lat' dir='ltr'>hu-</span> 
     </span>
     <span class='ocr_line' id='line_1_16' title="bbox 218 1255 1737 1308; baseline 0.001 -11"><span class='ocrx_word' id='word_1_143' title='bbox 218 1255 401 1308; x_wconf 89' lang='lat' dir='ltr'>militas,</span> <span class='ocrx_word' id='word_1_144' title='bbox 431 1255 704 1298; x_wconf 81' lang='lat' dir='ltr'>fraternitas</span> <span class='ocrx_word' id='word_1_145' title='bbox 735 1259 781 1298; x_wconf 88' lang='lat' dir='ltr'>et</span> <span class='ocrx_word' id='word_1_146' title='bbox 811 1257 979 1299; x_wconf 89' lang='lat' dir='ltr'>caritas</span> <span class='ocrx_word' id='word_1_147' title='bbox 1011 1257 1101 1298; x_wconf 91' lang='lat' dir='ltr'>iam</span> <span class='ocrx_word' id='word_1_148' title='bbox 1133 1256 1342 1299; x_wconf 85' lang='lat' dir='ltr'>funditus</span> <span class='ocrx_word' id='word_1_149' title='bbox 1375 1258 1609 1299; x_wconf 90' lang='lat' dir='ltr'>intereunt</span> <span class='ocrx_word' id='word_1_150' title='bbox 1641 1291 1648 1298; x_wconf 93' lang='lat'><strong><em>.</em></strong></span> <span class='ocrx_word' id='word_1_151' title='bbox 1685 1290 1693 1298; x_wconf 95' lang='lat'><strong>.</strong></span> <span class='ocrx_word' id='word_1_152' title='bbox 1730 1291 1737 1298; x_wconf 93' lang='lat'>.</span> 
     </span>
    </p>

    <p class='ocr_par' dir='ltr' id='par_1_3' title="bbox 217 1327 1994 1950">
     <span class='ocr_line' id='line_1_17' title="bbox 333 1327 1991 1380; baseline 0 -12"><span class='ocrx_word' id='word_1_153' title='bbox 333 1327 462 1368; x_wconf 91' lang='lat' dir='ltr'>Nunc</span> <span class='ocrx_word' id='word_1_154' title='bbox 489 1327 613 1368; x_wconf 90' lang='lat' dir='ltr'>enim</span> <span class='ocrx_word' id='word_1_155' title='bbox 641 1330 837 1380; x_wconf 86' lang='lat' dir='ltr'>propter</span> <span class='ocrx_word' id='word_1_156' title='bbox 866 1327 1208 1369; x_wconf 87' lang='lat' dir='ltr'>multitudinem</span> <span class='ocrx_word' id='word_1_157' title='bbox 1239 1341 1264 1370; x_wconf 90' lang='lat' dir='ltr'>a</span> <span class='ocrx_word' id='word_1_158' title='bbox 1294 1327 1391 1369; x_wconf 84' lang='lat' dir='ltr'>fide</span> <span class='ocrx_word' id='word_1_159' title='bbox 1422 1328 1686 1369; x_wconf 83' lang='lat' dir='ltr'>errancium</span> <span class='ocrx_word' id='word_1_160' title='bbox 1716 1328 1872 1370; x_wconf 84' lang='lat' dir='ltr'>clerus</span> <span class='ocrx_word' id='word_1_161' title='bbox 1901 1327 1991 1369; x_wconf 86' lang='lat' dir='ltr'>iam</span> 
     </span>
     <span class='ocr_line' id='line_1_18' title="bbox 219 1398 1992 1452; baseline 0.001 -13"><span class='ocrx_word' id='word_1_162' title='bbox 219 1398 367 1440; x_wconf 78' lang='lat' dir='ltr'>factus</span> <span class='ocrx_word' id='word_1_163' title='bbox 409 1401 479 1441; x_wconf 92' lang='lat' dir='ltr'>est</span> <span class='ocrx_word' id='word_1_164' title='bbox 520 1398 686 1441; x_wconf 92' lang='lat' dir='ltr'>similis</span> <span class='ocrx_word' id='word_1_165' title='bbox 723 1398 917 1441; x_wconf 80' lang='lat' dir='ltr'>edificio</span> <span class='ocrx_word' id='word_1_166' title='bbox 960 1399 1164 1452; x_wconf 88' lang='lat' dir='ltr'>ruinoso,</span> <span class='ocrx_word' id='word_1_167' title='bbox 1207 1411 1329 1440; x_wconf 92' lang='lat' dir='ltr'>nunc</span> <span class='ocrx_word' id='word_1_168' title='bbox 1370 1401 1563 1452; x_wconf 89' lang='lat' dir='ltr'>propter</span> <span class='ocrx_word' id='word_1_169' title='bbox 1605 1398 1924 1441; x_wconf 88' lang='lat' dir='ltr'>deviacionem</span> <span class='ocrx_word' id='word_1_170' title='bbox 1967 1410 1992 1440; x_wconf 92' lang='lat' dir='ltr'>a</span> 
     </span>
     <span class='ocr_line' id='line_1_19' title="bbox 218 1469 1991 1523; baseline 0.001 -13"><span class='ocrx_word' id='word_1_171' title='bbox 218 1469 395 1511; x_wconf 86' lang='lat' dir='ltr'>semitis</span> <span class='ocrx_word' id='word_1_172' title='bbox 413 1469 681 1511; x_wconf 88' lang='lat' dir='ltr'>divinarum</span> <span class='ocrx_word' id='word_1_173' title='bbox 704 1469 859 1523; x_wconf 87' lang='lat' dir='ltr'>legum</span> <span class='ocrx_word' id='word_1_174' title='bbox 883 1469 1128 1512; x_wconf 68' lang='lat' dir='ltr'>multitudo</span> <span class='ocrx_word' id='word_1_175' title='bbox 1149 1470 1263 1511; x_wconf 81' lang='lat' dir='ltr'>cleri</span> <span class='ocrx_word' id='word_1_176' title='bbox 1286 1469 1455 1512; x_wconf 77' lang='lat' dir='ltr'>similis</span> <span class='ocrx_word' id='word_1_177' title='bbox 1473 1474 1547 1513; x_wconf 83' lang='lat' dir='ltr'>est</span> <span class='ocrx_word' id='word_1_178' title='bbox 1568 1470 1698 1523; x_wconf 84' lang='lat' dir='ltr'>gregi</span> <span class='ocrx_word' id='word_1_179' title='bbox 1719 1469 1991 1512; x_wconf 85' lang='lat' dir='ltr'>err-abundo</span> 
     </span>
     <span class='ocr_line' id='line_1_20' title="bbox 218 1539 1993 1594; baseline 0.001 -13"><span class='ocrx_word' id='word_1_180' title='bbox 218 1543 262 1581; x_wconf 89' lang='lat' dir='ltr'>et</span> <span class='ocrx_word' id='word_1_181' title='bbox 289 1540 474 1593; x_wconf 88' lang='lat' dir='ltr'>perdito</span> <span class='ocrx_word' id='word_1_182' title='bbox 502 1543 547 1582; x_wconf 93' lang='lat' dir='ltr'>et</span> <span class='ocrx_word' id='word_1_183' title='bbox 574 1540 622 1582; x_wconf 92' lang='lat' dir='ltr'>in</span> <span class='ocrx_word' id='word_1_184' title='bbox 651 1540 805 1582; x_wconf 90' lang='lat' dir='ltr'>medio</span> <span class='ocrx_word' id='word_1_185' title='bbox 834 1539 1052 1594; x_wconf 84' lang='lat' dir='ltr'>luporum</span> <span class='ocrx_word' id='word_1_186' title='bbox 1080 1541 1340 1594; x_wconf 89' lang='lat' dir='ltr'>constituto,</span> <span class='ocrx_word' id='word_1_187' title='bbox 1369 1553 1492 1582; x_wconf 92' lang='lat' dir='ltr'>nunc</span> <span class='ocrx_word' id='word_1_188' title='bbox 1519 1543 1713 1594; x_wconf 88' lang='lat' dir='ltr'>propter</span> <span class='ocrx_word' id='word_1_189' title='bbox 1741 1539 1993 1583; x_wconf 91' lang='lat' dir='ltr'>multitudi-</span> 
     </span>
     <span class='ocr_line' id='line_1_21' title="bbox 218 1610 1993 1665; baseline 0.001 -13"><span class='ocrx_word' id='word_1_190' title='bbox 218 1623 324 1652; x_wconf 89' lang='lat' dir='ltr'>nem</span> <span class='ocrx_word' id='word_1_191' title='bbox 356 1614 568 1653; x_wconf 81' lang='lat' dir='ltr'>reatuum</span> <span class='ocrx_word' id='word_1_192' title='bbox 601 1611 715 1653; x_wconf 89' lang='lat' dir='ltr'>cleri</span> <span class='ocrx_word' id='word_1_193' title='bbox 747 1611 1138 1665; x_wconf 87' lang='lat' dir='ltr'>transgredientis</span> <span class='ocrx_word' id='word_1_194' title='bbox 1169 1611 1386 1654; x_wconf 89' lang='lat' dir='ltr'>mandata</span> <span class='ocrx_word' id='word_1_195' title='bbox 1419 1611 1505 1653; x_wconf 89' lang='lat' dir='ltr'>Dei</span> <span class='ocrx_word' id='word_1_196' title='bbox 1538 1612 1692 1654; x_wconf 89' lang='lat' dir='ltr'>clerus</span> <span class='ocrx_word' id='word_1_197' title='bbox 1726 1610 1890 1655; x_wconf 88' lang='lat' dir='ltr'>similis</span> <span class='ocrx_word' id='word_1_198' title='bbox 1921 1614 1993 1653; x_wconf 88' lang='lat' dir='ltr'>est</span> 
     </span>
     <span class='ocr_line' id='line_1_22' title="bbox 217 1682 1991 1736; baseline 0.001 -13"><span class='ocrx_word' id='word_1_199' title='bbox 217 1683 331 1726; x_wconf 86' lang='lat' dir='ltr'>viris</span> <span class='ocrx_word' id='word_1_200' title='bbox 353 1683 508 1726; x_wconf 84' lang='lat' dir='ltr'>alieno</span> <span class='ocrx_word' id='word_1_201' title='bbox 531 1695 674 1724; x_wconf 90' lang='lat' dir='ltr'>onere</span> <span class='ocrx_word' id='word_1_202' title='bbox 698 1683 954 1736; x_wconf 78' lang='lat' dir='ltr'>oppressis,</span> <span class='ocrx_word' id='word_1_203' title='bbox 975 1695 1097 1724; x_wconf 90' lang='lat' dir='ltr'>nunc</span> <span class='ocrx_word' id='word_1_204' title='bbox 1119 1686 1312 1736; x_wconf 74' lang='lat' dir='ltr'>propter</span> <span class='ocrx_word' id='word_1_205' title='bbox 1336 1682 1609 1725; x_wconf 89' lang='lat' dir='ltr'>varietatem</span> <span class='ocrx_word' id='word_1_206' title='bbox 1631 1682 1991 1736; x_wconf 87' lang='lat' dir='ltr'>perversitatum</span> 
     </span>
     <span class='ocr_line' id='line_1_23' title="bbox 218 1753 1991 1807; baseline 0 -13"><span class='ocrx_word' id='word_1_207' title='bbox 218 1753 264 1794; x_wconf 91' lang='lat' dir='ltr'>in</span> <span class='ocrx_word' id='word_1_208' title='bbox 298 1754 423 1795; x_wconf 91' lang='lat' dir='ltr'>clero</span> <span class='ocrx_word' id='word_1_209' title='bbox 455 1756 582 1796; x_wconf 89' lang='lat' dir='ltr'>tanta</span> <span class='ocrx_word' id='word_1_210' title='bbox 615 1757 686 1796; x_wconf 90' lang='lat' dir='ltr'>est</span> <span class='ocrx_word' id='word_1_211' title='bbox 718 1754 865 1807; x_wconf 82' lang='lat' dir='ltr'>tabeS,</span> <span class='ocrx_word' id='word_1_212' title='bbox 898 1756 1026 1796; x_wconf 85' lang='lat' dir='ltr'>tanta</span> <span class='ocrx_word' id='word_1_213' title='bbox 1059 1757 1129 1796; x_wconf 88' lang='lat' dir='ltr'>est</span> <span class='ocrx_word' id='word_1_214' title='bbox 1161 1753 1437 1807; x_wconf 89' lang='lat' dir='ltr'>pestilencia</span> <span class='ocrx_word' id='word_1_215' title='bbox 1472 1753 1743 1807; x_wconf 86' lang='lat' dir='ltr'>spiritualis,</span> <span class='ocrx_word' id='word_1_216' title='bbox 1777 1756 1827 1796; x_wconf 91' lang='lat' dir='ltr'>ut</span> <span class='ocrx_word' id='word_1_217' title='bbox 1856 1753 1991 1807; x_wconf 88' lang='lat' dir='ltr'>quasi</span> 
     </span>
     <span class='ocr_line' id='line_1_24' title="bbox 220 1824 1992 1878; baseline 0.001 -12"><span class='ocrx_word' id='word_1_218' title='bbox 220 1836 356 1866; x_wconf 89' lang='lat' dir='ltr'>omne</span> <span class='ocrx_word' id='word_1_219' title='bbox 377 1827 513 1878; x_wconf 88' lang='lat' dir='ltr'>caput</span> <span class='ocrx_word' id='word_1_220' title='bbox 535 1824 592 1867; x_wconf 90' lang='lat' dir='ltr'>sit</span> <span class='ocrx_word' id='word_1_221' title='bbox 613 1825 883 1878; x_wconf 87' lang='lat' dir='ltr'>languidum</span> <span class='ocrx_word' id='word_1_222' title='bbox 905 1828 950 1867; x_wconf 93' lang='lat' dir='ltr'>et</span> <span class='ocrx_word' id='word_1_223' title='bbox 970 1837 1106 1867; x_wconf 92' lang='lat' dir='ltr'>omne</span> <span class='ocrx_word' id='word_1_224' title='bbox 1129 1838 1206 1867; x_wconf 89' lang='lat' dir='ltr'>cor</span> <span class='ocrx_word' id='word_1_225' title='bbox 1229 1837 1434 1877; x_wconf 81' lang='lat' dir='ltr'>merens3</span> <span class='ocrx_word' id='word_1_226' title='bbox 1460 1824 1521 1867; x_wconf 90' lang='lat' dir='ltr'>ita</span> <span class='ocrx_word' id='word_1_227' title='bbox 1543 1824 1666 1878; x_wconf 91' lang='lat' dir='ltr'>quod</span> <span class='ocrx_word' id='word_1_228' title='bbox 1687 1837 1714 1867; x_wconf 91' lang='lat' dir='ltr'>a</span> <span class='ocrx_word' id='word_1_229' title='bbox 1732 1824 1895 1878; x_wconf 91' lang='lat' dir='ltr'>planta</span> <span class='ocrx_word' id='word_1_230' title='bbox 1913 1836 1992 1878; x_wconf 87' lang='lat' dir='ltr'>pe-</span> 
     </span>
     <span class='ocr_line' id='line_1_25' title="bbox 221 1894 1994 1950; baseline 0 -14"><span class='ocrx_word' id='word_1_231' title='bbox 221 1894 291 1936; x_wconf 88' lang='lat' dir='ltr'>dis</span> <span class='ocrx_word' id='word_1_232' title='bbox 321 1908 470 1948; x_wconf 79' lang='lat' dir='ltr'>usque</span> <span class='ocrx_word' id='word_1_233' title='bbox 502 1895 561 1938; x_wconf 87' lang='lat' dir='ltr'>ad</span> <span class='ocrx_word' id='word_1_234' title='bbox 592 1896 812 1938; x_wconf 89' lang='lat' dir='ltr'>verticem</span> <span class='ocrx_word' id='word_1_235' title='bbox 844 1896 920 1937; x_wconf 84' lang='lat' dir='ltr'>vix</span> <span class='ocrx_word' id='word_1_236' title='bbox 951 1899 1022 1938; x_wconf 86' lang='lat' dir='ltr'>est</span> <span class='ocrx_word' id='word_1_237' title='bbox 1052 1896 1100 1937; x_wconf 91' lang='lat' dir='ltr'>in</span> <span class='ocrx_word' id='word_1_238' title='bbox 1133 1909 1188 1938; x_wconf 89' lang='lat' dir='ltr'>eo</span> <span class='ocrx_word' id='word_1_239' title='bbox 1221 1895 1395 1938; x_wconf 89' lang='lat' dir='ltr'>sanitas</span> <span class='ocrx_word' id='word_1_240' title='bbox 1429 1930 1436 1937; x_wconf 96' lang='lat'><strong>.</strong></span> <span class='ocrx_word' id='word_1_241' title='bbox 1473 1930 1481 1937; x_wconf 91' lang='lat'><strong><em>.</em></strong></span> <span class='ocrx_word' id='word_1_242' title='bbox 1517 1930 1525 1937; x_wconf 92' lang='lat'><strong>.</strong></span> <span class='ocrx_word' id='word_1_243' title='bbox 1558 1895 1592 1938; x_wconf 95' lang='lat' dir='ltr'>O</span> <span class='ocrx_word' id='word_1_244' title='bbox 1626 1907 1794 1950; x_wconf 81' lang='lat' dir='ltr'>mores,</span> <span class='ocrx_word' id='word_1_245' title='bbox 1825 1908 1852 1937; x_wconf 95' lang='lat' dir='ltr'>o</span> <span class='ocrx_word' id='word_1_246' title='bbox 1882 1899 1994 1938; x_wconf 88' lang='lat' dir='ltr'>tem-</span> 
     </span>
    </p>
   </div>
   <div class='ocr_carea' id='block_1_3' title="bbox 221 1966 2007 2020">
    <p class='ocr_par' dir='ltr' id='par_1_4' title="bbox 221 1966 2007 2020">
     <span class='ocr_line' id='line_1_26' title="bbox 221 1966 2007 2020; baseline 0.001 -13"><span class='ocrx_word' id='word_1_247' title='bbox 221 1966 351 2018; x_wconf 89' lang='lat' dir='ltr'>pora!</span> <span class='ocrx_word' id='word_1_248' title='bbox 391 1966 665 2009; x_wconf 79' lang='lat' dir='ltr'>Ludibrium</span> <span class='ocrx_word' id='word_1_249' title='bbox 686 1980 812 2009; x_wconf 87' lang='lat' dir='ltr'>nunc</span> <span class='ocrx_word' id='word_1_250' title='bbox 835 1967 960 2020; x_wconf 73' lang='lat' dir='ltr'>apud</span> <span class='ocrx_word' id='word_1_251' title='bbox 984 1967 1208 2020; x_wconf 86' lang='lat' dir='ltr'>quosdam</span> <span class='ocrx_word' id='word_1_252' title='bbox 1234 1980 1293 2009; x_wconf 86' lang='lat' dir='ltr'>ex</span> <span class='ocrx_word' id='word_1_253' title='bbox 1314 1967 1512 2020; x_wconf 88' lang='lat' dir='ltr'>prelatis</span> <span class='ocrx_word' id='word_1_254' title='bbox 1536 1968 1610 2009; x_wconf 86' lang='lat' dir='ltr'>vel</span> <span class='ocrx_word' id='word_1_255' title='bbox 1635 1966 2007 2020; x_wconf 57' lang='lat' dir='ltr'>obprobriosum,</span> 
     </span>
    </p>
   </div>
   <div class='ocr_carea' id='block_1_4' title="bbox 198 2036 1996 3012">
    <p class='ocr_par' dir='ltr' id='par_1_5' title="bbox 220 2036 1996 2657">
     <span class='ocr_line' id='line_1_27' title="bbox 221 2036 1993 2092; baseline 0.001 -14"><span class='ocrx_word' id='word_1_256' title='bbox 221 2036 397 2090; x_wconf 87' lang='lat' dir='ltr'>aliquid</span> <span class='ocrx_word' id='word_1_257' title='bbox 422 2037 672 2080; x_wconf 81' lang='lat' dir='ltr'>artificium</span> <span class='ocrx_word' id='word_1_258' title='bbox 699 2050 875 2091; x_wconf 89' lang='lat' dir='ltr'>suaque</span> <span class='ocrx_word' id='word_1_259' title='bbox 903 2037 1145 2092; x_wconf 91' lang='lat' dir='ltr'>indignum</span> <span class='ocrx_word' id='word_1_260' title='bbox 1172 2037 1394 2092; x_wconf 86' lang='lat' dir='ltr'>dignitate</span> <span class='ocrx_word' id='word_1_261' title='bbox 1419 2037 1683 2091; x_wconf 88' lang='lat' dir='ltr'>predicacio</span> <span class='ocrx_word' id='word_1_262' title='bbox 1706 2037 1781 2080; x_wconf 92' lang='lat' dir='ltr'>vel</span> <span class='ocrx_word' id='word_1_263' title='bbox 1804 2037 1993 2091; x_wconf 83' lang='lat' dir='ltr'>publica</span> 
     </span>
     <span class='ocr_line' id='line_1_28' title="bbox 220 2107 1993 2162; baseline 0 -13"><span class='ocrx_word' id='word_1_264' title='bbox 220 2108 278 2149; x_wconf 88' lang='lat' dir='ltr'>ad</span> <span class='ocrx_word' id='word_1_265' title='bbox 306 2109 530 2161; x_wconf 87' lang='lat' dir='ltr'>populum</span> <span class='ocrx_word' id='word_1_266' title='bbox 559 2108 826 2151; x_wconf 85' lang='lat' dir='ltr'>exhortacio</span> <span class='ocrx_word' id='word_1_267' title='bbox 856 2108 1096 2151; x_wconf 88' lang='lat' dir='ltr'>iudicatur.</span> <span class='ocrx_word' id='word_1_268' title='bbox 1139 2109 1231 2162; x_wconf 88' lang='lat' dir='ltr'>Est,</span> <span class='ocrx_word' id='word_1_269' title='bbox 1260 2108 1487 2162; x_wconf 91' lang='lat' dir='ltr'>inquiunt,</span> <span class='ocrx_word' id='word_1_270' title='bbox 1515 2109 1601 2151; x_wconf 91' lang='lat' dir='ltr'>hoc</span> <span class='ocrx_word' id='word_1_271' title='bbox 1628 2107 1838 2151; x_wconf 82' lang='lat' dir='ltr'>officium</span> <span class='ocrx_word' id='word_1_272' title='bbox 1868 2107 1993 2150; x_wconf 88' lang='lat' dir='ltr'>Men-</span> 
     </span>
     <span class='ocr_line' id='line_1_29' title="bbox 220 2178 1994 2233; baseline 0 -13"><span class='ocrx_word' id='word_1_273' title='bbox 220 2179 475 2220; x_wconf 89' lang='lat' dir='ltr'>dicancium</span> <span class='ocrx_word' id='word_1_274' title='bbox 514 2181 586 2221; x_wconf 90' lang='lat' dir='ltr'>vel</span> <span class='ocrx_word' id='word_1_275' title='bbox 625 2192 884 2233; x_wconf 88' lang='lat' dir='ltr'>pauperum</span> <span class='ocrx_word' id='word_1_276' title='bbox 921 2180 1242 2233; x_wconf 87' lang='lat' dir='ltr'>theologorum</span> <span class='ocrx_word' id='word_1_277' title='bbox 1282 2214 1290 2222; x_wconf 93' lang='lat'><strong><em>.</em></strong></span> <span class='ocrx_word' id='word_1_278' title='bbox 1327 2214 1334 2221; x_wconf 94' lang='lat'><strong>.</strong></span> <span class='ocrx_word' id='word_1_279' title='bbox 1371 2214 1379 2222; x_wconf 88' lang='lat'><strong>.</strong></span> <span class='ocrx_word' id='word_1_280' title='bbox 1434 2179 1800 2233; x_wconf 58' lang='lat' dir='ltr'>Improperanfdo</span> <span class='ocrx_word' id='word_1_281' title='bbox 1837 2178 1994 2221; x_wconf 88' lang='lat' dir='ltr'>dicunt</span> 
     </span>
     <span class='ocr_line' id='line_1_30' title="bbox 220 2249 1993 2304; baseline 0.001 -14"><span class='ocrx_word' id='word_1_282' title='bbox 220 2250 435 2291; x_wconf 89' lang='lat' dir='ltr'>nonnulli</span> <span class='ocrx_word' id='word_1_283' title='bbox 461 2250 766 2303; x_wconf 87' lang='lat' dir='ltr'>prelatorum:</span> <span class='ocrx_word' id='word_1_284' title='bbox 809 2251 915 2304; x_wconf 90' lang='lat' dir='ltr'>Cur,</span> <span class='ocrx_word' id='word_1_285' title='bbox 944 2251 1172 2304; x_wconf 83' lang='lat' dir='ltr'>inquiunt,</span> <span class='ocrx_word' id='word_1_286' title='bbox 1200 2263 1283 2294; x_wconf 88' lang='lat' dir='ltr'>vos</span> <span class='ocrx_word' id='word_1_287' title='bbox 1310 2251 1513 2304; x_wconf 86' lang='lat' dir='ltr'>theologi</span> <span class='ocrx_word' id='word_1_288' title='bbox 1542 2250 1743 2293; x_wconf 88' lang='lat' dir='ltr'>maxime</span> <span class='ocrx_word' id='word_1_289' title='bbox 1768 2249 1993 2292; x_wconf 88' lang='lat' dir='ltr'>-doctorati</span> 
     </span>
     <span class='ocr_line' id='line_1_31' title="bbox 224 2319 1994 2374; baseline 0 -12"><span class='ocrx_word' id='word_1_290' title='bbox 224 2333 316 2363; x_wconf 92' lang='lat' dir='ltr'>non</span> <span class='ocrx_word' id='word_1_291' title='bbox 352 2320 634 2374; x_wconf 81' lang='lat' dir='ltr'>predicatis‘?</span> <span class='ocrx_word' id='word_1_292' title='bbox 685 2321 777 2363; x_wconf 89' lang='lat' dir='ltr'>Cur</span> <span class='ocrx_word' id='word_1_293' title='bbox 813 2321 942 2364; x_wconf 88' lang='lat' dir='ltr'>statis</span> <span class='ocrx_word' id='word_1_294' title='bbox 979 2322 1053 2363; x_wconf 87' lang='lat' dir='ltr'>vel</span> <span class='ocrx_word' id='word_1_295' title='bbox 1090 2323 1136 2363; x_wconf 92' lang='lat' dir='ltr'>in</span> <span class='ocrx_word' id='word_1_296' title='bbox 1174 2321 1327 2364; x_wconf 83' lang='lat' dir='ltr'>studio</span> <span class='ocrx_word' id='word_1_297' title='bbox 1361 2322 1435 2363; x_wconf 91' lang='lat' dir='ltr'>vel</span> <span class='ocrx_word' id='word_1_298' title='bbox 1474 2321 1521 2363; x_wconf 91' lang='lat' dir='ltr'>in</span> <span class='ocrx_word' id='word_1_299' title='bbox 1556 2321 1754 2364; x_wconf 89' lang='lat' dir='ltr'>cameris</span> <span class='ocrx_word' id='word_1_300' title='bbox 1790 2323 1884 2363; x_wconf 89' lang='lat' dir='ltr'>tota</span> <span class='ocrx_word' id='word_1_301' title='bbox 1917 2319 1994 2362; x_wconf 90' lang='lat' dir='ltr'>die</span> 
     </span>
     <span class='ocr_line' id='line_1_32' title="bbox 222 2391 1996 2444; baseline 0 -12"><span class='ocrx_word' id='word_1_302' title='bbox 222 2391 392 2433; x_wconf 75' lang='lat' dir='ltr'>ociosi?</span> <span class='ocrx_word' id='word_1_303' title='bbox 440 2391 532 2433; x_wconf 90' lang='lat' dir='ltr'>Cur</span> <span class='ocrx_word' id='word_1_304' title='bbox 564 2391 762 2434; x_wconf 88' lang='lat' dir='ltr'>sciencie</span> <span class='ocrx_word' id='word_1_305' title='bbox 794 2392 1019 2434; x_wconf 82' lang='lat' dir='ltr'>talentum</span> <span class='ocrx_word' id='word_1_306' title='bbox 1051 2393 1184 2435; x_wconf 89' lang='lat' dir='ltr'>vobis</span> <span class='ocrx_word' id='word_1_307' title='bbox 1217 2392 1434 2434; x_wconf 91' lang='lat' dir='ltr'>collatum</span> <span class='ocrx_word' id='word_1_308' title='bbox 1468 2391 1708 2434; x_wconf 79' lang='lat' dir='ltr'>retinetis?</span> <span class='ocrx_word' id='word_1_309' title='bbox 1755 2391 1996 2444; x_wconf 78' lang='lat' dir='ltr'>Accipiant</span> 
     </span>
     <span class='ocr_line' id='line_1_33' title="bbox 223 2463 1994 2516; baseline -0.001 -12"><span class='ocrx_word' id='word_1_310' title='bbox 223 2463 287 2504; x_wconf 91' lang='lat' dir='ltr'>sic</span> <span class='ocrx_word' id='word_1_311' title='bbox 311 2463 558 2515; x_wconf 91' lang='lat' dir='ltr'>loquentes</span> <span class='ocrx_word' id='word_1_312' title='bbox 582 2475 740 2504; x_wconf 90' lang='lat' dir='ltr'>veram</span> <span class='ocrx_word' id='word_1_313' title='bbox 765 2463 883 2505; x_wconf 90' lang='lat' dir='ltr'>hanc</span> <span class='ocrx_word' id='word_1_314' title='bbox 908 2476 994 2516; x_wconf 90' lang='lat' dir='ltr'>pro</span> <span class='ocrx_word' id='word_1_315' title='bbox 1019 2463 1174 2505; x_wconf 90' lang='lat' dir='ltr'>multis</span> <span class='ocrx_word' id='word_1_316' title='bbox 1201 2463 1573 2516; x_wconf 89' lang='lat' dir='ltr'>responsionem:</span> <span class='ocrx_word' id='word_1_317' title='bbox 1613 2463 1758 2505; x_wconf 87' lang='lat' dir='ltr'>Nemo</span> <span class='ocrx_word' id='word_1_318' title='bbox 1780 2474 1866 2505; x_wconf 88' lang='lat' dir='ltr'>nos</span> <span class='ocrx_word' id='word_1_319' title='bbox 1889 2473 1994 2505; x_wconf 91' lang='lat' dir='ltr'>con-</span> 
     </span>
     <span class='ocr_line' id='line_1_34' title="bbox 224 2532 1995 2588; baseline 0 -14"><span class='ocrx_word' id='word_1_320' title='bbox 224 2532 355 2575; x_wconf 87' lang='lat' dir='ltr'>duxit</span> <span class='ocrx_word' id='word_1_321' title='bbox 381 2533 480 2588; x_wconf 93' lang='lat' dir='ltr'>(Mt.</span> <span class='ocrx_word' id='word_1_322' title='bbox 505 2533 571 2587; x_wconf 82' lang='lat'>2),</span> <span class='ocrx_word' id='word_1_323' title='bbox 596 2545 749 2586; x_wconf 91' lang='lat' dir='ltr'>neque</span> <span class='ocrx_word' id='word_1_324' title='bbox 775 2533 897 2575; x_wconf 88' lang='lat' dir='ltr'>enim</span> <span class='ocrx_word' id='word_1_325' title='bbox 925 2534 1117 2576; x_wconf 89' lang='lat' dir='ltr'>licencia</span> <span class='ocrx_word' id='word_1_326' title='bbox 1142 2533 1423 2587; x_wconf 89' lang='lat' dir='ltr'>magistralis</span> <span class='ocrx_word' id='word_1_327' title='bbox 1450 2534 1497 2575; x_wconf 92' lang='lat' dir='ltr'>in</span> <span class='ocrx_word' id='word_1_328' title='bbox 1522 2533 1755 2587; x_wconf 89' lang='lat' dir='ltr'>theologia</span> <span class='ocrx_word' id='word_1_329' title='bbox 1781 2533 1859 2576; x_wconf 89' lang='lat' dir='ltr'>dat</span> <span class='ocrx_word' id='word_1_330' title='bbox 1881 2532 1995 2575; x_wconf 91' lang='lat' dir='ltr'>obli—</span> 
     </span>
     <span class='ocr_line' id='line_1_35' title="bbox 221 2603 889 2657; baseline 0.001 -12"><span class='ocrx_word' id='word_1_331' title='bbox 221 2604 461 2656; x_wconf 89' lang='lat' dir='ltr'>gacionem</span> <span class='ocrx_word' id='word_1_332' title='bbox 489 2603 763 2657; x_wconf 89' lang='lat' dir='ltr'>predicandi</span> <span class='ocrx_word' id='word_1_333' title='bbox 793 2638 801 2646; x_wconf 93' lang='lat'><strong>.</strong></span> <span class='ocrx_word' id='word_1_334' title='bbox 837 2638 845 2646; x_wconf 88' lang='lat'><strong>.</strong></span> <span class='ocrx_word' id='word_1_335' title='bbox 882 2638 889 2646; x_wconf 93' lang='lat'><strong>.</strong></span> 
     </span>
    </p>

    <p class='ocr_par' dir='ltr' id='par_1_6' title="bbox 224 2674 1995 2870">
     <span class='ocr_line' id='line_1_36' title="bbox 340 2674 1995 2729; baseline 0 -13"><span class='ocrx_word' id='word_1_336' title='bbox 340 2674 530 2717; x_wconf 90' lang='lat' dir='ltr'>Addunt</span> <span class='ocrx_word' id='word_1_337' title='bbox 546 2677 785 2728; x_wconf 73' lang='lat' dir='ltr'>preterea:</span> <span class='ocrx_word' id='word_1_338' title='bbox 824 2675 1124 2718; x_wconf 89' lang='lat' dir='ltr'>Predicamus</span> <span class='ocrx_word' id='word_1_339' title='bbox 1146 2676 1275 2729; x_wconf 92' lang='lat' dir='ltr'>gregi</span> <span class='ocrx_word' id='word_1_340' title='bbox 1297 2679 1457 2718; x_wconf 85' lang='lat' dir='ltr'>nostro</span> <span class='ocrx_word' id='word_1_341' title='bbox 1477 2687 1562 2729; x_wconf 91' lang='lat' dir='ltr'>per</span> <span class='ocrx_word' id='word_1_342' title='bbox 1585 2675 1872 2728; x_wconf 88' lang='lat' dir='ltr'>substitutos,</span> <span class='ocrx_word' id='word_1_343' title='bbox 1892 2685 1995 2728; x_wconf 87' lang='lat' dir='ltr'>pre-</span> 
     </span>
     <span class='ocr_line' id='line_1_37' title="bbox 225 2745 1992 2799; baseline 0 -13"><span class='ocrx_word' id='word_1_344' title='bbox 225 2745 430 2788; x_wconf 89' lang='lat' dir='ltr'>dicamus</span> <span class='ocrx_word' id='word_1_345' title='bbox 448 2758 535 2799; x_wconf 89' lang='lat' dir='ltr'>per</span> <span class='ocrx_word' id='word_1_346' title='bbox 555 2745 689 2798; x_wconf 86' lang='lat' dir='ltr'>tales,</span> <span class='ocrx_word' id='word_1_347' title='bbox 711 2746 788 2799; x_wconf 90' lang='lat' dir='ltr'>qui</span> <span class='ocrx_word' id='word_1_348' title='bbox 809 2758 859 2787; x_wconf 91' lang='lat' dir='ltr'>se</span> <span class='ocrx_word' id='word_1_349' title='bbox 882 2745 941 2788; x_wconf 92' lang='lat' dir='ltr'>ad</span> <span class='ocrx_word' id='word_1_350' title='bbox 962 2746 1046 2788; x_wconf 91' lang='lat' dir='ltr'>hoc</span> <span class='ocrx_word' id='word_1_351' title='bbox 1068 2758 1184 2799; x_wconf 91' lang='lat' dir='ltr'>opus</span> <span class='ocrx_word' id='word_1_352' title='bbox 1205 2746 1409 2788; x_wconf 90' lang='lat' dir='ltr'>libenter</span> <span class='ocrx_word' id='word_1_353' title='bbox 1431 2747 1648 2799; x_wconf 90' lang='lat' dir='ltr'>ingerunt</span> <span class='ocrx_word' id='word_1_354' title='bbox 1669 2748 1715 2788; x_wconf 88' lang='lat' dir='ltr'>et</span> <span class='ocrx_word' id='word_1_355' title='bbox 1733 2745 1819 2787; x_wconf 92' lang='lat' dir='ltr'>hoc</span> <span class='ocrx_word' id='word_1_356' title='bbox 1838 2756 1992 2787; x_wconf 88' lang='lat' dir='ltr'>nonne</span> 
     </span>
     <span class='ocr_line' id='line_1_38' title="bbox 224 2815 1993 2870; baseline 0.001 -14"><span class='ocrx_word' id='word_1_357' title='bbox 224 2815 336 2859; x_wconf 88' lang='lat' dir='ltr'>satis</span> <span class='ocrx_word' id='word_1_358' title='bbox 358 2816 462 2859; x_wconf 74' lang='lat' dir='ltr'>est?</span> <span class='ocrx_word' id='word_1_359' title='bbox 500 2816 662 2858; x_wconf 90' lang='lat' dir='ltr'>Nonne</span> <span class='ocrx_word' id='word_1_360' title='bbox 687 2816 795 2859; x_wconf 90' lang='lat' dir='ltr'>talis</span> <span class='ocrx_word' id='word_1_361' title='bbox 821 2816 1078 2869; x_wconf 89' lang='lat' dir='ltr'>triplicacio</span> <span class='ocrx_word' id='word_1_362' title='bbox 1105 2829 1370 2859; x_wconf 89' lang='lat' dir='ltr'>sermonum</span> <span class='ocrx_word' id='word_1_363' title='bbox 1397 2819 1525 2859; x_wconf 91' lang='lat' dir='ltr'>tanta</span> <span class='ocrx_word' id='word_1_364' title='bbox 1551 2819 1635 2870; x_wconf 90' lang='lat' dir='ltr'>est,</span> <span class='ocrx_word' id='word_1_365' title='bbox 1663 2815 1786 2870; x_wconf 93' lang='lat' dir='ltr'>quod</span> <span class='ocrx_word' id='word_1_366' title='bbox 1811 2815 1859 2858; x_wconf 92' lang='lat' dir='ltr'>in</span> <span class='ocrx_word' id='word_1_367' title='bbox 1883 2827 1993 2858; x_wconf 89' lang='lat' dir='ltr'>nau-</span> 
     </span>
    </p>

    <p class='ocr_par' dir='ltr' id='par_1_7' title="bbox 198 2883 1993 3012">
     <span class='ocr_line' id='line_1_39' title="bbox 198 2883 1993 2941; baseline 0.001 -14"><span class='ocrx_word' id='word_1_368' title='bbox 198 2883 353 2929; x_wconf 63' lang='lat' dir='ltr'>&#39;seam</span> <span class='ocrx_word' id='word_1_369' title='bbox 388 2887 555 2930; x_wconf 85' lang='lat' dir='ltr'>transit</span> <span class='ocrx_word' id='word_1_370' title='bbox 590 2887 917 2930; x_wconf 85' lang='lat' dir='ltr'>audiencium‘?</span> <span class='ocrx_word' id='word_1_371' title='bbox 968 2887 1160 2940; x_wconf 87' lang='lat' dir='ltr'>Agimus</span> <span class='ocrx_word' id='word_1_372' title='bbox 1195 2888 1354 2940; x_wconf 91' lang='lat' dir='ltr'>utique</span> <span class='ocrx_word' id='word_1_373' title='bbox 1393 2887 1486 2930; x_wconf 90' lang='lat' dir='ltr'>alia</span> <span class='ocrx_word' id='word_1_374' title='bbox 1521 2886 1717 2941; x_wconf 86' lang='lat' dir='ltr'>grandia</span> <span class='ocrx_word' id='word_1_375' title='bbox 1752 2889 1799 2929; x_wconf 89' lang='lat' dir='ltr'>et</span> <span class='ocrx_word' id='word_1_376' title='bbox 1835 2885 1993 2938; x_wconf 87' lang='lat' dir='ltr'>ardua,</span> 
     </span>
     <span class='ocr_line' id='line_1_40' title="bbox 224 2956 1991 3012; baseline 0 -14"><span class='ocrx_word' id='word_1_377' title='bbox 224 2956 332 2999; x_wconf 89' lang='lat' dir='ltr'>dum</span> <span class='ocrx_word' id='word_1_378' title='bbox 354 2956 728 3000; x_wconf 88' lang='lat' dir='ltr'>iurisdiccionem</span> <span class='ocrx_word' id='word_1_379' title='bbox 751 2961 971 3012; x_wconf 88' lang='lat' dir='ltr'>nostram,</span> <span class='ocrx_word' id='word_1_380' title='bbox 992 2958 1103 3000; x_wconf 88' lang='lat' dir='ltr'>dum</span> <span class='ocrx_word' id='word_1_381' title='bbox 1126 2958 1402 3010; x_wconf 87' lang='lat' dir='ltr'>temporalia</span> <span class='ocrx_word' id='word_1_382' title='bbox 1424 2957 1672 3011; x_wconf 89' lang='lat' dir='ltr'>vigilanter</span> <span class='ocrx_word' id='word_1_383' title='bbox 1694 2957 1991 3011; x_wconf 89' lang='lat' dir='ltr'>protegimus.</span> 
     </span>
    </p>
   </div>
   <div class='ocr_carea' id='block_1_5' title="bbox 228 3041 450 3045">
    <p class='ocr_par' dir='ltr' id='par_1_8' title="bbox 228 3041 450 3045">
     <span class='ocr_line' id='line_1_41' title="bbox 228 3041 450 3045; baseline 0 0"><span class='ocrx_word' id='word_1_384' title='bbox 228 3041 450 3045; x_wconf 95' lang='lat' dir='ltr'> </span> 
     </span>
    </p>
   </div>
   <div class='ocr_carea' id='block_1_6' title="bbox 330 3062 489 3088">
    <p class='ocr_par' dir='ltr' id='par_1_9' title="bbox 330 3062 489 3088">
     <span class='ocr_line' id='line_1_42' title="bbox 330 3062 489 3088; baseline 0 -1"><span class='ocrx_word' id='word_1_385' title='bbox 330 3068 359 3087; x_wconf 72' lang='lat' dir='ltr'>a»</span> <span class='ocrx_word' id='word_1_386' title='bbox 380 3068 414 3087; x_wconf 71' lang='lat' dir='ltr'>so</span> <span class='ocrx_word' id='word_1_387' title='bbox 439 3062 489 3088; x_wconf 74' lang='lat' dir='ltr'>Ils.</span> 
     </span>
    </p>
   </div>
   <div class='ocr_carea' id='block_1_7' title="bbox 2069 3252 2102 3278">
    <p class='ocr_par' dir='ltr' id='par_1_10' title="bbox 2069 3252 2102 3278">
     <span class='ocr_line' id='line_1_43' title="bbox 2069 3252 2102 3278; baseline -0.061 -2"><span class='ocrx_word' id='word_1_388' title='bbox 2069 3252 2102 3278; x_wconf 58' lang='lat'>23</span> 
     </span>
    </p>
   </div>
  </div>
 </body>
</html>
