2102 3444
195 128 279 170 402
550 127 593 160 ll.
626 126 835 160 Absehnilt.
879 126 1084 159 Sermones
1115 125 1262 159 concilii
1296 124 1615 159 Constanciensis.

198 246 362 288 diebus
402 245 614 287 fidelium
656 244 848 286 auribus
889 243 1091 285 insonuit
1133 243 1176 284 in
1218 244 1415 296 epistola
1455 243 1685 286 currentis
1722 243 1966 298 dominice,

198 316 431 358 videlicet:
488 315 664 368 Ecce,
716 327 871 356 nunc
925 317 1166 366 tempus
1218 313 1633 367 acceptabile.
1686 314 1817 366 Quod
1855 327 1967 357 vero

198 400 320 429 nunc
354 390 536 439 tem-pus
577 386 691 427 illud
729 385 799 438 sit,
836 398 927 437 quo
961 384 1164 438 gloriosa
1203 386 1282 427 illa
1321 385 1509 428 unitatis
1545 385 1741 428 ecclesie
1778 385 1968 428 victoria

198 458 413 501 habenda
447 458 517 509 sit,
550 456 865 509 ostendemus,
898 459 943 498 et
973 468 1030 498 eo
1061 455 1260 509 facilius,
1292 468 1384 509 quo
1415 469 1665 509 numquam
1698 458 1835 499 antea
1865 469 1969 498 con—

198 529 396 571 similem
429 528 638 570 sollertia
670 530 838 579 vestra,
872 528 1124 580 imperator
1154 527 1489 580 potentissime,
1523 526 1876 581 dispositionem
1906 528 1969 569 vi-

198 600 322 642 disse
350 598 645 641 meminimus
673 632 680 640 .
718 632 725 640 .
762 632 769 640 .
809 598 868 641 Ut
895 610 920 640 a
947 598 1285 652 principalibus
1313 599 1397 640 hoc
1422 599 1577 651 palam
1605 598 1704 652 fiat,
1730 611 1968 652 nunquam

199 672 411 713 scismate
439 671 524 712 hoc
550 669 779 723 pestifero
808 669 1005 711 durante
1034 668 1283 712 habuimus
1310 682 1540 711 summum
1569 669 1838 722 pontificem
1863 682 1970 723 pre-

197 746 266 784 ter
295 742 415 783 hunc
444 744 653 783 nostrum
685 741 1041 793 sanctissimum,
1072 741 1148 794 qui
1179 740 1237 782 ad
1267 741 1384 782 hanc
1414 740 1651 794 unitatem,
1682 753 1820 794 quam
1847 743 1969 783 totus

197 813 410 854 fidelium
448 815 575 854 cetus
613 812 896 855 cordialibus
935 811 1150 864 suspiriis
1187 811 1433 865 efflagitat,
1470 823 1583 853 vero
1620 812 1774 854 animo
1810 811 1970 855 affice-

197 886 337 925 retur.
379 884 489 926 Nam
520 886 741 936 quantum
771 883 829 925 ad
856 886 1037 936 partem
1065 886 1270 925 nostram
1300 882 1474 935 attinet,
1503 882 1614 935 quid
1639 895 1753 936 erga
1780 883 1968 925 Petrum

199 955 254 997 de
279 955 410 997 Luna
432 967 519 1008 pro
540 955 640 1008 hac,
664 967 800 1008 quam
822 955 1040 1007 petimus,
1063 955 1235 996 unione
1260 967 1345 1007 per
1369 954 1804 996 christiani-ssimum
1829 954 1970 996 Fran-

198 1027 266 1068 cIe
300 1038 457 1079 regem
493 1059 500 1067 .
537 1060 544 1067 .
581 1060 589 1068 .
624 1025 794 1068 factum
830 1026 901 1078 sit,
934 1028 1152 1079 repetere
1186 1038 1278 1067 non
1313 1025 1477 1078 audeo,
1512 1038 1571 1067 ne
1606 1025 1730 1078 apud
1763 1037 1858 1079 eos,
1890 1024 1970 1078 qui

196 1109 356 1150 pacem
385 1097 624 1150 hucusque
652 1097 894 1139 nobiscum
922 1096 1087 1139 facturi
1118 1100 1450 1149 convenerunt,
1478 1095 1860 1139 commemoraeio
1886 1096 1970 1138 hec

197 1168 504 1222 exprobracio
539 1168 738 1221 quedam
774 1171 912 1221 esset,
947 1169 1025 1221 qui
1060 1171 1105 1209 et
1140 1168 1354 1210 similiter
1389 1167 1557 1220 omnia,
1593 1180 1682 1220 que
1715 1167 1775 1209 ad
1807 1179 1970 1221 pacem
2023 1206 2025 1208 .

197 1253 290 1282 non
313 1243 433 1293 sunt,
459 1240 634 1282 diserto
659 1239 851 1281 silencio
874 1239 1105 1292 preterire
1130 1242 1335 1292 possent,
1362 1251 1461 1280 cum
1487 1251 1639 1292 neque
1665 1238 1816 1292 nobis,
1842 1238 1969 1282 sicud

198 1324 282 1353 nec
307 1312 390 1364 eis,
418 1312 463 1353 in
491 1311 710 1352 iudicium
738 1310 1080 1364 disceptacione
1107 1310 1251 1352 verba
1279 1311 1445 1352 deesse
1472 1309 1757 1352 credendum
1783 1312 1866 1352 est.
1905 1308 1970 1352 Si-

199 1383 370 1424 militer
393 1385 439 1425 et
457 1395 546 1436 pro
571 1383 720 1424 altera
742 1384 874 1435 parte
897 1381 1069 1424 factum
1095 1385 1166 1423 est
1190 1415 1198 1423 .
1235 1415 1242 1422 .
1279 1415 1286 1422 .
1325 1381 1404 1423 Est
1429 1415 1436 1423 .
1473 1415 1480 1422 .
1517 1415 1525 1422 .
1551 1384 1597 1423 et
1620 1380 1748 1423 aliud
1771 1380 1877 1422 huic
1900 1381 1970 1423 rei

198 1457 287 1495 tam
320 1457 475 1496 sancte
503 1452 838 1505 necessarium,
869 1453 992 1506 quod
1022 1455 1067 1494 et
1096 1452 1264 1494 ceteris
1295 1452 1516 1505 conciliis,
1545 1452 1689 1505 proch
1717 1451 1865 1504 dolor,
1895 1451 1968 1493 de-

198 1524 469 1578 fuit,.partis
497 1524 724 1567 secularis
751 1524 1013 1577 auctoritas,
1041 1536 1178 1577 quam
1207 1523 1325 1566 sacri
1354 1523 1538 1576 imperii
1564 1523 1766 1576 dignitas
1794 1523 1841 1564 in
1867 1535 1971 1576 per-

200 1609 312 1638 sona
337 1599 493 1639 vestra
519 1630 526 1637 .
563 1630 571 1637 .
608 1630 615 1638 .
641 1596 915 1649 dignissime
941 1598 1249 1648 representat.
1287 1594 1399 1636 Nam
1425 1607 1502 1637 res
1526 1597 1619 1636 tam
1643 1593 1854 1636 difficilis
1879 1605 1972 1635 non

200 1667 289 1709 nisi
314 1681 340 1710 a
363 1668 688 1720 potentissimo
711 1666 922 1720 principe
948 1666 1057 1708 fieri
1082 1665 1252 1719 poterit
1277 1700 1284 1707 .
1321 1700 1328 1707 .
1365 1700 1373 1707 .
1412 1665 1527 1707 Ecce
1552 1666 1660 1719 plus
1683 1677 1821 1718 quarm
1846 1664 1973 1707 Salo-

202 1751 306 1780 mon
336 1738 423 1793 hic,
457 1739 534 1792 qui
566 1737 807 1781 basilicam
838 1741 1132 1781 sacrosancte
1164 1737 1362 1780 ecclesie
1392 1749 1453 1778 ex
1484 1736 1601 1778 vivis
1631 1735 1898 1778 hominibus
1929 1739 1974 1778 et

201 1809 540 1862 aliquantulum
571 1809 658 1851 sibi
689 1812 846 1851 mutuo
876 1808 1188 1850 renitentibus
1218 1821 1298 1850 eos
1329 1807 1547 1860 caritatis,
1576 1807 1706 1861 pacis
1737 1819 1787 1849 ac
1817 1808 1973 1848 mutue

201 1883 245 1921 et
271 1879 480 1922 fraterne
508 1880 843 1922 communionis
869 1880 1048 1933 glutino
1072 1880 1298 1932 copulans
1324 1882 1596 1921 construere
1625 1878 1791 1931 satagit
1817 1911 1825 1919 .
1861 1911 1870 1919 .
1905 1912 1914 1919 .

203 1998 314 2042 Feb.
362 1998 429 2041 24.
492 2025 540 2029 -
601 1998 960 2041 Gesa‘ndter
1028 1997 1136 2040 der
1204 1996 1609 2038 Universitc’it
1675 1995 1972 2048 Aviynon.

438 2069 471 2111 0
487 2083 509 2110 r
525 2070 566 2111 d.
614 2069 645 2111 C
663 2082 797 2112 arm.

322 2152 348 2185 Ε
363 2161 427 2184 ru·
444 2152 465 2184 ᾶ
482 2151 501 2184 Ie
523 2153 569 2184 n!
591 2161 600 2185 .·
639 2151 734 2185 Hise.
760 2152 890 2185 Jahrb.
919 2150 983 2189 XI,
1009 2151 1087 2185 7273.

321 2211 383 2252 In
404 2212 427 2252 h
448 2223 471 2252 α
490 2212 502 2252 l
520 2216 533 2252 t
552 2224 562 2252 .·
602 2210 771 2252 Kirehe
798 2211 893 2252 und
918 2211 1078 2262 Papst,·
1105 2209 1565 2262 ‘ilberschwenyliche
1592 2207 1864 2261 Machtfu'lle
1891 2207 1973 2249 des

204 2282 412 2334 Papstes.

322 2363 388 2406 Et
425 2363 835 2415 resplenduit
871 2363 1076 2405 facies
1110 2363 1249 2404 eius
1288 2362 1451 2403 sicut
1487 2361 1577 2402 sol
1619 2359 1779 2414 (Math.
1807 2359 1881 2413 17)

203 2470 313 2514 Feb.
348 2470 416 2513 24.
455 2496 503 2501 —
541 2469 954 2524 Siyismund.¹)

324 2553 384 2586 Er
401 2562 430 2586 u·
447 2554 468 2586 ᾶ
485 2552 504 2585 le
526 2554 572 2585 n!
593 2562 603 2585 .·
642 2552 762 2586 Hardt
790 2551 855 2586 11'.
882 2552 945 2589 44,-
974 2551 1098 2584 Mansi
1126 2550 1192 2583 XX
1209 2549 1283 2586 VII,
1311 2551 1388 2584 565.

324 2612 387 2653 In
406 2612 431 2653 h.
450 2612 565 2653 alt:
605 2610 777 2661 [Μέσης
805 2610 905 2651 *ihre
934 2608 1260 2661 Hinderm‘sse,·
1291 2609 1446 2651 bester
1478 2609 1584 2660 Wey
1611 2608 1669 2650 ist
1696 2607 1770 2649 die
1801 2605 1972 2649 Cessio.

207 2718 317 2760 1415
351 2718 472 2760 Marz
506 2717 544 2759 2.
584 2744 630 2748 —
669 2717 907 2759 ‚Iohann
930 2729 988 2758 es
1037 2715 1355 2756 Maurosii.

324 2800 350 2832 E
365 2809 382 2832 r
397 2809 429 2832 a·
447 2801 466 2833 ii
484 2799 503 2831 h
525 2801 571 2831 nl
592 2809 601 2832 .·
644 2799 762 2832 Harslt
791 2799 805 2831 I
822 2798 854 2834 Γ,
881 2799 943 2838 w,-
975 2796 1023 2832 ll.
1039 2794 1441 2835 ⁷211;M‹1nsiXX1'11,
1455 2795 1543 2833 36⁴8,-
1560 2794 1655 2829 Hist.
1670 2793 1800 2828 Jahrb.
1818 2791 1882 2833 XI,
1897 2791 1974 2825 7277.

325 2859 385 2900 In
406 2859 429 2900 h
450 2871 474 2899 α
492 2859 504 2900 l
523 2864 535 2900 t
554 2872 566 2900 .·
611 2858 744 2899 Dank·
777 2870 830 2899 cm
865 2857 1047 2899 Johcmn
1080 2856 1156 2909 fiir
1188 2856 1260 2898 die
1296 2855 1468 2897 Cassio.

326 3025 354 3062 ¹)
384 3024 489 3056 stem
515 3023 578 3055 (lie
603 3022 886 3065 fransosiselwn
917 3021 1382 3061 finirer-sitiilsm‘samilen
1408 3020 1477 3053 der
1501 3019 1709 3052 deutschen
1735 3017 1872 3051 Nation
1900 3024 1973 3049 vor.
