2227 3434
533 184 570 218 B.
613 185 690 219 Der
715 184 814 219 liber
838 187 1031 229 gestorum
1058 185 1127 219 des
1155 183 1395 219 Cerretanus.
1763 186 1848 228 335

205 302 316 344 Item
351 302 387 344 si
422 302 502 343 ille
537 302 710 344 domini
746 303 1012 356 Burgundie
1048 303 1233 345 habitus
1268 303 1326 346 sit
1360 303 1433 344 vel
1468 302 1670 345 faciliter
1704 303 1850 356 possit

82 372 262 426 haberi,
298 374 468 415 bonum
505 375 644 427 esset,
681 373 803 426 quod
839 373 977 416 etiam
1015 374 1274 416 mitteretur
1310 374 1587 416 Avinionem
1624 377 1672 415 ut
1709 387 1849 427 supra

82 443 124 485 d.
155 443 426 486 camerario.
476 443 584 485 Ideo
617 443 752 485 detur
783 445 972 487 omnino
1003 457 1147 497 opera
1180 444 1418 498 possibilis
1453 445 1499 486 in
1530 444 1774 497 premissis
1806 447 1851 486 et

82 526 168 566 pro
194 514 280 556 Dei
306 515 571 556 reverentia
596 514 731 555 revmi
760 527 818 568 p.,
847 515 1000 557 velitis
1025 515 1172 557 dictos
1199 515 1560 557 ambassiatores
1584 518 1849 568 expectare,

82 585 191 637 quia
223 597 334 627 vere
366 585 598 628 credimus
631 584 802 626 nedum
834 585 1076 639 expedire,
1110 586 1192 628 sed
1226 586 1370 628 eciam
1404 585 1505 628 fore
1538 598 1732 628 necesse
1766 598 1850 639 pro

83 655 204 698 bono
230 668 360 698 sacre
386 656 587 709 unionis,
614 668 751 708 quam
778 656 836 698 ob
863 669 962 698 rem
989 657 1304 709 supplicamus
1331 658 1393 699 ita
1420 656 1540 698 fieri.

200 726 422 770 Preterea
451 727 524 768 hic
553 727 879 780 applicuerunt
907 727 954 768 in
983 727 1140 780 vigilia
1170 728 1313 769 sancti
1344 727 1571 770 Johannis
1601 727 1851 770 ambassia-

82 801 206 840 tores
236 798 471 840 solemnes
501 798 542 839 d.
574 797 698 851 regis
728 798 1008 851 Aragonum,
1039 797 1255 840 videlicet
1286 798 1327 839 d.
1359 798 1638 853 Johannes¹)
1671 798 1729 840 de
1763 798 1851 839 Me-

83 867 208 911 dalia
235 868 282 910 in
310 881 441 911 sacra
469 868 640 922 pagina
666 869 900 921 magister,
930 869 1007 921 qui
1036 869 1124 910 huc
1152 881 1299 921 usque
1329 869 1523 911 multum
1552 869 1851 911 laudabiliter

81 942 127 981 et
148 939 298 993 rigide
322 939 495 982 factum
516 939 704 982 unionis
726 939 813 981 fuit
827 943 1102 992 prosecutus
1118 943 1163 981 et
1176 940 1476 992 prosequitur
1491 940 1851 993 ferventissime,

82 1013 128 1052 et
156 1010 198 1052 d.
228 1010 488 1053 Ludovicus
519 1010 788 1052 Carbonelli
820 1011 970 1063 mileS,
1000 1023 1099 1052 cum
1131 1010 1299 1063 quibus
1330 1011 1405 1052 die
1436 1011 1579 1053 sancti
1610 1011 1850 1062 Johannis,

83 1083 330 1134 antequam
357 1081 643 1134 presentiam
673 1081 714 1123 d.
742 1081 865 1134 regis
892 1084 937 1123 et
964 1081 1124 1134 regine
1155 1081 1357 1123 Castelle
1386 1081 1649 1134 habuerint,
1677 1081 1851 1123 fuimus

82 1151 129 1193 in
148 1164 309 1194 eorum
331 1152 483 1204 domo;
507 1152 584 1205 qui
604 1152 790 1206 quidem
813 1152 1175 1194 ambassiatores
1196 1152 1331 1195 nobis
1350 1155 1602 1194 narrarunt
1622 1152 1851 1194 sinceram

82 1222 407 1276 intencionem,
438 1235 575 1276 quam
605 1223 745 1265 habet
775 1223 815 1267 d.
849 1223 1101 1266 modernus
1132 1236 1215 1264 rex
1247 1224 1512 1276 Aragonum
1543 1223 1600 1265 ad
1631 1224 1851 1266 unionem

83 1297 239 1336 sancte
264 1294 425 1336 matris
449 1294 645 1336 ecclesie
673 1295 799 1336 iuxta
824 1295 1130 1347 capitulorum
1156 1307 1298 1348 super
1323 1295 1407 1336 hoc
1432 1295 1646 1336 Narbone
1673 1295 1852 1336 conclu-

83 1376 239 1406 sorum
266 1364 463 1407 formam
490 1368 535 1407 et
563 1366 873 1407 intencionem
902 1366 1026 1407 clare
1055 1365 1278 1407 memorie
1306 1365 1530 1418 genitoris
1558 1366 1644 1420 sui,
1671 1368 1717 1407 et
1744 1377 1852 1418 qua-

83 1435 188 1478 liter
218 1435 318 1489 ipse
350 1436 392 1478 d.
423 1448 508 1478 rex
539 1435 791 1478 modernus
820 1435 1062 1478 ferventer
1092 1437 1392 1490 prosequitur
1421 1436 1685 1478 huiusmodi
1714 1448 1852 1489 nego-

82 1506 195 1549 tium
224 1509 269 1550 et
298 1507 500 1561 qualiter
528 1506 608 1549 ille
639 1507 695 1549 de
727 1507 774 1548 L.
807 1507 952 1560 magis
982 1510 1070 1549 stat
1101 1507 1256 1549 stricte
1285 1519 1423 1560 quam
1451 1510 1661 1560 tempore
1691 1507 1852 1560 patris,

85 1577 302 1631 quoniam
338 1578 439 1632 ipse
474 1577 585 1620 fecit
621 1578 677 1620 de
714 1590 834 1620 novo
869 1577 1172 1631 preconizari,
1209 1577 1332 1631 quod
1367 1578 1585 1620 victualia
1620 1580 1697 1620 aut
1733 1578 1852 1619 alius

85 1660 330 1692 succursus
354 1649 429 1690 vel
454 1648 671 1691 iuvamen
696 1649 827 1691 nullo
852 1649 987 1691 modo
1014 1648 1167 1691 eidem
1192 1648 1470 1691 tribuantur.
1509 1647 1659 1701 Super
1685 1648 1853 1701 quibus

84 1722 130 1762 et
147 1719 295 1773 ipsius
314 1719 543 1773 captione,
564 1723 808 1773 postquam
829 1720 887 1762 ab
906 1720 1122 1772 Aragona
1144 1719 1437 1773 recessimus,
1458 1719 1610 1773 ipsum
1632 1718 1673 1761 d.
1695 1730 1852 1772 regem

84 1793 130 1833 et
152 1790 314 1844 plures
339 1790 456 1833 alios
480 1790 696 1844 pluribus
720 1794 765 1833 et
790 1790 991 1833 diversis
1014 1790 1187 1833 nostris
1220 1789 1459 1845 [literis]²²)
1489 1789 1853 1841 sollicitavimus,

85 1873 177 1914 que
196 1873 291 1903 non
310 1861 505 1904 dubium
526 1861 819 1914 profuerunt.
855 1861 911 1903 Et
932 1861 1068 1903 modo
1087 1874 1148 1902 ex
1170 1860 1365 1903 concilio
1387 1860 1496 1903 dicti
1518 1861 1727 1914 magistri
1750 1860 1854 1902 Phi-

86 1931 202 1986 lippi
227 1932 577 1975 sollicitavimus
604 1932 741 1974 etiam
767 1932 931 1974 literis.
975 1931 1088 1974 Item
1115 1932 1316 1985 qualiter
1342 1931 1465 1973 idem
1493 1931 1534 1973 d.
1561 1943 1645 1973 rex
1671 1930 1855 1973 ordina-

84 2003 148 2045 vit
176 2003 433 2046 solemnem
464 2003 792 2045 ambassiatam
821 2003 961 2045 VIIII
990 2002 1215 2045 nobilium
1246 2015 1569 2056 personarum,
1598 2002 1655 2044 de
1686 2001 1854 2055 quibus

86 2073 186 2127 ipse
211 2074 253 2117 d.
279 2073 524 2128 Philippus
548 2074 637 2116 erit
660 2086 794 2127 unus,
819 2073 1089 2116 mittendam
1115 2073 1439 2116 Constanciam
1464 2075 1508 2115 et
1532 2072 1656 2126 quod
1680 2085 1765 2126 pro
1789 2073 1854 2114 ul-

84 2145 195 2188 tima
225 2143 446 2187 dilatione
479 2145 568 2198 ipsi
599 2144 836 2187 habebant
869 2145 914 2186 in
946 2144 1190 2197 mandatis,
1221 2144 1344 2197 quod
1375 2144 1422 2186 in
1454 2143 1704 2186 crastinum
1737 2146 1854 2186 octa-

85 2227 245 2258 varum
283 2215 602 2258 Penthecostis
638 2215 914 2258 recederent
950 2228 1115 2258 versus
1153 2215 1475 2257 Constanciam
1512 2217 1558 2256 et
1592 2214 1716 2268 quod
1753 2215 1852 2268 ipse

85 2285 318 2340 credebat,
344 2286 467 2340 quod
492 2287 582 2329 iam
607 2299 692 2340 pro
717 2289 842 2328 certo
867 2286 947 2328 diu
972 2286 1058 2328 fuit
1084 2287 1130 2327 in
1155 2286 1323 2328 itinere
1350 2289 1395 2328 et
1419 2285 1541 2339 quod
1566 2285 1667 2339 ipse
1692 2288 1853 2338 postea

86 2356 195 2398 illuc
217 2356 318 2409 iret,
341 2360 514 2410 quanto
535 2357 669 2399 citius
691 2357 763 2399 hic
786 2357 984 2410 negotia,
1006 2369 1091 2410 pro
1113 2357 1281 2410 quibus
1304 2359 1510 2409 venerat,
1534 2355 1853 2409 expedivisset

87 2430 130 2469 et
166 2427 289 2480 quod
322 2427 645 2481 principaliter
681 2440 766 2481 pro
800 2427 934 2470 factis
970 2428 1183 2480 ecclesie,
1219 2440 1304 2481 pro
1341 2426 1509 2480 quibus
1543 2427 1617 2468 hic
1653 2438 1853 2477 eramus,

87 2497 231 2539 eciam
254 2498 343 2552 ipsi
366 2501 607 2540 venerant.
642 2498 776 2541 Unde
801 2499 1004 2541 narratis
1026 2499 1096 2540 eis
1119 2511 1204 2551 per
1228 2510 1313 2540 nos
1334 2497 1406 2539 hic
1429 2497 1572 2551 gestis
1596 2501 1641 2540 et
1663 2509 1854 2550 respon-

87 2567 216 2610 sione
244 2568 382 2612 nobis
410 2568 515 2612 data
545 2569 633 2622 ipsi
659 2581 889 2622 expresse
918 2569 1149 2622 dixerunt,
1179 2568 1316 2622 quod,
1347 2569 1385 2611 si
1415 2581 1505 2622 qua
1535 2571 1766 2610 restarent
1796 2567 1852 2609 ad

87 2637 316 2691 agendum
345 2642 391 2682 et
420 2639 738 2693 obtinendum,
770 2640 859 2693 ipsi
889 2639 1099 2682 facerent
1129 2652 1277 2692 usque
1308 2639 1366 2681 ad
1397 2641 1656 2681 extremum
1688 2638 1744 2680 de
1775 2650 1853 2691 po-

86 2708 242 2762 tentia,
272 2709 395 2763 quod
426 2709 513 2763 ipsi
546 2722 603 2753 ea
630 2709 917 2763 perficerent
945 2713 992 2752 et
1022 2709 1300 2764 obtinerent,
1331 2710 1439 2763 quia
1471 2710 1533 2751 ita
1562 2708 1796 2751 habebant
1828 2720 1852 2749 a

87 2777 207 2821 dicto
233 2779 274 2821 d.
304 2791 413 2834 rege
443 2781 490 2822 in
519 2780 761 2823 mandatis.
802 2780 937 2823 Unde
966 2793 1244 2834 quamquam
1273 2780 1579 2822 obtulerimus
1607 2778 1675 2821 eis
1704 2778 1852 2820 adhuc

89 2848 159 2891 hic
189 2861 274 2892 nos
307 2862 620 2904 remansuros,
653 2851 691 2894 si
723 2863 905 2904 quoque
941 2851 1076 2893 modo
1105 2850 1352 2904 expediret
1384 2850 1455 2891 vel
1491 2850 1612 2891 foret
1642 2860 1851 2899 necesse,

88 2921 287 2962 attamen
319 2920 433 2975 ipsis
464 2924 509 2963 et
540 2922 675 2963 nobis
706 2921 920 2975 pluribus
953 2922 1187 2964 altercatis
1218 2922 1365 2963 visum
1400 2920 1499 2972 fuit,
1532 2919 1653 2972 quod
1686 2918 1851 2960 melius

191 3039 221 3069 a)
241 3036 321 3069 fehlt
343 3037 380 3070 B,
402 3040 431 3064 C.

206 3085 237 3127 ¹)
268 3084 366 3128 Irriq
392 3086 479 3120 stult
506 3085 721 3130 Philippus,
748 3086 822 3120 *zi-ie
850 3085 1053 3120 weilerhin
1080 3085 1189 3120 steht.
