<?xml version="1.0" encoding="UTF-8"?>
<!DOCTYPE html PUBLIC "-//W3C//DTD XHTML 1.0 Transitional//EN"
    "http://www.w3.org/TR/xhtml1/DTD/xhtml1-transitional.dtd">
<html xmlns="http://www.w3.org/1999/xhtml" xml:lang="en" lang="en">
 <head>
  <title>
</title>
<meta http-equiv="Content-Type" content="text/html;charset=utf-8" />
  <meta name='ocr-system' content='tesseract 3.04.00' />
  <meta name='ocr-capabilities' content='ocr_page ocr_carea ocr_par ocr_line ocrx_word'/>
</head>
<body>
  <div class='ocr_page' id='page_1' title='image "./actaconciliicons02counuoft/actaconciliicons02counuoft_0669.png"; bbox 0 0 2227 3434; ppageno 0'>
   <div class='ocr_carea' id='block_1_1' title="bbox 622 194 1898 241">
    <p class='ocr_par' dir='ltr' id='par_1_1' title="bbox 622 194 1898 241">
     <span class='ocr_line' id='line_1_1' title="bbox 622 194 1898 241; baseline 0.002 -11"><span class='ocrx_word' id='word_1_1' title='bbox 622 195 662 230; x_wconf 90' lang='grc' dir='ltr'>Β.</span> <span class='ocrx_word' id='word_1_2' title='bbox 706 194 954 230; x_wconf 82' lang='lat' dir='ltr'>Avisamente</span> <span class='ocrx_word' id='word_1_3' title='bbox 987 197 1056 230; x_wconf 88' lang='lat' dir='ltr'>der</span> <span class='ocrx_word' id='word_1_4' title='bbox 1088 196 1405 231; x_wconf 79' lang='lat' dir='ltr'>Reformatorien.</span> <span class='ocrx_word' id='word_1_5' title='bbox 1812 199 1898 241; x_wconf 84' lang='lat'>655</span> 
     </span>
    </p>
   </div>
   <div class='ocr_carea' id='block_1_2' title="bbox 126 311 1899 1005">
    <p class='ocr_par' dir='ltr' id='par_1_2' title="bbox 126 311 1899 510">
     <span class='ocr_line' id='line_1_2' title="bbox 127 311 1898 369; baseline 0.002 -15"><span class='ocrx_word' id='word_1_6' title='bbox 127 311 238 354; x_wconf 91' lang='lat' dir='ltr'>ciori</span> <span class='ocrx_word' id='word_1_7' title='bbox 301 313 394 355; x_wconf 89' lang='lat' dir='ltr'>vita</span> <span class='ocrx_word' id='word_1_8' title='bbox 455 313 540 367; x_wconf 59' lang='lat' dir='ltr'>eta)</span> <span class='ocrx_word' id='word_1_9' title='bbox 582 313 694 355; x_wconf 91' lang='lat' dir='ltr'>·cla-</span> <span class='ocrx_word' id='word_1_10' title='bbox 728 348 729 369; x_wconf 52' lang='lat'>3</span> <span class='ocrx_word' id='word_1_11' title='bbox 767 317 812 356; x_wconf 88' lang='lat' dir='ltr'>et</span> <span class='ocrx_word' id='word_1_12' title='bbox 860 313 1108 357; x_wconf 80' lang='lat' dir='ltr'>celebriori</span> <span class='ocrx_word' id='word_1_13' title='bbox 1157 314 1282 357; x_wconf 90' lang='lat' dir='ltr'>fama</span> <span class='ocrx_word' id='word_1_14' title='bbox 1331 314 1515 369; x_wconf 86' lang='lat' dir='ltr'>fulgere</span> <span class='ocrx_word' id='word_1_15' title='bbox 1564 320 1610 360; x_wconf 94' lang='lat' dir='ltr'>et</span> <span class='ocrx_word' id='word_1_16' title='bbox 1656 329 1749 358; x_wconf 92' lang='lat' dir='ltr'>non</span> <span class='ocrx_word' id='word_1_17' title='bbox 1800 317 1898 358; x_wconf 90' lang='lat' dir='ltr'>solo</span> 
     </span>
     <span class='ocr_line' id='line_1_3' title="bbox 126 382 1899 441; baseline 0.003 -17"><span class='ocrx_word' id='word_1_18' title='bbox 126 383 238 425; x_wconf 91' lang='lat' dir='ltr'>riori</span> <span class='ocrx_word' id='word_1_19' title='bbox 281 383 405 426; x_wconf 89' lang='lat' dir='ltr'>fama</span> <span class='ocrx_word' id='word_1_20' title='bbox 448 382 689 437; x_wconf 78' lang='lat' dir='ltr'>fulgere.¹¹)</span> <span class='ocrx_word' id='word_1_21' title='bbox 728 407 729 434; x_wconf 52' lang='lat'>3</span> <span class='ocrx_word' id='word_1_22' title='bbox 766 384 924 437; x_wconf 84' lang='lat' dir='ltr'>verb0‚</span> <span class='ocrx_word' id='word_1_23' title='bbox 961 385 1044 428; x_wconf 91' lang='lat' dir='ltr'>sed</span> <span class='ocrx_word' id='word_1_24' title='bbox 1078 386 1440 428; x_wconf 75' lang='lat' dir='ltr'>conversacione</span> <span class='ocrx_word' id='word_1_25' title='bbox 1476 389 1520 428; x_wconf 89' lang='lat' dir='ltr'>et</span> <span class='ocrx_word' id='word_1_26' title='bbox 1554 387 1786 440; x_wconf 91' lang='lat' dir='ltr'>exemplis</span> <span class='ocrx_word' id='word_1_27' title='bbox 1821 401 1899 441; x_wconf 93' lang='lat' dir='ltr'>gu-</span> 
     </span>
     <span class='ocr_line' id='line_1_4' title="bbox 728 453 1898 510; baseline 0.003 -14"><span class='ocrx_word' id='word_1_28' title='bbox 728 453 729 465; x_wconf 62' lang='lat'><em>*</em></span> <span class='ocrx_word' id='word_1_29' title='bbox 767 455 967 497; x_wconf 88' lang='lat' dir='ltr'>bernare</span> <span class='ocrx_word' id='word_1_30' title='bbox 991 456 1222 498; x_wconf 86' lang='lat' dir='ltr'>subiectos</span> <span class='ocrx_word' id='word_1_31' title='bbox 1244 460 1289 498; x_wconf 91' lang='lat' dir='ltr'>et</span> <span class='ocrx_word' id='word_1_32' title='bbox 1310 456 1456 500; x_wconf 85' lang='lat' dir='ltr'>tocius</span> <span class='ocrx_word' id='word_1_33' title='bbox 1478 457 1778 510; x_wconf 91' lang='lat' dir='ltr'>semetipsum</span> <span class='ocrx_word' id='word_1_34' title='bbox 1802 458 1898 499; x_wconf 92' lang='lat' dir='ltr'>imi-</span> 
     </span>
    </p>

    <p class='ocr_par' dir='ltr' id='par_1_3' title="bbox 764 526 1463 570">
     <span class='ocr_line' id='line_1_5' title="bbox 764 526 1463 570; baseline 0.003 -3"><span class='ocrx_word' id='word_1_35' title='bbox 764 528 959 567; x_wconf 83' lang='lat' dir='ltr'>tatorem</span> <span class='ocrx_word' id='word_1_36' title='bbox 989 526 1171 569; x_wconf 85' lang='lat' dir='ltr'>virtutis</span> <span class='ocrx_word' id='word_1_37' title='bbox 1200 526 1463 570; x_wconf 82' lang='lat' dir='ltr'>ostendere.</span> 
     </span>
    </p>

    <p class='ocr_par' dir='ltr' id='par_1_4' title="bbox 126 594 1897 1005">
     <span class='ocr_line' id='line_1_6' title="bbox 244 594 1896 652; baseline 0.002 -16"><span class='ocrx_word' id='word_1_38' title='bbox 244 594 290 637; x_wconf 92' lang='lat' dir='ltr'>Si</span> <span class='ocrx_word' id='word_1_39' title='bbox 337 595 476 648; x_wconf 91' lang='lat' dir='ltr'>enim,</span> <span class='ocrx_word' id='word_1_40' title='bbox 527 595 604 649; x_wconf 92' lang='lat' dir='ltr'>qui</span> <span class='ocrx_word' id='word_1_41' title='bbox 655 595 850 648; x_wconf 89' lang='lat' dir='ltr'>singulis</span> <span class='ocrx_word' id='word_1_42' title='bbox 898 597 1118 649; x_wconf 84' lang='lat' dir='ltr'>plebibus</span> <span class='ocrx_word' id='word_1_43' title='bbox 1170 597 1575 652; x_wconf 90' lang='lat' dir='ltr'>superintendunt,</span> <span class='ocrx_word' id='word_1_44' title='bbox 1624 600 1742 642; x_wconf 88' lang='lat' dir='ltr'>tales</span> <span class='ocrx_word' id='word_1_45' title='bbox 1791 611 1896 641; x_wconf 92' lang='lat' dir='ltr'>esse</span> 
     </span>
     <span class='ocr_line' id='line_1_7' title="bbox 126 665 1892 724; baseline 0.003 -18"><span class='ocrx_word' id='word_1_46' title='bbox 126 665 312 718; x_wconf 89' lang='lat' dir='ltr'>debent,</span> <span class='ocrx_word' id='word_1_47' title='bbox 338 669 387 708; x_wconf 94' lang='lat' dir='ltr'>ut</span> <span class='ocrx_word' id='word_1_48' title='bbox 412 679 571 708; x_wconf 86' lang='lat' dir='ltr'>eorum</span> <span class='ocrx_word' id='word_1_49' title='bbox 604 666 952 709; x_wconf 88' lang='lat' dir='ltr'>existimacione</span> <span class='ocrx_word' id='word_1_50' title='bbox 983 669 1222 722; x_wconf 62' lang='lat' dir='ltr'>populuss‘)</span> <span class='ocrx_word' id='word_1_51' title='bbox 1256 681 1371 722; x_wconf 86' lang='lat' dir='ltr'>grex</span> <span class='ocrx_word' id='word_1_52' title='bbox 1402 668 1639 724; x_wconf 62' lang='lat' dir='ltr'>dicaturd),</span> <span class='ocrx_word' id='word_1_53' title='bbox 1670 671 1892 724; x_wconf 70' lang='lat' dir='ltr'>qualem)</span> 
     </span>
     <span class='ocr_line' id='line_1_8' title="bbox 127 736 1896 793; baseline 0.003 -16"><span class='ocrx_word' id='word_1_54' title='bbox 127 748 177 778; x_wconf 89' lang='lat' dir='ltr'>se</span> <span class='ocrx_word' id='word_1_55' title='bbox 207 736 435 778; x_wconf 88' lang='lat' dir='ltr'>exhibere</span> <span class='ocrx_word' id='word_1_56' title='bbox 470 736 623 790; x_wconf 91' lang='lat' dir='ltr'>debet,</span> <span class='ocrx_word' id='word_1_57' title='bbox 658 737 737 790; x_wconf 90' lang='lat' dir='ltr'>qui</span> <span class='ocrx_word' id='word_1_58' title='bbox 771 750 864 779; x_wconf 91' lang='lat' dir='ltr'>non</span> <span class='ocrx_word' id='word_1_59' title='bbox 900 739 980 779; x_wconf 93' lang='lat' dir='ltr'>uni</span> <span class='ocrx_word' id='word_1_60' title='bbox 1014 740 1203 793; x_wconf 90' lang='lat' dir='ltr'>populo,</span> <span class='ocrx_word' id='word_1_61' title='bbox 1240 739 1323 780; x_wconf 88' lang='lat' dir='ltr'>sed</span> <span class='ocrx_word' id='word_1_62' title='bbox 1358 739 1591 782; x_wconf 82' lang='lat' dir='ltr'>universis</span> <span class='ocrx_word' id='word_1_63' title='bbox 1626 753 1711 782; x_wconf 93' lang='lat' dir='ltr'>nec</span> <span class='ocrx_word' id='word_1_64' title='bbox 1747 742 1896 783; x_wconf 90' lang='lat' dir='ltr'>solum</span> 
     </span>
     <span class='ocr_line' id='line_1_9' title="bbox 126 807 1896 862; baseline 0.003 -14"><span class='ocrx_word' id='word_1_65' title='bbox 126 807 327 860; x_wconf 91' lang='lat' dir='ltr'>populis,</span> <span class='ocrx_word' id='word_1_66' title='bbox 366 807 450 850; x_wconf 89' lang='lat' dir='ltr'>sed</span> <span class='ocrx_word' id='word_1_67' title='bbox 491 807 606 860; x_wconf 91' lang='lat' dir='ltr'>ipsis</span> <span class='ocrx_word' id='word_1_68' title='bbox 647 809 915 860; x_wconf 83' lang='lat' dir='ltr'>pastoribus</span> <span class='ocrx_word' id='word_1_69' title='bbox 955 812 1115 862; x_wconf 89' lang='lat' dir='ltr'>pastor</span> <span class='ocrx_word' id='word_1_70' title='bbox 1155 813 1225 852; x_wconf 90' lang='lat' dir='ltr'>est</span> <span class='ocrx_word' id='word_1_71' title='bbox 1267 810 1444 862; x_wconf 91' lang='lat' dir='ltr'>positus</span> <span class='ocrx_word' id='word_1_72' title='bbox 1487 811 1668 853; x_wconf 82' lang='lat' dir='ltr'>dicente</span> <span class='ocrx_word' id='word_1_73' title='bbox 1711 811 1896 854; x_wconf 90' lang='lat' dir='ltr'>domino</span> 
     </span>
     <span class='ocr_line' id='line_1_10' title="bbox 127 877 1897 935; baseline 0.002 -16"><span class='ocrx_word' id='word_1_74' title='bbox 127 877 281 919; x_wconf 89' lang='lat' dir='ltr'>Petro:</span> <span class='ocrx_word' id='word_1_75' title='bbox 309 878 365 919; x_wconf 92' lang='lat' dir='ltr'>Et</span> <span class='ocrx_word' id='word_1_76' title='bbox 386 881 434 920; x_wconf 94' lang='lat' dir='ltr'>tu</span> <span class='ocrx_word' id='word_1_77' title='bbox 459 878 711 931; x_wconf 88' lang='lat' dir='ltr'>aliquando</span> <span class='ocrx_word' id='word_1_78' title='bbox 734 891 1001 932; x_wconf 86' lang='lat' dir='ltr'>conversus,</span> <span class='ocrx_word' id='word_1_79' title='bbox 1026 880 1252 923; x_wconf 88' lang='lat' dir='ltr'>confirma</span> <span class='ocrx_word' id='word_1_80' title='bbox 1275 880 1448 923; x_wconf 88' lang='lat' dir='ltr'>fratres</span> <span class='ocrx_word' id='word_1_81' title='bbox 1471 882 1630 935; x_wconf 79' lang='lat' dir='ltr'>tuos¹).</span> <span class='ocrx_word' id='word_1_82' title='bbox 1668 882 1897 924; x_wconf 80' lang='lat' dir='ltr'>Exhibeat</span> 
     </span>
     <span class='ocr_line' id='line_1_11' title="bbox 126 949 1897 1005; baseline 0.003 -15"><span class='ocrx_word' id='word_1_83' title='bbox 126 961 177 990; x_wconf 91' lang='lat' dir='ltr'>se</span> <span class='ocrx_word' id='word_1_84' title='bbox 201 960 312 1001; x_wconf 86' lang='lat' dir='ltr'>ergo</span> <span class='ocrx_word' id='word_1_85' title='bbox 335 949 497 1001; x_wconf 88' lang='lat' dir='ltr'>presul</span> <span class='ocrx_word' id='word_1_86' title='bbox 522 949 618 1001; x_wconf 89' lang='lat' dir='ltr'>ille,</span> <span class='ocrx_word' id='word_1_87' title='bbox 643 950 722 1002; x_wconf 92' lang='lat' dir='ltr'>qui</span> <span class='ocrx_word' id='word_1_88' title='bbox 747 950 838 992; x_wconf 85' lang='lat' dir='ltr'>iam</span> <span class='ocrx_word' id='word_1_89' title='bbox 864 951 1186 993; x_wconf 91' lang='lat' dir='ltr'>sanctissimus</span> <span class='ocrx_word' id='word_1_90' title='bbox 1212 964 1270 993; x_wconf 87' lang='lat' dir='ltr'>ex</span> <span class='ocrx_word' id='word_1_91' title='bbox 1295 951 1450 994; x_wconf 86' lang='lat' dir='ltr'>officio</span> <span class='ocrx_word' id='word_1_92' title='bbox 1474 953 1754 1005; x_wconf 88' lang='lat' dir='ltr'>nominatur,</span> <span class='ocrx_word' id='word_1_93' title='bbox 1779 954 1897 995; x_wconf 90' lang='lat' dir='ltr'>sicut</span> 
     </span>
    </p>
   </div>
   <div class='ocr_carea' id='block_1_3' title="bbox 48 1019 1895 1074">
    <p class='ocr_par' dir='ltr' id='par_1_5' title="bbox 48 1019 1895 1074">
     <span class='ocr_line' id='line_1_12' title="bbox 48 1019 1895 1074; baseline 0.003 -14"><span class='ocrx_word' id='word_1_94' title='bbox 48 1055 59 1065; x_wconf 83' lang='lat'><strong>.</strong></span> <span class='ocrx_word' id='word_1_95' title='bbox 126 1019 326 1072; x_wconf 89' lang='lat' dir='ltr'>nomine,</span> <span class='ocrx_word' id='word_1_96' title='bbox 352 1020 414 1061; x_wconf 89' lang='lat' dir='ltr'>ita</span> <span class='ocrx_word' id='word_1_97' title='bbox 437 1032 487 1061; x_wconf 91' lang='lat' dir='ltr'>re</span> <span class='ocrx_word' id='word_1_98' title='bbox 513 1023 733 1063; x_wconf 85' lang='lat' dir='ltr'>sanctum.</span> <span class='ocrx_word' id='word_1_99' title='bbox 771 1020 1060 1074; x_wconf 89' lang='lat' dir='ltr'>Consideret‚</span> <span class='ocrx_word' id='word_1_100' title='bbox 1083 1034 1221 1074; x_wconf 90' lang='lat' dir='ltr'>quam</span> <span class='ocrx_word' id='word_1_101' title='bbox 1245 1022 1443 1064; x_wconf 81' lang='lat' dir='ltr'>difficile</span> <span class='ocrx_word' id='word_1_102' title='bbox 1469 1024 1528 1065; x_wconf 87' lang='lat' dir='ltr'>sit</span> <span class='ocrx_word' id='word_1_103' title='bbox 1549 1027 1710 1066; x_wconf 91' lang='lat' dir='ltr'>tenere</span> <span class='ocrx_word' id='word_1_104' title='bbox 1736 1024 1895 1066; x_wconf 88' lang='lat' dir='ltr'>sedem</span> 
     </span>
    </p>
   </div>
   <div class='ocr_carea' id='block_1_4' title="bbox 120 1089 1897 2915">
    <p class='ocr_par' dir='ltr' id='par_1_6' title="bbox 120 1089 1897 2698">
     <span class='ocr_line' id='line_1_13' title="bbox 126 1089 1895 1148; baseline 0.003 -17"><span class='ocrx_word' id='word_1_105' title='bbox 126 1089 267 1143; x_wconf 91' lang='lat' dir='ltr'>Petri,</span> <span class='ocrx_word' id='word_1_106' title='bbox 289 1102 393 1132; x_wconf 89' lang='lat' dir='ltr'>cum</span> <span class='ocrx_word' id='word_1_107' title='bbox 416 1103 508 1132; x_wconf 92' lang='lat' dir='ltr'>non</span> <span class='ocrx_word' id='word_1_108' title='bbox 534 1091 682 1133; x_wconf 88' lang='lat' dir='ltr'>solum</span> <span class='ocrx_word' id='word_1_109' title='bbox 706 1091 906 1144; x_wconf 85' lang='lat' dir='ltr'>populis,</span> <span class='ocrx_word' id='word_1_110' title='bbox 932 1092 1015 1134; x_wconf 91' lang='lat' dir='ltr'>sed</span> <span class='ocrx_word' id='word_1_111' title='bbox 1038 1092 1232 1145; x_wconf 87' lang='lat' dir='ltr'>prelatis</span> <span class='ocrx_word' id='word_1_112' title='bbox 1257 1094 1314 1134; x_wconf 90' lang='lat' dir='ltr'>sit</span> <span class='ocrx_word' id='word_1_113' title='bbox 1339 1093 1518 1146; x_wconf 89' lang='lat' dir='ltr'>positus</span> <span class='ocrx_word' id='word_1_114' title='bbox 1542 1094 1589 1135; x_wconf 93' lang='lat' dir='ltr'>in</span> <span class='ocrx_word' id='word_1_115' title='bbox 1612 1095 1895 1148; x_wconf 87' lang='lat' dir='ltr'>exemplum.</span> 
     </span>
     <span class='ocr_line' id='line_1_14' title="bbox 126 1160 1897 1218; baseline 0.003 -17"><span class='ocrx_word' id='word_1_116' title='bbox 126 1160 305 1203; x_wconf 89' lang='lat' dir='ltr'>Docere</span> <span class='ocrx_word' id='word_1_117' title='bbox 339 1161 478 1204; x_wconf 86' lang='lat' dir='ltr'>debet</span> <span class='ocrx_word' id='word_1_118' title='bbox 511 1174 604 1203; x_wconf 93' lang='lat' dir='ltr'>non</span> <span class='ocrx_word' id='word_1_119' title='bbox 640 1162 788 1204; x_wconf 91' lang='lat' dir='ltr'>solum</span> <span class='ocrx_word' id='word_1_120' title='bbox 825 1162 1091 1216; x_wconf 75' lang='lat' dir='ltr'>discipulos,</span> <span class='ocrx_word' id='word_1_121' title='bbox 1128 1163 1211 1205; x_wconf 89' lang='lat' dir='ltr'>sed</span> <span class='ocrx_word' id='word_1_122' title='bbox 1246 1164 1392 1206; x_wconf 87' lang='lat' dir='ltr'>eciam</span> <span class='ocrx_word' id='word_1_123' title='bbox 1427 1164 1686 1218; x_wconf 89' lang='lat' dir='ltr'>magistros.</span> <span class='ocrx_word' id='word_1_124' title='bbox 1734 1165 1897 1207; x_wconf 86' lang='lat' dir='ltr'>Elevet</span> 
     </span>
     <span class='ocr_line' id='line_1_15' title="bbox 125 1231 1895 1286; baseline 0.003 -14"><span class='ocrx_word' id='word_1_125' title='bbox 125 1231 282 1272; x_wconf 89' lang='lat' dir='ltr'>lumen</span> <span class='ocrx_word' id='word_1_126' title='bbox 310 1244 444 1273; x_wconf 90' lang='lat' dir='ltr'>suum</span> <span class='ocrx_word' id='word_1_127' title='bbox 470 1232 519 1273; x_wconf 92' lang='lat' dir='ltr'>in</span> <span class='ocrx_word' id='word_1_128' title='bbox 547 1232 749 1285; x_wconf 89' lang='lat' dir='ltr'>excelso,</span> <span class='ocrx_word' id='word_1_129' title='bbox 779 1234 857 1286; x_wconf 93' lang='lat' dir='ltr'>qui</span> <span class='ocrx_word' id='word_1_130' title='bbox 885 1233 1062 1276; x_wconf 91' lang='lat' dir='ltr'>lumina</span> <span class='ocrx_word' id='word_1_131' title='bbox 1089 1237 1245 1276; x_wconf 89' lang='lat' dir='ltr'>cetera</span> <span class='ocrx_word' id='word_1_132' title='bbox 1274 1234 1412 1277; x_wconf 91' lang='lat' dir='ltr'>debet</span> <span class='ocrx_word' id='word_1_133' title='bbox 1441 1236 1692 1278; x_wconf 86' lang='lat' dir='ltr'>illustrare.</span> <span class='ocrx_word' id='word_1_134' title='bbox 1733 1236 1798 1278; x_wconf 88' lang='lat' dir='ltr'>Sit</span> <span class='ocrx_word' id='word_1_135' title='bbox 1826 1237 1895 1278; x_wconf 92' lang='lat' dir='ltr'>sol</span> 
     </span>
     <span class='ocr_line' id='line_1_16' title="bbox 124 1302 1896 1359; baseline 0.003 -15"><span class='ocrx_word' id='word_1_136' title='bbox 124 1303 171 1344; x_wconf 93' lang='lat' dir='ltr'>in</span> <span class='ocrx_word' id='word_1_137' title='bbox 203 1302 389 1356; x_wconf 91' lang='lat' dir='ltr'>mundo,</span> <span class='ocrx_word' id='word_1_138' title='bbox 421 1304 499 1356; x_wconf 91' lang='lat' dir='ltr'>qui</span> <span class='ocrx_word' id='word_1_139' title='bbox 533 1303 579 1344; x_wconf 94' lang='lat' dir='ltr'>in</span> <span class='ocrx_word' id='word_1_140' title='bbox 609 1304 809 1346; x_wconf 85' lang='lat' dir='ltr'>ecclesia</span> <span class='ocrx_word' id='word_1_141' title='bbox 840 1304 1039 1357; x_wconf 92' lang='lat' dir='ltr'>populos</span> <span class='ocrx_word' id='word_1_142' title='bbox 1072 1308 1120 1346; x_wconf 96' lang='lat' dir='ltr'>ut</span> <span class='ocrx_word' id='word_1_143' title='bbox 1151 1305 1385 1359; x_wconf 85' lang='lat' dir='ltr'>tenebras,</span> <span class='ocrx_word' id='word_1_144' title='bbox 1416 1307 1623 1358; x_wconf 85' lang='lat' dir='ltr'>prelatos</span> <span class='ocrx_word' id='word_1_145' title='bbox 1654 1310 1702 1349; x_wconf 91' lang='lat' dir='ltr'>ut</span> <span class='ocrx_word' id='word_1_146' title='bbox 1734 1307 1896 1349; x_wconf 86' lang='lat' dir='ltr'>stellas</span> 
     </span>
     <span class='ocr_line' id='line_1_17' title="bbox 124 1373 1895 1428; baseline 0.002 -13"><span class='ocrx_word' id='word_1_147' title='bbox 124 1373 264 1416; x_wconf 90' lang='lat' dir='ltr'>debet</span> <span class='ocrx_word' id='word_1_148' title='bbox 296 1386 513 1427; x_wconf 88' lang='lat' dir='ltr'>purgare,</span> <span class='ocrx_word' id='word_1_149' title='bbox 547 1373 816 1416; x_wconf 87' lang='lat' dir='ltr'>illuminare</span> <span class='ocrx_word' id='word_1_150' title='bbox 850 1378 990 1428; x_wconf 89' lang='lat' dir='ltr'>atque</span> <span class='ocrx_word' id='word_1_151' title='bbox 1023 1375 1270 1428; x_wconf 87' lang='lat' dir='ltr'>preficere.</span> <span class='ocrx_word' id='word_1_152' title='bbox 1318 1376 1495 1419; x_wconf 91' lang='lat' dir='ltr'>Teneat</span> <span class='ocrx_word' id='word_1_153' title='bbox 1528 1380 1729 1419; x_wconf 90' lang='lat' dir='ltr'>mentem</span> <span class='ocrx_word' id='word_1_154' title='bbox 1766 1390 1895 1420; x_wconf 89' lang='lat' dir='ltr'>suam</span> 
     </span>
     <span class='ocr_line' id='line_1_18' title="bbox 123 1443 1896 1502; baseline 0.003 -17"><span class='ocrx_word' id='word_1_155' title='bbox 123 1443 490 1497; x_wconf 82' lang='lat' dir='ltr'>mundissimam,</span> <span class='ocrx_word' id='word_1_156' title='bbox 526 1457 806 1498; x_wconf 90' lang='lat' dir='ltr'>semperque</span> <span class='ocrx_word' id='word_1_157' title='bbox 842 1445 1026 1488; x_wconf 88' lang='lat' dir='ltr'>Christo</span> <span class='ocrx_word' id='word_1_158' title='bbox 1061 1447 1350 1489; x_wconf 90' lang='lat' dir='ltr'>coniunctam</span> <span class='ocrx_word' id='word_1_159' title='bbox 1385 1447 1432 1488; x_wconf 92' lang='lat' dir='ltr'>in</span> <span class='ocrx_word' id='word_1_160' title='bbox 1467 1448 1731 1502; x_wconf 88' lang='lat' dir='ltr'>celestibus,</span> <span class='ocrx_word' id='word_1_161' title='bbox 1766 1449 1896 1490; x_wconf 90' lang='lat' dir='ltr'>cuius</span> 
     </span>
     <span class='ocr_line' id='line_1_19' title="bbox 124 1514 1896 1571; baseline 0.003 -15"><span class='ocrx_word' id='word_1_162' title='bbox 124 1514 372 1558; x_wconf 83' lang='lat' dir='ltr'>vicariatus</span> <span class='ocrx_word' id='word_1_163' title='bbox 406 1515 566 1558; x_wconf 90' lang='lat' dir='ltr'>officio</span> <span class='ocrx_word' id='word_1_164' title='bbox 598 1515 807 1569; x_wconf 90' lang='lat' dir='ltr'>fungitur</span> <span class='ocrx_word' id='word_1_165' title='bbox 840 1516 887 1557; x_wconf 93' lang='lat' dir='ltr'>in</span> <span class='ocrx_word' id='word_1_166' title='bbox 920 1517 1073 1559; x_wconf 91' lang='lat' dir='ltr'>terris.</span> <span class='ocrx_word' id='word_1_167' title='bbox 1120 1516 1168 1559; x_wconf 89' lang='lat' dir='ltr'>Si</span> <span class='ocrx_word' id='word_1_168' title='bbox 1200 1521 1368 1570; x_wconf 90' lang='lat' dir='ltr'>autem,</span> <span class='ocrx_word' id='word_1_169' title='bbox 1402 1518 1526 1571; x_wconf 88' lang='lat' dir='ltr'>quod</span> <span class='ocrx_word' id='word_1_170' title='bbox 1559 1518 1692 1571; x_wconf 91' lang='lat' dir='ltr'>absit,</span> <span class='ocrx_word' id='word_1_171' title='bbox 1727 1519 1819 1561; x_wconf 88' lang='lat' dir='ltr'>vita</span> <span class='ocrx_word' id='word_1_172' title='bbox 1851 1522 1896 1561; x_wconf 91' lang='lat' dir='ltr'>et</span> 
     </span>
     <span class='ocr_line' id='line_1_20' title="bbox 124 1585 1896 1644; baseline 0.003 -17"><span class='ocrx_word' id='word_1_173' title='bbox 124 1585 332 1629; x_wconf 87' lang='lat' dir='ltr'>moribus</span> <span class='ocrx_word' id='word_1_174' title='bbox 353 1586 412 1628; x_wconf 90' lang='lat' dir='ltr'>sit</span> <span class='ocrx_word' id='word_1_175' title='bbox 434 1598 702 1639; x_wconf 89' lang='lat' dir='ltr'>perversus,</span> <span class='ocrx_word' id='word_1_176' title='bbox 727 1587 765 1629; x_wconf 89' lang='lat' dir='ltr'>si</span> <span class='ocrx_word' id='word_1_177' title='bbox 788 1587 960 1630; x_wconf 90' lang='lat' dir='ltr'>oblitus</span> <span class='ocrx_word' id='word_1_178' title='bbox 984 1587 1220 1641; x_wconf 88' lang='lat' dir='ltr'>dignitatis</span> <span class='ocrx_word' id='word_1_179' title='bbox 1245 1601 1326 1631; x_wconf 93' lang='lat' dir='ltr'>sue</span> <span class='ocrx_word' id='word_1_180' title='bbox 1350 1592 1397 1630; x_wconf 95' lang='lat' dir='ltr'>et</span> <span class='ocrx_word' id='word_1_181' title='bbox 1419 1587 1689 1644; x_wconf 76' lang='lat' dir='ltr'>derelictisf)</span> <span class='ocrx_word' id='word_1_182' title='bbox 1715 1590 1896 1632; x_wconf 89' lang='lat' dir='ltr'>celesti-</span> 
     </span>
     <span class='ocr_line' id='line_1_21' title="bbox 123 1655 1896 1712; baseline 0.002 -15"><span class='ocrx_word' id='word_1_183' title='bbox 123 1655 209 1698; x_wconf 90' lang='lat' dir='ltr'>bus</span> <span class='ocrx_word' id='word_1_184' title='bbox 240 1669 495 1699; x_wconf 88' lang='lat' dir='ltr'>conversus</span> <span class='ocrx_word' id='word_1_185' title='bbox 529 1657 587 1699; x_wconf 91' lang='lat' dir='ltr'>ad</span> <span class='ocrx_word' id='word_1_186' title='bbox 619 1660 792 1699; x_wconf 90' lang='lat' dir='ltr'>terram</span> <span class='ocrx_word' id='word_1_187' title='bbox 824 1657 1206 1711; x_wconf 83' lang='lat' dir='ltr'>dampnabilibus</span> <span class='ocrx_word' id='word_1_188' title='bbox 1238 1663 1284 1701; x_wconf 88' lang='lat' dir='ltr'>et</span> <span class='ocrx_word' id='word_1_189' title='bbox 1312 1660 1591 1712; x_wconf 85' lang='lat' dir='ltr'>capitalibus</span> <span class='ocrx_word' id='word_1_190' title='bbox 1621 1660 1896 1702; x_wconf 88' lang='lat' dir='ltr'>criminibus</span> 
     </span>
     <span class='ocr_line' id='line_1_22' title="bbox 124 1727 1895 1783; baseline 0.002 -15"><span class='ocrx_word' id='word_1_191' title='bbox 124 1738 174 1768; x_wconf 90' lang='lat' dir='ltr'>se</span> <span class='ocrx_word' id='word_1_192' title='bbox 198 1727 453 1780; x_wconf 87' lang='lat' dir='ltr'>inmisceat,</span> <span class='ocrx_word' id='word_1_193' title='bbox 476 1727 755 1781; x_wconf 88' lang='lat' dir='ltr'>consideret,</span> <span class='ocrx_word' id='word_1_194' title='bbox 779 1728 902 1781; x_wconf 91' lang='lat' dir='ltr'>quod</span> <span class='ocrx_word' id='word_1_195' title='bbox 925 1728 1108 1783; x_wconf 83' lang='lat' dir='ltr'>lucifer,</span> <span class='ocrx_word' id='word_1_196' title='bbox 1132 1733 1306 1782; x_wconf 90' lang='lat' dir='ltr'>quanto</span> <span class='ocrx_word' id='word_1_197' title='bbox 1327 1730 1498 1773; x_wconf 89' lang='lat' dir='ltr'>ceteris</span> <span class='ocrx_word' id='word_1_198' title='bbox 1522 1731 1701 1783; x_wconf 85' lang='lat' dir='ltr'>angelis</span> <span class='ocrx_word' id='word_1_199' title='bbox 1726 1731 1895 1773; x_wconf 91' lang='lat' dir='ltr'>clarior</span> 
     </span>
     <span class='ocr_line' id='line_1_23' title="bbox 124 1798 1895 1853; baseline 0.002 -14"><span class='ocrx_word' id='word_1_200' title='bbox 124 1801 168 1839; x_wconf 90' lang='lat' dir='ltr'>et</span> <span class='ocrx_word' id='word_1_201' title='bbox 192 1798 462 1850; x_wconf 87' lang='lat' dir='ltr'>perversior</span> <span class='ocrx_word' id='word_1_202' title='bbox 485 1801 555 1841; x_wconf 88' lang='lat' dir='ltr'>est</span> <span class='ocrx_word' id='word_1_203' title='bbox 579 1802 776 1851; x_wconf 90' lang='lat' dir='ltr'>creatus,</span> <span class='ocrx_word' id='word_1_204' title='bbox 800 1802 928 1841; x_wconf 90' lang='lat' dir='ltr'>tanto</span> <span class='ocrx_word' id='word_1_205' title='bbox 951 1812 1009 1841; x_wconf 89' lang='lat' dir='ltr'>ex</span> <span class='ocrx_word' id='word_1_206' title='bbox 1034 1800 1345 1853; x_wconf 82' lang='lat' dir='ltr'>perversitate</span> <span class='ocrx_word' id='word_1_207' title='bbox 1368 1813 1452 1843; x_wconf 92' lang='lat' dir='ltr'>sua</span> <span class='ocrx_word' id='word_1_208' title='bbox 1477 1802 1688 1843; x_wconf 88' lang='lat' dir='ltr'>severius</span> <span class='ocrx_word' id='word_1_209' title='bbox 1713 1805 1758 1844; x_wconf 93' lang='lat' dir='ltr'>et</span> <span class='ocrx_word' id='word_1_210' title='bbox 1783 1802 1895 1843; x_wconf 90' lang='lat' dir='ltr'>irre-</span> 
     </span>
     <span class='ocr_line' id='line_1_24' title="bbox 123 1868 1896 1922; baseline 0.003 -13"><span class='ocrx_word' id='word_1_211' title='bbox 123 1868 382 1920; x_wconf 88' lang='lat' dir='ltr'>parabilius</span> <span class='ocrx_word' id='word_1_212' title='bbox 408 1872 479 1911; x_wconf 87' lang='lat' dir='ltr'>est</span> <span class='ocrx_word' id='word_1_213' title='bbox 504 1869 708 1922; x_wconf 89' lang='lat' dir='ltr'>punitus.</span> <span class='ocrx_word' id='word_1_214' title='bbox 748 1870 838 1912; x_wconf 89' lang='lat' dir='ltr'>Nec</span> <span class='ocrx_word' id='word_1_215' title='bbox 866 1869 1071 1913; x_wconf 90' lang='lat' dir='ltr'>confidat</span> <span class='ocrx_word' id='word_1_216' title='bbox 1099 1871 1248 1913; x_wconf 89' lang='lat' dir='ltr'>solum</span> <span class='ocrx_word' id='word_1_217' title='bbox 1275 1870 1432 1914; x_wconf 91' lang='lat' dir='ltr'>divino</span> <span class='ocrx_word' id='word_1_218' title='bbox 1458 1884 1509 1914; x_wconf 89' lang='lat' dir='ltr'>ac</span> <span class='ocrx_word' id='word_1_219' title='bbox 1536 1872 1697 1914; x_wconf 92' lang='lat' dir='ltr'>ultimo</span> <span class='ocrx_word' id='word_1_220' title='bbox 1725 1872 1896 1914; x_wconf 85' lang='lat' dir='ltr'>iudicio</span> 
     </span>
     <span class='ocr_line' id='line_1_25' title="bbox 123 1939 1896 1995; baseline 0.003 -16"><span class='ocrx_word' id='word_1_221' title='bbox 123 1939 372 1981; x_wconf 84' lang='lat' dir='ltr'>reservari.</span> <span class='ocrx_word' id='word_1_222' title='bbox 414 1939 544 1991; x_wconf 89' lang='lat' dir='ltr'>Quod</span> <span class='ocrx_word' id='word_1_223' title='bbox 571 1943 741 1993; x_wconf 88' lang='lat' dir='ltr'>tamen,</span> <span class='ocrx_word' id='word_1_224' title='bbox 771 1944 944 1993; x_wconf 84' lang='lat' dir='ltr'>quanto</span> <span class='ocrx_word' id='word_1_225' title='bbox 971 1941 1148 1983; x_wconf 88' lang='lat' dir='ltr'>cercius</span> <span class='ocrx_word' id='word_1_226' title='bbox 1178 1945 1314 1995; x_wconf 89' lang='lat' dir='ltr'>atque</span> <span class='ocrx_word' id='word_1_227' title='bbox 1346 1943 1572 1995; x_wconf 87' lang='lat' dir='ltr'>severius,</span> <span class='ocrx_word' id='word_1_228' title='bbox 1601 1945 1728 1985; x_wconf 90' lang='lat' dir='ltr'>tanto</span> <span class='ocrx_word' id='word_1_229' title='bbox 1757 1943 1896 1985; x_wconf 89' lang='lat' dir='ltr'>debet</span> 
     </span>
     <span class='ocr_line' id='line_1_26' title="bbox 123 2009 1895 2067; baseline 0.003 -16"><span class='ocrx_word' id='word_1_230' title='bbox 123 2009 345 2053; x_wconf 89' lang='lat' dir='ltr'>humilius</span> <span class='ocrx_word' id='word_1_231' title='bbox 366 2010 778 2064; x_wconf 42' lang='lat' dir='ltr'>trepidranciusque</span> <span class='ocrx_word' id='word_1_232' title='bbox 803 2011 1062 2064; x_wconf 89' lang='lat' dir='ltr'>formidari,</span> <span class='ocrx_word' id='word_1_233' title='bbox 1088 2012 1195 2065; x_wconf 90' lang='lat' dir='ltr'>quia</span> <span class='ocrx_word' id='word_1_234' title='bbox 1219 2025 1305 2066; x_wconf 90' lang='lat' dir='ltr'>per</span> <span class='ocrx_word' id='word_1_235' title='bbox 1326 2013 1588 2067; x_wconf 88' lang='lat' dir='ltr'>ecclesiam,</span> <span class='ocrx_word' id='word_1_236' title='bbox 1612 2026 1703 2067; x_wconf 89' lang='lat' dir='ltr'>que</span> <span class='ocrx_word' id='word_1_237' title='bbox 1726 2027 1895 2067; x_wconf 86' lang='lat' dir='ltr'>corpus</span> 
     </span>
     <span class='ocr_line' id='line_1_27' title="bbox 123 2080 1895 2134; baseline 0.002 -12"><span class='ocrx_word' id='word_1_238' title='bbox 123 2083 193 2123; x_wconf 89' lang='lat' dir='ltr'>est</span> <span class='ocrx_word' id='word_1_239' title='bbox 226 2080 412 2134; x_wconf 87' lang='lat' dir='ltr'>Christi,</span> <span class='ocrx_word' id='word_1_240' title='bbox 445 2081 570 2123; x_wconf 90' lang='lat' dir='ltr'>Deus</span> <span class='ocrx_word' id='word_1_241' title='bbox 601 2081 773 2124; x_wconf 89' lang='lat' dir='ltr'>iudicia</span> <span class='ocrx_word' id='word_1_242' title='bbox 805 2095 888 2125; x_wconf 87' lang='lat' dir='ltr'>sua</span> <span class='ocrx_word' id='word_1_243' title='bbox 920 2083 1067 2125; x_wconf 91' lang='lat' dir='ltr'>eciam</span> <span class='ocrx_word' id='word_1_244' title='bbox 1098 2083 1145 2124; x_wconf 91' lang='lat' dir='ltr'>in</span> <span class='ocrx_word' id='word_1_245' title='bbox 1177 2083 1262 2125; x_wconf 86' lang='lat' dir='ltr'>hoc</span> <span class='ocrx_word' id='word_1_246' title='bbox 1294 2084 1467 2126; x_wconf 93' lang='lat' dir='ltr'>mundo</span> <span class='ocrx_word' id='word_1_247' title='bbox 1497 2088 1686 2127; x_wconf 86' lang='lat' dir='ltr'>exercet</span> <span class='ocrx_word' id='word_1_248' title='bbox 1716 2090 1762 2129; x_wconf 87' lang='lat' dir='ltr'>et</span> <span class='ocrx_word' id='word_1_249' title='bbox 1791 2097 1895 2127; x_wconf 90' lang='lat' dir='ltr'>con-</span> 
     </span>
     <span class='ocr_line' id='line_1_28' title="bbox 123 2151 1895 2209; baseline 0.003 -17"><span class='ocrx_word' id='word_1_250' title='bbox 123 2151 230 2193; x_wconf 90' lang='lat' dir='ltr'>cilia</span> <span class='ocrx_word' id='word_1_251' title='bbox 254 2152 495 2205; x_wconf 91' lang='lat' dir='ltr'>generalia</span> <span class='ocrx_word' id='word_1_252' title='bbox 521 2152 788 2195; x_wconf 90' lang='lat' dir='ltr'>universam</span> <span class='ocrx_word' id='word_1_253' title='bbox 812 2153 1058 2196; x_wconf 87' lang='lat' dir='ltr'>ecclesiam</span> <span class='ocrx_word' id='word_1_254' title='bbox 1084 2157 1426 2207; x_wconf 89' lang='lat' dir='ltr'>representant.</span> <span class='ocrx_word' id='word_1_255' title='bbox 1465 2154 1598 2197; x_wconf 92' lang='lat' dir='ltr'>Unde</span> <span class='ocrx_word' id='word_1_256' title='bbox 1625 2168 1768 2208; x_wconf 89' lang='lat' dir='ltr'>super</span> <span class='ocrx_word' id='word_1_257' title='bbox 1791 2168 1895 2209; x_wconf 90' lang='lat' dir='ltr'>pre-</span> 
     </span>
     <span class='ocr_line' id='line_1_29' title="bbox 124 2221 1895 2279; baseline 0.003 -16"><span class='ocrx_word' id='word_1_258' title='bbox 124 2221 279 2265; x_wconf 87' lang='lat' dir='ltr'>missis</span> <span class='ocrx_word' id='word_1_259' title='bbox 300 2222 555 2265; x_wconf 90' lang='lat' dir='ltr'>salubriter</span> <span class='ocrx_word' id='word_1_260' title='bbox 580 2223 872 2278; x_wconf 71' lang='lat' dir='ltr'>providereg)</span> <span class='ocrx_word' id='word_1_261' title='bbox 898 2225 1142 2277; x_wconf 86' lang='lat' dir='ltr'>cupientes</span> <span class='ocrx_word' id='word_1_262' title='bbox 1168 2225 1253 2267; x_wconf 90' lang='lat' dir='ltr'>hoc</span> <span class='ocrx_word' id='word_1_263' title='bbox 1279 2225 1468 2268; x_wconf 85' lang='lat' dir='ltr'>decreto</span> <span class='ocrx_word' id='word_1_264' title='bbox 1489 2230 1720 2279; x_wconf 86' lang='lat' dir='ltr'>perpetuo</span> <span class='ocrx_word' id='word_1_265' title='bbox 1743 2226 1895 2268; x_wconf 89' lang='lat' dir='ltr'>decla-</span> 
     </span>
     <span class='ocr_line' id='line_1_30' title="bbox 123 2292 1895 2348; baseline 0.003 -15"><span class='ocrx_word' id='word_1_266' title='bbox 123 2304 282 2335; x_wconf 89' lang='lat' dir='ltr'>ramus</span> <span class='ocrx_word' id='word_1_267' title='bbox 310 2296 356 2335; x_wconf 89' lang='lat' dir='ltr'>et</span> <span class='ocrx_word' id='word_1_268' title='bbox 389 2292 665 2347; x_wconf 86' lang='lat' dir='ltr'>diffinimus,</span> <span class='ocrx_word' id='word_1_269' title='bbox 699 2294 822 2347; x_wconf 92' lang='lat' dir='ltr'>quod</span> <span class='ocrx_word' id='word_1_270' title='bbox 855 2307 1063 2338; x_wconf 90' lang='lat' dir='ltr'>summus</span> <span class='ocrx_word' id='word_1_271' title='bbox 1094 2295 1309 2348; x_wconf 85' lang='lat' dir='ltr'>pontifex</span> <span class='ocrx_word' id='word_1_272' title='bbox 1341 2309 1434 2338; x_wconf 91' lang='lat' dir='ltr'>non</span> <span class='ocrx_word' id='word_1_273' title='bbox 1466 2297 1615 2338; x_wconf 90' lang='lat' dir='ltr'>solum</span> <span class='ocrx_word' id='word_1_274' title='bbox 1648 2297 1705 2338; x_wconf 91' lang='lat' dir='ltr'>de</span> <span class='ocrx_word' id='word_1_275' title='bbox 1737 2296 1895 2339; x_wconf 89' lang='lat' dir='ltr'>heresi</span> 
     </span>
     <span class='ocr_line' id='line_1_31' title="bbox 125 2362 1893 2418; baseline 0.003 -14"><span class='ocrx_word' id='word_1_276' title='bbox 125 2362 208 2404; x_wconf 85' lang='lat' dir='ltr'>sed</span> <span class='ocrx_word' id='word_1_277' title='bbox 228 2366 274 2405; x_wconf 88' lang='lat' dir='ltr'>et</span> <span class='ocrx_word' id='word_1_278' title='bbox 292 2362 351 2405; x_wconf 91' lang='lat' dir='ltr'>de</span> <span class='ocrx_word' id='word_1_279' title='bbox 374 2362 627 2418; x_wconf 68' lang='lat' dir='ltr'>symoniah)</span> <span class='ocrx_word' id='word_1_280' title='bbox 650 2368 698 2407; x_wconf 85' lang='lat' dir='ltr'>et</span> <span class='ocrx_word' id='word_1_281' title='bbox 718 2377 992 2418; x_wconf 86' lang='lat' dir='ltr'>quocunque</span> <span class='ocrx_word' id='word_1_282' title='bbox 1014 2365 1107 2408; x_wconf 87' lang='lat' dir='ltr'>alio</span> <span class='ocrx_word' id='word_1_283' title='bbox 1127 2367 1319 2408; x_wconf 89' lang='lat' dir='ltr'>crimine</span> <span class='ocrx_word' id='word_1_284' title='bbox 1341 2367 1586 2409; x_wconf 85' lang='lat' dir='ltr'>ecclesiam</span> <span class='ocrx_word' id='word_1_285' title='bbox 1607 2367 1693 2409; x_wconf 91' lang='lat' dir='ltr'>Dei</span> <span class='ocrx_word' id='word_1_286' title='bbox 1714 2367 1893 2409; x_wconf 86' lang='lat' dir='ltr'>notorie</span> 
     </span>
     <span class='ocr_line' id='line_1_32' title="bbox 120 2433 1894 2491; baseline 0.003 -17"><span class='ocrx_word' id='word_1_287' title='bbox 120 2433 480 2489; x_wconf 86' lang='lat' dir='ltr'>scandalizante,</span> <span class='ocrx_word' id='word_1_288' title='bbox 510 2435 566 2476; x_wconf 93' lang='lat' dir='ltr'>de</span> <span class='ocrx_word' id='word_1_289' title='bbox 596 2447 687 2488; x_wconf 92' lang='lat' dir='ltr'>quo</span> <span class='ocrx_word' id='word_1_290' title='bbox 716 2435 1021 2489; x_wconf 91' lang='lat' dir='ltr'>solempniter</span> <span class='ocrx_word' id='word_1_291' title='bbox 1051 2437 1252 2480; x_wconf 91' lang='lat' dir='ltr'>monitus</span> <span class='ocrx_word' id='word_1_292' title='bbox 1281 2438 1445 2479; x_wconf 87' lang='lat' dir='ltr'>saltem</span> <span class='ocrx_word' id='word_1_293' title='bbox 1474 2450 1560 2490; x_wconf 91' lang='lat' dir='ltr'>per</span> <span class='ocrx_word' id='word_1_294' title='bbox 1590 2450 1762 2480; x_wconf 91' lang='lat' dir='ltr'>annum</span> <span class='ocrx_word' id='word_1_295' title='bbox 1792 2443 1894 2491; x_wconf 89' lang='lat' dir='ltr'>post</span> 
     </span>
     <span class='ocr_line' id='line_1_33' title="bbox 124 2504 1893 2561; baseline 0.003 -16"><span class='ocrx_word' id='word_1_296' title='bbox 124 2504 430 2546; x_wconf 84' lang='lat' dir='ltr'>monioionem</span> <span class='ocrx_word' id='word_1_297' title='bbox 464 2505 794 2558; x_wconf 88' lang='lat' dir='ltr'>incorrigibilis</span> <span class='ocrx_word' id='word_1_298' title='bbox 827 2511 1065 2560; x_wconf 89' lang='lat' dir='ltr'>appareat,</span> <span class='ocrx_word' id='word_1_299' title='bbox 1099 2507 1245 2560; x_wconf 91' lang='lat' dir='ltr'>possit</span> <span class='ocrx_word' id='word_1_300' title='bbox 1278 2520 1363 2561; x_wconf 90' lang='lat' dir='ltr'>per</span> <span class='ocrx_word' id='word_1_301' title='bbox 1395 2510 1617 2561; x_wconf 89' lang='lat' dir='ltr'>generale</span> <span class='ocrx_word' id='word_1_302' title='bbox 1651 2509 1893 2550; x_wconf 89' lang='lat' dir='ltr'>concilium</span> 
     </span>
     <span class='ocr_line' id='line_1_34' title="bbox 124 2574 1212 2631; baseline 0.005 -16"><span class='ocrx_word' id='word_1_303' title='bbox 124 2574 279 2626; x_wconf 90' lang='lat' dir='ltr'>puniri</span> <span class='ocrx_word' id='word_1_304' title='bbox 308 2575 454 2617; x_wconf 88' lang='lat' dir='ltr'>eciam</span> <span class='ocrx_word' id='word_1_305' title='bbox 482 2588 568 2628; x_wconf 90' lang='lat' dir='ltr'>per</span> <span class='ocrx_word' id='word_1_306' title='bbox 597 2575 943 2628; x_wconf 89' lang='lat' dir='ltr'>deposicionem</span> <span class='ocrx_word' id='word_1_307' title='bbox 972 2590 997 2619; x_wconf 91' lang='lat' dir='ltr'>a</span> <span class='ocrx_word' id='word_1_308' title='bbox 1022 2580 1212 2631; x_wconf 85' lang='lat' dir='ltr'>papatu.</span> 
     </span>
     <span class='ocr_line' id='line_1_35' title="bbox 123 2644 826 2698; baseline 0.007 -13"><span class='ocrx_word' id='word_1_309' title='bbox 123 2644 175 2698; x_wconf 92' lang='lat' dir='ltr'>D,</span> <span class='ocrx_word' id='word_1_310' title='bbox 214 2645 264 2698; x_wconf 92' lang='lat' dir='ltr'>E,</span> <span class='ocrx_word' id='word_1_311' title='bbox 302 2645 345 2688; x_wconf 90' lang='lat' dir='ltr'>S.</span> <span class='ocrx_word' id='word_1_312' title='bbox 765 2648 826 2690; x_wconf 95' lang='lat' dir='ltr'>W.</span> 
     </span>
    </p>

    <p class='ocr_par' dir='ltr' id='par_1_7' title="bbox 121 2715 1895 2915">
     <span class='ocr_line' id='line_1_36' title="bbox 180 2715 1895 2773; baseline 0.002 -16"><span class='ocrx_word' id='word_1_313' title='bbox 180 2715 437 2758; x_wconf 89' lang='lat' dir='ltr'>Monicione</span> <span class='ocrx_word' id='word_1_314' title='bbox 460 2729 572 2759; x_wconf 91' lang='lat' dir='ltr'>vero</span> <span class='ocrx_word' id='word_1_315' title='bbox 593 2729 687 2758; x_wconf 92' lang='lat' dir='ltr'>non</span> <span class='ocrx_word' id='word_1_316' title='bbox 851 2718 1158 2761; x_wconf 89' lang='lat' dir='ltr'>Monicionem</span> <span class='ocrx_word' id='word_1_317' title='bbox 1189 2732 1301 2762; x_wconf 91' lang='lat' dir='ltr'>vero</span> <span class='ocrx_word' id='word_1_318' title='bbox 1330 2732 1423 2762; x_wconf 92' lang='lat' dir='ltr'>non</span> <span class='ocrx_word' id='word_1_319' title='bbox 1454 2720 1710 2773; x_wconf 89' lang='lat' dir='ltr'>quamlibet</span> <span class='ocrx_word' id='word_1_320' title='bbox 1735 2733 1895 2762; x_wconf 89' lang='lat' dir='ltr'>cense-</span> 
     </span>
     <span class='ocr_line' id='line_1_37' title="bbox 122 2786 1894 2844; baseline 0.003 -17"><span class='ocrx_word' id='word_1_321' title='bbox 122 2786 329 2838; x_wconf 88' lang='lat' dir='ltr'>qualibet</span> <span class='ocrx_word' id='word_1_322' title='bbox 354 2786 471 2840; x_wconf 68' lang='lat' dir='ltr'>sedi)</span> <span class='ocrx_word' id='word_1_323' title='bbox 498 2799 583 2840; x_wconf 91' lang='lat' dir='ltr'>per</span> <span class='ocrx_word' id='word_1_324' title='bbox 609 2787 688 2828; x_wconf 92' lang='lat' dir='ltr'>du·</span> <span class='ocrx_word' id='word_1_325' title='bbox 762 2801 862 2830; x_wconf 90' lang='lat' dir='ltr'>mus</span> <span class='ocrx_word' id='word_1_326' title='bbox 899 2789 1107 2842; x_wconf 87' lang='lat' dir='ltr'>reputari</span> <span class='ocrx_word' id='word_1_327' title='bbox 1144 2791 1426 2843; x_wconf 89' lang='lat' dir='ltr'>canonicam,</span> <span class='ocrx_word' id='word_1_328' title='bbox 1464 2791 1547 2833; x_wconf 84' lang='lat' dir='ltr'>sed</span> <span class='ocrx_word' id='word_1_329' title='bbox 1583 2791 1621 2833; x_wconf 91' lang='lat' dir='ltr'>si</span> <span class='ocrx_word' id='word_1_330' title='bbox 1657 2803 1743 2844; x_wconf 89' lang='lat' dir='ltr'>per</span> <span class='ocrx_word' id='word_1_331' title='bbox 1778 2791 1894 2833; x_wconf 88' lang='lat' dir='ltr'>duas</span> 
     </span>
     <span class='ocr_line' id='line_1_38' title="bbox 121 2857 1892 2915; baseline 0.003 -17"><span class='ocrx_word' id='word_1_332' title='bbox 121 2867 173 2898; x_wconf 88' lang='lat' dir='ltr'>as</span> <span class='ocrx_word' id='word_1_333' title='bbox 198 2860 357 2910; x_wconf 84' lang='lat' dir='ltr'>partes</span> <span class='ocrx_word' id='word_1_334' title='bbox 379 2857 686 2900; x_wconf 88' lang='lat' dir='ltr'>cardinalium</span> <span class='ocrx_word' id='word_1_335' title='bbox 761 2862 919 2911; x_wconf 86' lang='lat' dir='ltr'>partes</span> <span class='ocrx_word' id='word_1_336' title='bbox 952 2860 1259 2902; x_wconf 90' lang='lat' dir='ltr'>cardinalium</span> <span class='ocrx_word' id='word_1_337' title='bbox 1291 2861 1598 2914; x_wconf 90' lang='lat' dir='ltr'>collegialiter</span> <span class='ocrx_word' id='word_1_338' title='bbox 1630 2865 1677 2903; x_wconf 92' lang='lat' dir='ltr'>et</span> <span class='ocrx_word' id='word_1_339' title='bbox 1707 2861 1892 2915; x_wconf 91' lang='lat' dir='ltr'>publice</span> 
     </span>
    </p>
   </div>
   <div class='ocr_carea' id='block_1_5' title="bbox 229 2971 1894 3009">
    <p class='ocr_par' dir='ltr' id='par_1_8' title="bbox 229 2971 1894 3009">
     <span class='ocr_line' id='line_1_39' title="bbox 229 2971 1894 3009; baseline 0.004 -12"><span class='ocrx_word' id='word_1_340' title='bbox 229 2976 258 3001; x_wconf 70' lang='lat' dir='ltr'>a)</span> <span class='ocrx_word' id='word_1_341' title='bbox 282 2971 366 2998; x_wconf 70' lang='lat' dir='ltr'>Fehlt</span> <span class='ocrx_word' id='word_1_342' title='bbox 386 2972 417 2999; x_wconf 85' lang='lat' dir='ltr'>S.</span> <span class='ocrx_word' id='word_1_343' title='bbox 512 2973 543 3001; x_wconf 69' lang='lat' dir='ltr'>b&gt;</span> <span class='ocrx_word' id='word_1_344' title='bbox 576 2972 600 3000; x_wconf 81' lang='lat' dir='ltr'><em>S</em></span> <span class='ocrx_word' id='word_1_345' title='bbox 620 2973 703 3007; x_wconf 67' lang='lat' dir='ltr'>solu!</span> <span class='ocrx_word' id='word_1_346' title='bbox 724 2976 800 3005; x_wconf 59' lang='grc' dir='ltr'>ειη-,ς</span> <span class='ocrx_word' id='word_1_347' title='bbox 833 2976 893 3001; x_wconf 72' lang='lat' dir='ltr'>alas</span> <span class='ocrx_word' id='word_1_348' title='bbox 912 2975 1061 3009; x_wconf 55' lang='lat' dir='ltr'>salwude</span> <span class='ocrx_word' id='word_1_349' title='bbox 1081 2975 1160 3008; x_wconf 79' lang='lat' dir='ltr'>selzl!</span> <span class='ocrx_word' id='word_1_350' title='bbox 1183 2976 1214 3003; x_wconf 71' lang='lat' dir='ltr'>S.</span> <span class='ocrx_word' id='word_1_351' title='bbox 1302 2983 1331 3007; x_wconf 22' lang='lat' dir='ltr'>cv&gt;</span> <span class='ocrx_word' id='word_1_352' title='bbox 1358 2976 1396 3002; x_wconf 74' lang='lat' dir='ltr'><strong><em>W</em></strong></span> <span class='ocrx_word' id='word_1_353' title='bbox 1415 2976 1526 3003; x_wconf 78' lang='lat' dir='ltr'>ceteri.</span> <span class='ocrx_word' id='word_1_354' title='bbox 1613 2977 1645 3009; x_wconf 79' lang='lat' dir='ltr'>d)</span> <span class='ocrx_word' id='word_1_355' title='bbox 1673 2977 1714 3003; x_wconf 80' lang='lat' dir='ltr'><strong><em>W</em></strong></span> <span class='ocrx_word' id='word_1_356' title='bbox 1731 2977 1894 3004; x_wconf 75' lang='lat' dir='ltr'>dicantur.</span> 
     </span>
    </p>
   </div>
   <div class='ocr_carea' id='block_1_6' title="bbox 124 3017 1891 3104">
    <p class='ocr_par' dir='ltr' id='par_1_9' title="bbox 124 3017 1891 3104">
     <span class='ocr_line' id='line_1_40' title="bbox 124 3017 1891 3057; baseline 0.005 -14"><span class='ocrx_word' id='word_1_357' title='bbox 124 3019 152 3048; x_wconf 83' lang='lat' dir='ltr'>e)</span> <span class='ocrx_word' id='word_1_358' title='bbox 177 3017 218 3043; x_wconf 79' lang='lat' dir='ltr'><em>W</em></span> <span class='ocrx_word' id='word_1_359' title='bbox 237 3018 321 3052; x_wconf 75' lang='lat' dir='ltr'>folqt</span> <span class='ocrx_word' id='word_1_360' title='bbox 342 3018 451 3052; x_wconf 78' lang='lat' dir='ltr'>igitur.</span> <span class='ocrx_word' id='word_1_361' title='bbox 516 3020 542 3052; x_wconf 72' lang='lat' dir='ltr'>f)</span> <span class='ocrx_word' id='word_1_362' title='bbox 565 3021 593 3046; x_wconf 78' lang='grc'>1)</span> <span class='ocrx_word' id='word_1_363' title='bbox 614 3020 750 3047; x_wconf 75' lang='lat' dir='ltr'>relictis.</span> <span class='ocrx_word' id='word_1_364' title='bbox 810 3022 842 3055; x_wconf 85' lang='lat' dir='ltr'>g)</span> <span class='ocrx_word' id='word_1_365' title='bbox 864 3022 1002 3049; x_wconf 76' lang='lat' dir='ltr'>Hiermit</span> <span class='ocrx_word' id='word_1_366' title='bbox 1023 3025 1099 3049; x_wconf 66' lang='lat' dir='ltr'>serzi</span> <span class='ocrx_word' id='word_1_367' title='bbox 1120 3023 1142 3050; x_wconf 86' lang='lat' dir='ltr'><strong><em>S</em></strong></span> <span class='ocrx_word' id='word_1_368' title='bbox 1161 3024 1276 3049; x_wconf 70' lang='lat' dir='ltr'>wieder</span> <span class='ocrx_word' id='word_1_369' title='bbox 1297 3024 1354 3050; x_wconf 79' lang='lat' dir='ltr'>ein.</span> <span class='ocrx_word' id='word_1_370' title='bbox 1425 3023 1456 3056; x_wconf 82' lang='lat' dir='ltr'>h)</span> <span class='ocrx_word' id='word_1_371' title='bbox 1483 3024 1522 3050; x_wconf 63' lang='lat' dir='ltr'>u*</span> <span class='ocrx_word' id='word_1_372' title='bbox 1540 3024 1623 3057; x_wconf 77' lang='lat' dir='ltr'>folyt</span> <span class='ocrx_word' id='word_1_373' title='bbox 1647 3026 1712 3051; x_wconf 76' lang='lat' dir='ltr'>tani</span> <span class='ocrx_word' id='word_1_374' title='bbox 1734 3025 1822 3051; x_wconf 82' lang='lat' dir='ltr'>circa</span> <span class='ocrx_word' id='word_1_375' title='bbox 1842 3033 1891 3051; x_wconf 76' lang='lat' dir='ltr'>sa-</span> 
     </span>
     <span class='ocr_line' id='line_1_41' title="bbox 124 3066 1572 3104; baseline 0.006 -15"><span class='ocrx_word' id='word_1_376' title='bbox 124 3066 300 3097; x_wconf 80' lang='lat' dir='ltr'>cramenta,</span> <span class='ocrx_word' id='word_1_377' title='bbox 321 3072 416 3099; x_wconf 83' lang='lat' dir='ltr'>quam</span> <span class='ocrx_word' id='word_1_378' title='bbox 439 3066 470 3093; x_wconf 86' lang='lat' dir='ltr'>in</span> <span class='ocrx_word' id='word_1_379' title='bbox 493 3067 747 3094; x_wconf 63' lang='lat' dir='ltr'>beneficialibus</span> <span class='ocrx_word' id='word_1_380' title='bbox 768 3068 1004 3096; x_wconf 73' lang='lat' dir='ltr'>ecclesiasticis</span> <span class='ocrx_word' id='word_1_381' title='bbox 1026 3069 1208 3097; x_wconf 79' lang='lat' dir='ltr'>commissa.</span> <span class='ocrx_word' id='word_1_382' title='bbox 1286 3070 1307 3103; x_wconf 83' lang='lat' dir='ltr'>i)</span> <span class='ocrx_word' id='word_1_383' title='bbox 1330 3071 1366 3102; x_wconf 81' lang='lat' dir='ltr'>E,</span> <span class='ocrx_word' id='word_1_384' title='bbox 1387 3070 1411 3098; x_wconf 77' lang='lat' dir='ltr'><strong><em>S</em></strong></span> <span class='ocrx_word' id='word_1_385' title='bbox 1430 3070 1513 3104; x_wconf 59' lang='lat' dir='ltr'>fola!</span> <span class='ocrx_word' id='word_1_386' title='bbox 1535 3071 1572 3098; x_wconf 84' lang='lat' dir='ltr'>si.</span> 
     </span>
    </p>
   </div>
   <div class='ocr_carea' id='block_1_7' title="bbox 241 3113 543 3157">
    <p class='ocr_par' dir='ltr' id='par_1_10' title="bbox 241 3113 543 3157">
     <span class='ocr_line' id='line_1_42' title="bbox 241 3113 543 3157; baseline 0.003 -9"><span class='ocrx_word' id='word_1_387' title='bbox 241 3113 272 3157; x_wconf 87' lang='lat'>1)</span> <span class='ocrx_word' id='word_1_388' title='bbox 300 3113 386 3149; x_wconf 86' lang='lat' dir='ltr'>Luc.</span> <span class='ocrx_word' id='word_1_389' title='bbox 408 3114 466 3157; x_wconf 87' lang='grc'>22,</span> <span class='ocrx_word' id='word_1_390' title='bbox 486 3115 543 3151; x_wconf 89' lang='grc'>32.</span> 
     </span>
    </p>
   </div>
  </div>
 </body>
</html>
