2227 3434
544 144 582 180 B.
628 144 875 180 Avisamente
908 145 977 180 der
1009 144 1325 180 Reformatorien.
1733 145 1818 189 637

51 261 180 307 XIII.
222 261 314 317 [De
337 263 746 306 reservacionibus
770 263 898 306 sedis
922 262 1188 316 apostolice.
1229 263 1297 307 De
1322 263 1520 318 annatis,
1544 263 1817 306 comunibus

654 334 867 377 serviciis
895 337 940 377 et
969 334 1213 388 minutis.¹)

444 417 482 458 1.
542 414 632 470 [De
675 415 1008 460 collacionibus
1052 416 1426 471 beneficiorum]

173 498 405 552 Imprimis
435 498 493 541 ad
522 498 730 541 tollenda
761 499 843 541 illa
872 498 1093 541 scandala
1124 533 1133 541 .
1168 533 1177 541 .
1213 500 1263 553 .²)

167 628 208 671 2.
252 628 381 682 Quia,
410 629 530 671 sicut
563 630 772 681 tempore
807 629 1121 681 apostolorum
1156 631 1200 670 et
1233 629 1525 681 postmodum
1560 630 1820 673 successive

3 743 5 745 .
52 700 283 743 ecclesia.
317 733 327 742 .
362 700 570 742 .crevit.
606 733 614 741 .
650 700 729 742 ,in
750 700 988 753 tempusf)

169 841 210 884 3.
238 841 289 883 In
313 841 566 884 collacione
592 840 931 883 beneficiorum
956 875 965 883 .
1000 875 1009 883 .
1045 842 1094 895 .⁴)

168 982 208 1026 4.
235 981 330 1037 In⁵)
359 980 612 1025 collacione
638 981 974 1025 beneficiorum
1001 982 1150 1035 primo
1178 982 1442 1025 attendatur
1468 983 1526 1025 ad
1552 982 1822 1036 dignitatem

51 1064 359 1106 personarum
389 1052 589 1095 maxime
619 1052 737 1095 circa
767 1053 1028 1095 scienciam.
1071 1053 1200 1105 Quod
1230 1053 1288 1096 ad
1317 1054 1635 1107 episcopatum
1664 1054 1822 1095 nullus

53 1123 252 1177 eligatur
284 1124 357 1165 vel
393 1127 734 1177 promoveatur,
769 1124 859 1166 nisi
897 1124 954 1166 sit
988 1136 1190 1177 persona
1226 1124 1440 1167 sublimis
1473 1125 1547 1166 vel
1583 1124 1740 1167 doctor
1776 1124 1822 1166 in

53 1194 286 1249 theologia
306 1195 381 1236 vel
405 1195 451 1236 in
472 1195 575 1237 iure
599 1195 832 1237 canonico.
866 1195 1145 1238 Attendatur
1165 1198 1320 1237 tamen
1344 1196 1544 1249 qualitas
1567 1195 1822 1249 regionum,

53 1264 161 1318 quia
189 1264 358 1308 alicubi
387 1268 492 1308 sunt
521 1266 583 1308 ita
610 1270 775 1309 tenues
805 1265 1016 1308 redditus
1045 1267 1409 1319 episcopatuum,
1439 1267 1561 1320 quod
1590 1267 1709 1309 forte
1739 1267 1823 1308 hoc

53 1348 146 1378 non
170 1336 341 1390 poterit
364 1336 621 1389 observari,
646 1337 731 1390 esd)
759 1337 928 1379 raritas
953 1335 1334 1391 episcoporum.¹')

169 1407 241 1450 Ad
274 1407 492 1450 abbacias
523 1420 617 1450 non
649 1407 833 1450 videtur
864 1411 1018 1450 tantus
1053 1408 1229 1461 requiri
1263 1408 1435 1462 gradus
1468 1408 1681 1461 sciencie,
1715 1409 1822 1462 quia

53 1477 306 1531 aliquando
340 1477 540 1520 sciencia
575 1478 743 1531 prebet
776 1479 1018 1521 materiam
1053 1479 1296 1533 evagandi,
1333 1480 1592 1534 quantum‘2)
1633 1479 1825 1522 admini-

53 1549 222 1592 stracio
255 1552 300 1592 et
330 1548 454 1592 bona
486 1549 683 1592 solercia
717 1549 774 1591 ad
809 1549 1016 1591 divinum
1049 1550 1220 1592 cultum
1253 1553 1299 1592 et
1330 1550 1551 1593 honestas
1585 1551 1632 1592 in
1664 1551 1823 1593 obser-

52 1619 214 1663 vancia
238 1618 500 1674 regulari.‘¹)

174 1690 225 1732 In
249 1690 412 1744 primis
437 1691 583 1733 eciam
610 1691 910 1744 dignitatibus
935 1694 1038 1745 post
1062 1691 1381 1745 pontificalem
1407 1695 1452 1734 et
1475 1693 1646 1735 curatis
1672 1693 1823 1735 cathe-

54 1760 264 1804 dralibus
301 1762 387 1805 soli
425 1761 637 1804 doctores
671 1766 717 1805 et
753 1762 982 1805 licenciati
1018 1762 1065 1804 in
1102 1763 1336 1816 theologia
1370 1763 1444 1805 vel
1481 1763 1596 1817 iure,
1634 1764 1681 1805 in
1718 1764 1822 1806 aliis

52 1830 354 1884 dignitatibus
395 1832 697 1874 ecclesiarum
739 1832 1075 1875 cathedralium
1117 1837 1163 1876 et
1202 1833 1557 1887 principalibus,
1597 1837 1646 1876 ut
1686 1835 1823 1876 colle-

51 1901 188 1955 giatis
217 1905 263 1944 et
293 1902 464 1946 curatis
495 1903 689 1956 magnis,
721 1903 862 1946 iidem
894 1905 968 1946 vel
1000 1904 1248 1946 baccalarii
1280 1904 1327 1946 in
1357 1905 1591 1958 theologia
1622 1905 1822 1948 formati.

174 1973 286 2016 Item
313 1973 361 2015 in
385 1973 592 2027 qualibet
617 1974 813 2017 ecclesia
835 1974 1093 2017 cathedrali
1119 1975 1177 2017 sit
1199 1978 1353 2018 certus
1377 1988 1601 2019 numerus
1624 1976 1824 2029 preben-

53 2042 231 2097 darum,
260 2043 320 2086 ad
348 2055 464 2096 quas
491 2056 585 2086 non
613 2045 793 2097 possint
819 2045 910 2088 nisi
940 2045 1137 2098 predicti
1167 2046 1315 2088 ultimi
1344 2047 1442 2089 ullo
1470 2047 1606 2089 modo
1635 2047 1822 2089 assumi.

53 2113 107 2156 Et
138 2114 391 2168 supradicti
421 2115 593 2169 gradus
626 2115 826 2158 sciencie
857 2117 1157 2170 requirantur
1187 2117 1284 2160 sive
1315 2129 1401 2170 per
1431 2117 1694 2161 ordinarios
1725 2118 1822 2161 sive

160 2259 190 2287 a)
211 2256 244 2281 et
263 2273 269 2280 .
289 2275 296 2281 .
316 2275 322 2281 .
343 2254 573 2289 episcoporum
593 2255 673 2288 fehlt
695 2256 730 2281 Ε.
787 2256 817 2288 h)
840 2256 867 2282 E
886 2264 936 2282 am
963 2256 1076 2283 Raude
1096 2256 1176 2283 XIII.
1198 2257 1399 2290 septembris
1421 2257 1623 2290 conclusum,
1644 2257 1730 2291 quod
1753 2259 1823 2284 tota

13 2342 16 2343 ⁷
54 2300 119 2328 ista
138 2301 280 2328 materia
299 2302 464 2329 referatur
483 2302 524 2329 ad
546 2302 748 2330 vacacioncs.
817 2308 845 2337 c)
870 2305 898 2330 E
916 2303 999 2337 solut
1020 2304 1114 2331 bona.
1171 2304 1200 2337 (l)
1224 2305 1250 2331 E
1270 2313 1321 2331 um
1343 2305 1456 2331 licando
1477 2304 1664 2332 penultima
1683 2305 1822 2337 Augusti

18 2343 23 2345 “
53 2347 116 2374 fuit
146 2348 350 2382 conclusum,
380 2348 467 2383 quod
487 2349 520 2376 in
552 2350 678 2383 magnis
699 2349 860 2384 abbaciis,
880 2351 1020 2377 maxime
1042 2351 1068 2378 si
1090 2350 1214 2378 habent
1243 2352 1443 2379 monasteria
1473 2352 1534 2379 sub
1556 2360 1600 2384 se,
1621 2352 1820 2379 attendatur

52 2395 140 2429 quod
163 2397 240 2423 sunt
259 2395 414 2424 doctores
434 2396 521 2423 sicut
540 2396 572 2424 in
593 2397 850 2432 episcopalibus.
888 2398 923 2425 In
944 2398 1020 2425 aliis
1040 2400 1148 2425 stetur
1169 2399 1290 2426 littore.
1323 2398 1382 2426 Set}
1405 2399 1511 2426 adhuc
1533 2399 1630 2426 istius
1652 2400 1820 2434 particule

53 2442 174 2477 pendet
194 2442 396 2470 deliberacio
417 2451 456 2471 ex
477 2444 643 2478 particula
665 2445 864 2478 pri-cedenti.

171 2504 203 2546 ¹)
236 2504 310 2539 Die
340 2504 739 2548 Zusammenziehuny
769 2506 898 2540 dieser
928 2506 1117 2541 Mmerien
1149 2506 1196 2541 ist
1231 2506 1458 2550 notarendiy,
1490 2507 1538 2541 (Ια
1569 2508 1626 2541 sie
1656 2508 1749 2541 (nach
1785 2508 1822 2541 in

54 2561 130 2596 den
157 2562 357 2597 einzelnen
383 2563 577 2606 Anlrdyetz
605 2566 801 2607 vermenql
828 2564 925 2599 sind.

171 2620 203 2663 2)
234 2619 526 2655 Avisamenlum
556 2622 724 2656 nacionis
752 2621 1022 2665 Germane'cae,·
1049 2622 1170 2658 Hardt
1198 2623 1234 2665 I,·
1262 2623 1411 2666 Proleq.
1436 2623 1491 2658 32.

172 2680 204 2721 ³)
231 2678 523 2713 Am‘samentum
552 2680 720 2714 nacionis
744 2680 947 2723 Anystcae,
972 2681 1092 2715 Horat
1118 2681 1146 2722 Ι,
1175 2682 1264 2716 1076
1287 2680 1313 2724 Τ.

173 2739 205 2779 ⁴)
230 2737 375 2780 Antray
397 2737 465 2772 des
485 2737 694 2772 Kardinals
715 2737 897 2781 Pisanus,
919 2739 1040 2773 Hardt
1063 2739 1092 2781 Ι,
1115 2740 1184 2774 556
1204 2739 1231 2783 ff.

173 2795 205 2837 5)
241 2795 330 2830 Cod.
365 2796 404 2837 E,
437 2795 479 2838 S‚·
513 2796 659 2839 Antraq
693 2797 762 2831 der
794 2796 1006 2831 Kardiniile
1040 2798 1077 2832 in
1112 2799 1182 2832 der
1214 2797 1243 2832 I.
1277 2796 1698 2841 Reformlcommission.
1743 2796 1821 2829 Das

54 2850 278 2886 Avisamene
305 2853 352 2887 ist
376 2854 810 2896 zusammenyearbeitee
837 2865 906 2889 aus
932 2855 1058 2889 einem
1085 2866 1145 2890 am
1172 2856 1227 2890 28.
1253 2856 1400 2897 Aussusl
1429 2866 1513 2890 com
1538 2855 1725 2889 Kardinal
1750 2864 1820 2888 von

57 2907 143 2944 Pisa
175 2911 471 2954 einyebrachlen
503 2912 648 2955 Antros]
680 2913 819 2955 (Hurdt
853 2912 882 2954 I,
914 2914 983 2948 556
1012 2914 1059 2957 Ῐ.)
1092 2915 1169 2948 und
1201 2914 1287 2948 dem
1322 2914 1466 2956 Antros]
1499 2914 1567 2947 der
1601 2913 1819 2955 enqlischen

20 2973 23 2976 ’
55 2967 194 3004 Notion
227 2969 324 3004 iiber
357 2969 531 3004 dieselbe
568 2970 730 3005 Materie
764 2971 904 3014 (Harcll
939 2971 968 3013 I,
1006 2973 1134 3016 1076);
1171 2972 1243 3015 val.
1278 2973 1372 3006 daza
1408 2972 1472 3006 die
1509 2971 1820 3014 corausyehende

56 3023 275 3070 Einleitunq
298 3026 333 3062 S.
359 3028 438 3064 558.
