2227 3434
466 157 509 193 D.
554 154 1203 200 Gesch‘aftsordnungs-Vorschliige
1236 153 1298 188 fiir
1327 155 1395 188 das
1428 152 1572 188 Konzil.

136 277 402 319 dividantur
455 277 556 318 dies
609 275 867 318 ebdomade
911 275 1032 317 inter
1071 286 1166 326 eos,
1204 273 1267 314 ita

136 348 259 401 quod
311 347 609 400 presidentes
659 350 705 388 et
759 345 965 398 deputati
1019 344 1267 397 generales

135 422 475 472 congregentur
497 417 663 459 diebus
684 416 858 469 mart-is,
882 415 997 458 iovis
1010 418 1057 457 et
1072 413 1267 466 sabbati,

135 488 321 541 quando
352 487 542 541 negocia
575 489 817 529 occurrent
849 489 931 528 etc.
976 486 1031 527 Et
1062 483 1267 537 deputati

135 571 221 612 pro
243 558 583 600 reformacione
607 557 774 599 diebus
795 556 1031 610 predictis,
1053 555 1268 597 videlicet

136 632 242 671 ante
279 628 542 682 prandium,
578 627 669 669 nisi
706 627 850 668 fuerit
885 626 1056 668 festum
1093 626 1268 678 duplex

136 702 219 742 etc.
257 699 313 742 Et
335 698 522 752 quando
544 697 715 751 prefati
740 697 1038 750 presidentes
1063 700 1107 738 et
1131 708 1268 749 gene-

136 771 262 813 rales
303 768 509 822 deputati
551 768 832 810 ordinabunt
873 767 981 809 fieri
1020 779 1269 820 congrega-

135 841 294 883 ciones
314 839 621 893 particulares
639 838 899 890 nacionum,
919 837 1037 880 fiant
1056 837 1112 878 de
1134 849 1268 878 mane

137 910 303 952 diebu-s
326 911 451 963 lune,
475 909 692 951 mercurii
713 912 761 951 et
783 909 984 950 veneris.
1026 908 1110 950 Illo
1134 920 1268 949 mane

136 993 230 1023 non
269 980 354 1023 fiat
390 993 551 1022 eorum
590 979 828 1033 generalis
866 978 1181 1032 congregacio,
1221 981 1269 1019 ut

137 1052 308 1105 singuli
332 1052 522 1093 veniant
545 1050 603 1093 ad
626 1050 1038 1103 congregacionem
1061 1049 1269 1091 nacionis

138 1203 235 1245 sue,
259 1191 350 1233 nisi
376 1194 641 1233 occurreret
664 1203 799 1233 casus
824 1189 1056 1243 specialis,
1080 1191 1155 1231 vel
1179 1189 1269 1231 nisi

138 1262 219 1304 illo
248 1274 383 1304 mane
414 1266 662 1314 utrumque
692 1261 929 1303 commode
961 1260 1068 1303 fieri
1098 1263 1269 1314 posset.

138 1332 191 1375 Et
219 1335 327 1374 tunc
355 1332 603 1386 presidens
632 1332 753 1374 inter
780 1331 1081 1385 presidentes
1112 1333 1159 1373 in
1190 1332 1270 1373 illa

138 1403 383 1445 ebdomata
423 1402 611 1446 mandet
650 1415 736 1456 per
775 1402 1009 1455 naciones,
1050 1402 1271 1455 quociens

139 1473 376 1516 ordinarie
399 1473 620 1526 expediet
641 1486 723 1516 eos
746 1474 1033 1527 congregari.

297 1543 474 1586 Placuit
535 1543 755 1586 articulus
818 1557 919 1586 cum
979 1544 1272 1586 correccione

210 1613 445 1669 dierum.¹)

230 1685 308 1727 De
364 1685 960 1741 reformatoribusfl)

231 1755 344 1798 Item
395 1755 730 1799 reformatores
780 1757 1049 1799 continuent
1087 1768 1272 1810 semper

140 1838 268 1869 more
298 1839 382 1869 suo
410 1830 455 1869 et
485 1827 593 1869 licet
621 1839 758 1880 quam
784 1827 925 1880 plura
956 1827 1012 1869 de
1044 1827 1152 1880 illis,
1181 1839 1271 1880 que

141 1897 231 1939 iam
251 1897 647 1951 deliberaverunt,
667 1897 955 1940 iniunxerint
975 1898 1169 1940 notariis
1185 1911 1274 1951 ‹per

137 1967 330 2009 eosdem
350 1968 591 2010 tractanda
611 1968 658 2010 in
678 1968 965 2021 nacionibus,
988 1969 1096 2022 quia
1117 1972 1271 2011 tamen

139 2037 379 2091 hucusque
416 2038 520 2081 aliis
554 2038 920 2092 impedientibus
956 2039 1162 2093 negociis
1198 2041 1271 2081 vel

141 2107 262 2151 forte
287 2109 487 2161 quedam
515 2109 562 2151 in
588 2110 717 2152 curia
742 2122 888 2163 pauca
914 2109 973 2152 de
1003 2110 1098 2153 illis
1124 2110 1272 2152 adhuc

140 2179 261 2221 inter
296 2179 514 2222 naciones
551 2183 657 2222 sunt
689 2179 965 2234 deliberata,
1001 2181 1089 2234 ipsi
1126 2180 1273 2223 refor-

140 2252 341 2292 matores
366 2253 458 2292 tam
483 2250 542 2292 de
569 2251 775 2294 articulis
801 2252 891 2294 iam
919 2251 1109 2294 avisatis
1135 2264 1272 2304 quam

140 2320 378 2363 avisandis
407 2320 602 2374 singulis
630 2321 903 2364 ebdomadis
931 2334 1070 2364 unam
1101 2324 1272 2364 certam

140 2393 319 2443 partem
357 2403 441 2433 seu
475 2392 743 2444 porcionem
781 2395 1055 2445 oportunam
1094 2394 1273 2435 mittant

139 2460 197 2502 ad
231 2461 440 2514 singulas
472 2462 694 2505 naciones
727 2475 810 2505 seu
843 2463 1140 2516 presidentes
1174 2463 1272 2505 illa-

140 2543 241 2572 rum
264 2544 352 2584 per
375 2532 632 2585 quemlibet
654 2533 884 2575 notarium
907 2534 1271 2587 uniuscuiusque

139 2601 348 2644 nacionis
380 2602 426 2643 in
459 2602 786 2645 reformatorio
818 2603 1102 2657 deputatum,
1135 2617 1271 2657 quem

141 2671 389 2715 sollicitent
414 2672 474 2714 ad
503 2673 588 2715 hec
616 2673 864 2716 cuiuslibet
892 2675 1103 2718 nacionis
1131 2674 1272 2727 depu-

140 2742 219 2784 tati
252 2742 298 2783 in
331 2742 659 2785 reformatorio
689 2747 734 2786 et
767 2744 939 2786 instent
971 2745 1094 2798 apud
1126 2746 1272 2798 presi-

141 2811 306 2855 dentes
331 2812 377 2854 in
401 2813 610 2865 nacIone,
633 2816 683 2855 ut
708 2826 850 2867 super
873 2815 1117 2867 premissis
1140 2815 1273 2857 nacio

142 2881 386 2935 deliberet,
420 2882 496 2935 ita,
530 2883 654 2936 quod
689 2884 735 2925 in
768 2884 1116 2927 deliberacione
1152 2886 1273 2927 naci-

146 2976 504 3041 ‘'3375“AEss

258 3057 289 3100 ¹)
314 3057 430 3091 Diese
445 3056 660 3092 Korrektur
673 3056 780 3092 fehlt.

1819 128 1901 195 751

1341 484 1393 525 Et
1426 483 1570 526 eciam
1605 518 1613 526 .
1649 518 1657 525 .
1693 518 1701 526 .

1342 838 1458 880 fiant
1485 838 1650 881 diebus
1677 872 1685 880 .
1722 876 1728 882 .
1766 872 1774 880 .

1345 910 1430 951 Illo
1461 914 1566 952 tunc
1597 922 1689 951 non
1720 909 1804 951 fiat
1835 921 1909 950 eo-

1343 993 1458 1032 rum,
1502 980 1676 1022 scilicet
1716 991 1909 1033 genera-

1342 1051 1453 1093 lium
1482 1051 1807 1104 deputatorum
1835 1063 1910 1104 ge-

1338 1122 1516 1164 neralis
1530 1121 1856 1175 congregacio.
1874 1155 1882 1163 .
1901 1155 1908 1163 .

1343 1194 1605 1235 ocurrerit.
1641 1227 1649 1235 .
1686 1227 1694 1235 .

1342 1264 1424 1306 illo
1451 1267 1556 1306 tunc
1584 1268 1909 1316 utrumque...

1343 1348 1429 1388 pro
1469 1336 1551 1377 illa
1592 1368 1600 1377 .
1636 1369 1645 1377 .

1344 1477 1631 1530 congregari.

1407 1760 1651 1803 Item...

1346 1971 1535 2014 eosdem
1560 1970 1788 2013 tradenda
1816 2004 1823 2012 .
1860 2003 1867 2011 .

1346 2466 1642 2519 presidentes
1674 2476 1860 2506 eorum.
1879 2497 1886 2505 .
1905 2497 1913 2504 .

1347 2677 1631 2719 sollicitant.
1668 2709 1675 2716 .
1712 2708 1720 2716 .
