2227 3434
575 208 614 243 Β.
654 208 732 244 Der
755 208 856 244 liber
881 210 1074 253 gestorum
1101 209 1171 244 des
1197 208 1439 244 Cerretanus.
1805 211 1887 254 261

125 340 253 371 mare
285 340 387 370 cum
418 326 657 380 proposito
690 326 986 380 ingrediendi
1020 326 1078 368 ad
1109 326 1303 379 gradum
1337 326 1534 370 civitatis
1566 327 1788 370 Valencie
1822 340 1892 370 ac-

124 399 364 450 cessimus,
391 397 475 440 sed
501 396 864 449 superveniente
893 409 1006 439 aura
1032 397 1263 439 contraria
1290 398 1493 450 oportuit
1517 410 1603 440 nos
1631 398 1678 439 in
1705 398 1892 452 quibus-

125 469 230 511 dam
266 468 585 511 ambulatoriis
620 467 801 520 equites
836 468 894 510 ad
930 468 1262 510 monasterium
1298 468 1433 510 beate
1471 468 1614 511 Marie
1650 468 1726 511 del
1762 469 1891 523 Puig,

59 583 64 587 ,
125 539 203 581 ubi
225 551 620 593 proposueramus
643 538 879 590 accedere,
903 537 1096 580 flectere
1121 539 1208 580 iter
1230 542 1452 581 nostrum.
1489 539 1542 581 Et
1563 542 1667 592 post
1687 539 1891 593 vigiliam

126 610 206 653 illa
230 613 362 653 nocte
387 608 559 651 ibidem
585 609 631 650 in
657 609 893 662 aliquibus
917 609 1099 652 exeniis
1123 609 1405 651 celebratam
1434 610 1549 651 iovis
1576 609 1652 652 die
1677 610 1891 663 sequenti

125 680 324 734 ingressi
358 680 504 722 maria
538 692 752 722 accessus
785 683 969 722 nostros
1003 680 1236 722 tenuimus
1270 680 1488 722 continuo
1522 684 1566 722 et
1600 681 1701 723 sine
1737 681 1892 734 aliqua

125 751 440 806 disgressione
475 751 710 803 marisque
746 750 876 793 nulla
910 751 1130 803 passione
1166 752 1213 792 in
1247 764 1332 793 nos
1366 754 1590 804 operante
1625 751 1713 794 huc
1749 751 1893 805 attigi-

125 834 227 865 mus
253 821 354 864 Deo
378 822 588 875 propicio
615 821 831 875 glorioso.
872 821 927 863 Et
953 821 1100 874 ipsius
1126 822 1275 875 gratia
1300 825 1580 874 cooperante
1610 821 1893 864 intendimus

124 905 227 936 cras
249 893 298 935 in
320 892 441 946 logia
465 892 661 934 civitatis
686 891 977 934 Barchinone
1000 891 1198 945 prandio
1223 892 1320 935 sive
1345 904 1459 935 cena
1483 893 1631 935 solum
1656 896 1894 947 assumpto

126 963 249 1006 idem
267 966 479 1006 nostrum
500 963 589 1005 iter
610 963 825 1015 celerius,
847 975 937 1016 quo
957 962 1228 1016 poterimus,
1249 966 1499 1016 maturare,
1522 967 1570 1005 ut
1588 963 1779 1017 negocia
1799 964 1894 1018 glo-

79 1035 83 1038 ’
125 1033 396 1087 riosissima‚
427 1046 517 1087 que
548 1047 630 1076 vos
661 1037 706 1076 et
735 1046 820 1076 nos
852 1033 961 1075 illuc
993 1033 1201 1086 flectunt,
1233 1046 1417 1087 queque
1449 1047 1475 1076 a
1505 1034 1749 1077 cunabulis
1780 1035 1894 1077 citra

125 1105 267 1148 menti
297 1104 546 1147 habuimus
577 1104 740 1157 infixa,
773 1118 798 1147 a
828 1104 997 1157 quibus
1025 1105 1158 1146 nulla
1187 1104 1410 1158 pericula,
1440 1105 1558 1147 nulli
1591 1105 1777 1148 labores
1808 1117 1895 1147 nec

125 1175 217 1219 alia
245 1188 430 1230 queque
458 1175 777 1228 contingencia
808 1188 892 1218 seu
922 1175 1111 1217 sinistra
1139 1188 1224 1218 nos
1256 1176 1495 1218 retrahent
1524 1177 1682 1229 operis
1711 1176 1895 1230 experi-

125 1247 258 1290 encia
283 1259 334 1290 ac
358 1247 501 1290 vestri
526 1250 572 1289 et
595 1246 741 1289 nostri
768 1246 984 1289 continuo
1008 1246 1283 1299 participata
1309 1247 1355 1288 in
1382 1249 1545 1299 actum,
1572 1250 1620 1289 ut
1642 1247 1893 1300 gliscimus,

125 1317 440 1371 perducantur
466 1320 512 1360 et
536 1320 713 1360 tantum
738 1320 919 1370 patrem
947 1320 993 1359 et
1018 1317 1276 1370 principem
1303 1318 1471 1360 actuali
1498 1318 1693 1370 visione,
1719 1320 1767 1359 ut
1792 1330 1895 1360 con-

126 1388 397 1442 cupivimus,
445 1388 826 1441 contemplemur.
889 1388 1063 1430 Moram
1112 1387 1263 1441 igitur,
1312 1388 1613 1431 serenissime
1661 1389 1895 1442 princeps,

127 1459 273 1502 frater
298 1459 434 1502 nobis
460 1459 804 1512 precarissime,
831 1459 937 1502 totis
965 1459 1222 1512 precordiis
1249 1471 1465 1512 rogamus
1492 1462 1692 1501 vestram
1721 1458 1896 1502 sereni-

128 1533 281 1584 tatem,
317 1530 557 1584 pacienter
593 1530 859 1583 admittatis,
896 1542 1033 1582 quam
1068 1533 1226 1572 nostre
1264 1542 1465 1583 persone
1503 1529 1716 1583 egritudo
1750 1532 1796 1572 et
1831 1529 1897 1572 in-

129 1600 376 1655 disposicio
401 1600 737 1654 produxerunt.
774 1601 870 1643 Hec
893 1601 1033 1654 enim,
1059 1600 1279 1654 princeps
1305 1600 1620 1653 serenissime,
1648 1600 1794 1643 frater
1819 1613 1897 1642 no-

129 1671 200 1715 bis
228 1672 570 1725 precarissime,
601 1685 690 1725 que
722 1671 844 1714 intra
873 1684 1037 1714 manus
1067 1672 1218 1725 gentis
1246 1675 1293 1713 et
1324 1674 1494 1724 augent
1524 1672 1666 1713 vestri
1696 1671 1897 1714 nominis

129 1742 323 1796 gloriam
344 1755 430 1797 per
452 1743 723 1785 universum
749 1743 990 1784 dilatatum
1013 1742 1175 1785 orbem
1198 1745 1243 1784 et
1268 1742 1454 1794 Christi,
1478 1743 1608 1785 cuius
1632 1755 1708 1784 res
1734 1742 1897 1796 agitur,

129 1812 318 1856 caritate
346 1826 428 1857 vos
458 1813 655 1858 inbuunt
683 1817 727 1855 et
757 1813 814 1856 ad
843 1816 1053 1856 eternam
1083 1813 1244 1856 venire
1274 1826 1355 1856 vos
1383 1813 1569 1866 facient,
1599 1825 1730 1855 suam
1757 1812 1899 1855 beati-

131 1884 336 1928 tudinem
361 1897 462 1927 cum
487 1885 662 1927 electis.
702 1884 801 1927 Dat.
829 1885 874 1926 in
900 1887 1059 1927 nostra
1084 1884 1219 1938 galea
1245 1885 1292 1925 in
1317 1883 1559 1926 maritimis
1587 1883 1733 1936 Couit,
1758 1883 1897 1925 XXV.

132 1955 305 1998 mensis
334 1955 529 2009 Augusti
562 1989 572 2009 ,
604 1955 690 1998 sub
720 1958 879 1998 nostro
912 1955 1066 2008 sigillo
1098 1958 1291 2007 secreto,
1323 1967 1445 1997 anno
1476 1967 1502 1997 a
1531 1955 1770 1997 nativitate
1802 1954 1900 1996 mil-

133 2025 296 2069 lesimo
325 2026 785 2080 quadringentesimo
817 2026 977 2079 quinto
1008 2025 1199 2068 decimo.

249 2097 522 2140 Presentata
550 2097 766 2139 XXVIII.
795 2097 871 2139 die
900 2096 1109 2150 Augusti.

247 2167 410 2211 Sermo
439 2167 589 2212 factus
619 2168 665 2210 in
697 2168 772 2210 die
805 2169 948 2210 sancti
981 2168 1227 2221 Augustini
1260 2179 1345 2221 per
1377 2167 1600 2210 Jacobum
1630 2166 1899 2220 episcopum

135 2238 439 2284 Laudensem.

250 2309 541 2363 „Beatissimi
576 2310 781 2363 presulis
813 2313 860 2352 et
894 2310 1094 2352 doctoris
1127 2309 1287 2351 eximii
1322 2308 1623 2352 sacratissimi
1656 2307 1900 2362 Augustini

136 2383 238 2424 vota
260 2381 521 2434 solempnia
545 2415 553 2423 .
589 2414 597 2422 .
633 2415 641 2423 .
665 2394 714 2424 se
739 2380 883 2423 offert
904 2380 1098 2422 verbum
1120 2383 1212 2422 tam
1236 2392 1368 2422 sacro
1389 2379 1507 2422 cetui
1530 2378 1901 2433 proponendum,

137 2450 368 2494 videlicet:
401 2452 539 2504 Quasi
574 2452 642 2495 sol
675 2451 932 2505 refulgens,
964 2451 1027 2494 sic
1060 2451 1145 2494 iste
1179 2450 1385 2493 refulxit.
1431 2450 1549 2492 Eccl.
1582 2450 1693 2503 50.1)

251 2520 561 2566 Serenissimo
582 2522 781 2576 principi
801 2522 1096 2576 Sigismundo
1119 2556 1126 2563 .
1163 2556 1170 2563 .
1207 2556 1215 2563 .
1239 2521 1564 2564 Ferdinandus
1586 2555 1594 2562 .
1630 2555 1638 2562 .
1675 2555 1682 2563 .
1706 2520 1900 2563 salutem

138 2591 340 2636 debitam
378 2606 479 2635 cum
520 2594 709 2635 honore.
761 2593 1072 2637 Serenissime
1112 2592 1345 2646 princeps,
1384 2591 1532 2634 frater
1571 2591 1706 2634 nobis
1745 2603 1903 2644 preca-

139 2662 338 2706 rissimel
379 2664 714 2707 Excellentiam
740 2667 942 2707 vestram
969 2664 1181 2706 volumus
1208 2676 1300 2705 non
1327 2664 1489 2715 latere,
1515 2662 1637 2715 quod
1664 2661 1801 2703 hodie
1825 2661 1902 2702 die

139 2735 355 2777 mercurii
380 2747 466 2788 per
490 2738 672 2777 centum
697 2734 898 2778 miliaria
921 2735 1195 2788 navigantes
1218 2735 1306 2776 huc
1332 2734 1377 2775 in
1401 2733 1559 2775 villam
1584 2731 1902 2785 Conquiliberi

139 2807 358 2857 vergente
386 2805 484 2848 sole
514 2806 560 2847 in
588 2818 799 2848 occasum
827 2806 1107 2858 appulimus.
1149 2805 1204 2847 Et
1231 2817 1332 2846 cum
1362 2803 1726 2846 intendissemus
1755 2801 1813 2845 ad
1841 2803 1903 2844 lo-

141 2886 242 2918 cum
268 2875 326 2917 de
358 2875 488 2918 Covit
515 2889 600 2930 per
629 2888 758 2919 mare
787 2889 873 2919 nos
899 2876 1132 2928 conferre,
1162 2876 1239 2928 qui
1268 2875 1409 2917 distat
1437 2887 1463 2917 a
1493 2875 1603 2916 villa
1634 2872 1903 2926 Pyrpiniani

140 2957 225 2997 per
255 2946 400 2989 solam
433 2947 625 3001 leucam,
658 2947 766 3000 quia
795 2947 935 3001 plaga
965 2947 1046 2989 illa
1076 2950 1148 2989 est
1181 2945 1403 2988 malefida
1435 2945 1606 2986 carinis
1640 2943 1696 2986 ad
1729 2954 1902 2985 moram

141 3015 403 3059 evitandam
435 3020 480 3059 et
513 3018 664 3071 sirtes,
697 3018 1000 3071 proponimus
1033 3030 1135 3060 cras
1167 3017 1266 3058 Deo
1299 3016 1413 3057 duce
1445 3015 1551 3056 hinc
1585 3013 1827 3056 discedere
1859 3016 1904 3054 et

258 3109 290 3152 ι)
318 3110 492 3146 Lobrede
519 3111 586 3155 auf
611 3111 687 3146 den
716 3111 765 3146 hl.
793 3111 1049 3155 Auyustinu8;
1078 3109 1274 3144 inhaltlich
1307 3108 1405 3144 ohne
1435 3108 1667 3151 Bedeutuny.
