2102 3444
187 136 272 179 386
539 136 586 170 II.
620 136 829 171 Abschnitt.
874 136 1078 172 Sermones
1109 136 1256 171 concilii
1289 135 1608 173 Constanciensis.

189 255 320 297 Patet
348 255 497 308 primo
529 255 799 298 auctoritate
828 256 1072 308 scripture,
1104 268 1192 309 que
1225 269 1250 298 a
1279 259 1489 310 tempore
1521 257 1692 300 Christi
1723 271 1871 312 usque
1901 258 1960 301 ad

189 325 310 368 diem
345 326 501 368 iudicii
535 329 750 368 numerat
782 329 958 368 tantum
994 326 1085 369 duo
1119 327 1247 370 milia
1282 340 1509 370 annorum
1548 328 1808 383 (Apocalip.
1847 329 1958 383 11⁰.).

190 397 381 439 Ponitur
407 397 575 450 ligatus
603 397 822 440 sathanas
847 410 934 450 per
961 410 1107 440 annos
1136 398 1278 452 mille,
1306 412 1396 452 que
1423 399 1580 452 ligatio
1606 399 1727 442 facta
1753 403 1824 442 est
1849 404 1960 443 tem—

188 480 301 520 pore
335 468 505 510 Christi
538 468 792 510 secundum
825 481 1114 511 communem
1148 469 1413 522 opinionem
1449 505 1456 512 .
1493 504 1500 511 .
1537 504 1544 511 .
1593 471 1646 512 Et
1677 474 1781 524 post
1813 484 1960 514 annos

189 539 316 580 mille
348 542 528 592 oportet
557 551 663 580 eum
695 539 811 581 solvi
842 539 1021 582 modico
1049 543 1258 594 tempore
1291 541 1467 583 scilicet
1496 554 1581 595 per
1612 554 1760 585 annos
1788 545 1885 586 tres
1915 546 1960 584 et

190 611 304 651 semi
348 609 603 651 secundum
645 622 935 652 communem
978 611 1258 664 opinionem.
1315 613 1410 654 Hoc
1454 612 1562 654 fieri
1605 612 1747 655 habet
1788 613 1835 655 in
1877 614 1960 656 illo

189 680 453 722 millenario
502 680 706 724 secundo
753 685 798 723 et
846 684 952 724 tunc
1000 683 1090 725 erit
1138 683 1429 736 quorundam
1478 684 1762 726 resurrectio
1808 685 1959 738 prima

191 751 351 806 (Apoc.
389 752 432 793 II
450 752 523 806 c.).
572 751 726 795 Ceteri
761 765 873 795 vero
907 756 1192 795 mortuorum
1228 757 1475 807 resurgent
1509 756 1791 798 consumatis
1825 755 1960 797 annis

187 822 314 864 mille
344 822 468 865 infra
497 823 661 866 eodem
693 857 700 865 .
737 858 745 865 .
782 824 831 878 .¹)

303 894 412 936 Post
439 894 526 936 hec
552 895 756 937 tenenda
785 895 915 948 signa
944 896 1029 938 hoc
1057 897 1351 939 tremendum
1382 896 1599 938 iudicium
1631 897 1957 940 antecedenoia

185 977 435 1007 numerare
466 963 691 1008 debemus
725 1000 732 1008 .
769 1000 776 1008 .
813 966 863 1020 ,²²)

185 1060 292 1103 Dez.
327 1059 395 1104 25.
431 1059 549 1115 (.?)³)
591 1088 638 1092 -
675 1062 861 1103 Peter
909 1075 1019 1105 von
1064 1062 1237 1105 Ailli.

307 1131 433 1165 Ter!
454 1141 463 1165 .·
503 1131 597 1166 Bibl.
624 1131 866 1166 Cameracen.
892 1132 970 1167 490.

305 1189 406 1224 Dru
425 1200 440 1223 c
458 1190 481 1222 Ι(
500 1200 510 1223 .·
550 1189 670 1224 Hard!
696 1189 725 1231 Ι,
748 1191 835 1233 436;
864 1190 989 1225 Mansi
1015 1190 1083 1224 XX
1097 1191 1194 1227 VIII,
1220 1192 1305 1228 497.-
1335 1192 1483 1226 Gerson
1511 1202 1594 1235 opp.
1621 1191 1670 1229 II,
1694 1191 1774 1226 917.

304 1248 476 1291 Inhalt:
518 1249 670 1292 Union
699 1250 794 1292 und
826 1249 1089 1304 Reformen.

302 1320 496 1363 Erunt
536 1320 715 1373 signa
757 1321 815 1362 in
856 1322 1017 1375 sole,
1060 1322 1206 1365 luna
1242 1325 1303 1364 et
1344 1322 1565 1365 stellis
1608 1323 1736 1377 (Luc.
1766 1322 1956 1376 XXI)⁴).

184 1414 291 1458 Dez.
327 1416 444 1459 nach
477 1414 587 1471 25⁵)
628 1443 676 1446 —
715 1415 1072 1459 Gesandter
1122 1417 1399 1470 Herzoys
1452 1417 1793 1460 Albrechts
1846 1429 1957 1460 von

303 1487 729 1530 Oesterreich.

188 1568 220 1610 1.
248 1570 330 1611 A‘n
370 1570 483 1612 den
523 1569 724 1622 Papst.

308 1652 433 1685 Τρωὶ
453 1661 463 1686 .·
505 1651 574 1686 Pal
602 1653 671 1687 595
697 1652 723 1695 Ϊ.
753 1653 808 1687 87.

303 1697 488 1765 Vidist)
533 1710 943 1764 iniquitatem
986 1715 1044 1754 et
1087 1711 1663 1755 contradictionem
1706 1713 1766 1754 in
1809 1710 1960 1753 civi·

184 1784 310 1823 tate
351 1781 447 1835 (Ps.
472 1781 646 1836 LIIII).

302 1852 520 1904 Quamvis
558 1854 844 1906 generaliter
883 1857 1027 1896 totum
1068 1854 1339 1897 universum
1378 1868 1438 1897 ex
1478 1855 1694 1897 omnibus
1733 1853 1958 1896 creaturis

186 1923 481 1966 constitutum
517 1925 575 1966 sit
609 1925 751 1966 velud
786 1925 1014 1968 latissima
1048 1925 1248 1978 quedam
1284 1925 1459 1979 civitas,
1495 1925 1543 1967 in
1579 1938 1671 1979 qua
1703 1925 1764 1968 ad
1795 1927 1958 1967 nutum

186 1994 634 2048 omnipotentissime
658 1996 912 2039 voluntatis
933 1996 1090 2039 dlvine
1112 1997 1268 2039 omnia
1289 1996 1427 2039 fiunt:
1463 1996 1511 2038 in
1532 1999 1627 2039 tota
1648 1997 1774 2038 enim
1796 2007 1958 2038 verum

186 2065 489 2108 universitate
516 2069 751 2119 tamquam
781 2067 827 2108 in
858 2067 1058 2120 quadam
1086 2067 1328 2121 republica
1357 2067 1500 2110 nichil
1528 2067 1595 2121 fit,
1626 2067 1751 2121 quod
1777 2079 1871 2109 non
1900 2066 1957 2109 ab

188 2137 449 2190 intangibili
486 2137 594 2180 aula
630 2138 795 2180 summi
833 2139 1130 2192 imperatoris
1162 2142 1243 2181 vaut
1278 2139 1493 2192 volendo,
1529 2142 1608 2181 aut
1641 2138 1850 2181 iubendo
1882 2138 1957 2181 vel

186 2207 384 2249 sinendo
406 2208 642 2261 procedat,
668 2209 771 2261 ipsa
795 2212 951 2251 tamen
976 2210 1177 2252 ecclesia
1201 2209 1419 2262 militans,
1444 2222 1536 2263 que
1562 2212 1633 2251 est
1654 2208 1957 2263 congregacio

186 2277 401 2320 fidelium
435 2282 561 2321 recta
597 2279 694 2321 fide
733 2280 881 2321 Deum
918 2280 1190 2333 colencium‚
1229 2280 1349 2323 dicta
1385 2283 1456 2323 est
1493 2279 1758 2333 specialiter
1794 2280 1957 2322 civitas

186 2348 309 2402 regis
338 2350 492 2403 magni
523 2349 718 2392 fundata
744 2351 794 2392 *in
823 2352 1117 2393 exultacione
1147 2352 1368 2394 universe
1398 2354 1524 2393 terre
1559 2351 1654 2405 (Ps.
1685 2350 1845 2405 XLV).
1888 2349 1955 2392 De

185 2433 274 2473 qua
292 2423 340 2463 et
359 2421 406 2462 in
425 2421 693 2474 Apocalipsi
716 2421 899 2464 dicitur:
935 2422 1031 2475 Ego
1050 2422 1256 2464 Joannes
1278 2422 1371 2464 vidi
1394 2422 1623 2464 civitatem
1642 2424 1864 2475 sanctam,
1883 2421 1957 2464 Je-

299 2590 328 2616 a)
349 2585 407 2610 Am
436 2585 565 2610 Nande:
607 2584 753 2611 Collacio
776 2584 862 2610 sacta
885 2592 993 2611 coram
1014 2584 1161 2611 Iohanne
1185 2585 1289 2611 XXIII.
1311 2586 1351 2612 a'o
1374 2585 1658 2612 ambnxiatoribus
1681 2585 1803 2611 ‹Iomiiii
1829 2583 1954 2611 Albai-ti

184 2632 277 2658 ducis
298 2631 437 2658 Austrie.

304 2693 335 2736 1)
365 2692 509 2735 Folyen
536 2692 794 2735 Rechmmyen
821 2694 889 2727 <les
916 2693 1094 2727 Nicolaus
1122 2694 1170 2728 de
1198 2694 1285 2728 Lirct
1313 2694 1390 2728 ‘und
1419 2695 1487 2728 des
1513 2693 1757 2735 Albumasor,
1785 2692 1882 2727 liber
1908 2692 1956 2726 <le

188 2750 515 2785 commotionibus
546 2751 640 2785 ilber
667 2751 730 2785 die
757 2750 840 2785 Zeis
867 2752 935 2785 des
967 2751 1330 2794 Welthterqanyes.

303 2809 335 2851 2)
368 2809 511 2851 Folyen
544 2811 585 2843 15
615 2808 793 2845 Zeiclten.
823 2810 886 2843 die
916 2810 1003 2843 dem
1036 2809 1171 2844 lemen
1205 2808 1359 2843 Gerichl
1392 2809 1664 2852 vorausyeheu.

302 2868 333 2908 ³)
368 2867 442 2909 Vm.
468 2868 596 2901 Lenne'
618 2867 700 2910 617¹.

302 2927 333 2966 ⁴)
362 2925 436 2959 Die
463 2925 617 2968 Predigyt
645 2927 777 2960 wurde
806 2926 999 2960 viellcichl
1028 2927 1127 2961 nicht
1158 2929 1423 2969 roryetrayem
1452 2927 1523 2970 vyl.
1551 2928 1682 2961 Lenne
1710 2928 1764 2961 61.

302 2984 333 3024 ⁴'·)
361 2983 408 3016 So
430 2984 567 3017 datier!
594 2994 725 3025 weqen
748 2985 817 3018 der
839 2984 1012 3028 Anknnf!
1038 2984 1287 3027 Siqismmzds.
1323 2984 1499 3028 Ankunft
1522 2986 1591 3020 der
1615 2985 1835 3019 Gesandten
1861 2982 1948 3017 nach

186 3040 366 3074 Cerrelan
395 3051 454 3074 am
482 3042 535 3075 27.
563 3042 652 3077 Noe.
