2227 3434
202 157 240 194 C.
282 157 358 193 Der
382 156 622 193 literarische
650 156 792 201 Kampf
817 167 879 192 um
907 157 970 192 die
996 157 1169 202 Stellung
1195 159 1263 193 des
1291 158 1449 202 Papstes
1475 169 1559 193 zum
1589 159 1733 194 Konzil.
1768 160 1850 203 737

195 276 404 329 Decimo,
431 276 618 329 quando
644 276 859 319 dominus
885 288 970 318 rex
997 276 1309 318 Romanorum
1337 276 1396 319 ad
1423 277 1610 319 Petrum
1638 277 1694 319 de
1722 277 1852 319 Luna

83 346 177 400 ivit,
213 347 471 400 requisivit,
507 351 554 389 ut
591 346 737 389 ardua
773 359 866 389 non
900 347 1302 400 concluderentur,
1337 351 1384 390 et
1420 347 1605 390 demum
1642 348 1852 401 repetitis

83 416 249 459 litteris
279 417 402 458 idem
432 417 617 469 scripsit
646 417 977 460 serenissimus
1005 429 1089 459 rex
1118 418 1388 471 Anglorum.

199 486 539 540 Respondetur,
573 487 697 539 quod
730 487 868 529 nichil
906 491 998 530 tam
1030 490 1259 541 naturale,
1293 501 1431 542 quam
1464 492 1512 530 ut
1543 501 1629 542 per
1663 488 1852 531 easdem

81 569 158 599 res
179 557 460 600 dissolvatur
481 557 728 610 vinculum,
749 570 835 611 per
854 571 970 611 quas
989 562 1146 600 natum
1166 562 1250 601 est.
1283 559 1362 601 Set
1381 560 1439 601 ad
1458 559 1852 613 supplicacionem

83 627 258 670 domini
295 629 420 682 regis
457 628 768 670 Romanorum
807 628 1051 670 concilium
1090 630 1138 670 in
1176 629 1263 672 ista
1301 631 1497 672 materia
1535 642 1619 673 seu
1656 634 1852 683 quatuor

81 699 302 742 naciones
331 699 483 752 ipsum
509 698 752 740 concilium
781 699 1067 752 integrantes
1097 700 1424 743 concluserunt
1449 700 1509 742 ad
1536 700 1851 742 confirmacio-

82 781 189 811 nem
213 769 454 812 electionis
480 769 654 811 debere
680 769 870 822 procedi
897 773 941 811 et
969 770 1117 823 ipsam
1144 770 1419 812 electionem
1445 772 1712 813 canonicam
1738 771 1851 813 iudi-

81 843 244 882 carunt
281 852 366 894 per
406 853 513 882 suos
553 840 798 894 deputatos
835 844 880 882 et
917 841 1009 882 iam
1048 841 1095 882 in
1134 841 1284 883 tribus
1322 841 1596 884 nacionibus
1633 841 1851 884 iudicium

81 909 406 963 deputatorum
436 914 507 954 est
539 910 859 963 approbatum.
903 910 1159 954 Potuerunt
1189 924 1302 964 ergo
1332 914 1540 953 mutuum
1570 912 1851 965 promissum

82 981 200 1023 alter
226 982 361 1024 alteri
387 981 624 1024 remittere
651 994 736 1023 nec
763 981 915 1023 littere
943 982 1141 1034 repetite
1169 982 1341 1024 debent
1367 982 1662 1035 preiudicare
1689 983 1851 1035 electo,

81 1064 167 1104 pro
190 1064 281 1105 quo
305 1052 435 1105 regia
459 1052 677 1095 maiestas
702 1051 1058 1094 instrumentum
1085 1052 1207 1106 fec-it,
1233 1056 1303 1094 set
1325 1053 1485 1106 pocius
1509 1054 1686 1095 crimen
1710 1053 1852 1094 infer-

80 1125 150 1164 ret
183 1122 310 1176 regie
342 1123 572 1165 maiestati
605 1123 922 1165 instabilitatis
954 1126 998 1165 et
1030 1123 1358 1176 inconstancie,
1392 1123 1470 1176 qui
1502 1124 1862 1166 serenissimam·

81 1194 370 1235 maiestate-m
410 1193 585 1247 regiam
625 1193 932 1236 arbitraretur
973 1206 999 1236 a
1038 1195 1184 1237 semel
1225 1194 1491 1247 specialiter
1529 1207 1615 1247 pro
1653 1195 1851 1236 ecclesia

81 1263 381 1317 Lugdunensi
416 1264 573 1317 petitis
607 1265 729 1306 velle
765 1264 969 1317 deviare,
1004 1266 1081 1318 qui
1117 1268 1162 1307 et
1195 1265 1233 1307 si
1269 1264 1453 1318 scripsit
1486 1265 1546 1307 ad
1578 1266 1851 1307 instanciam

80 1335 193 1377 cleri
223 1338 268 1377 et
297 1335 459 1388 populi
489 1334 830 1389 Lugdunensis,
862 1335 970 1376 dum
1001 1335 1097 1377 fide
1130 1336 1335 1377 occulata
1365 1339 1580 1378 cerneret
1611 1335 1851 1378 incomoda

79 1405 277 1448 ecclesie
316 1405 656 1459 Lugdunensis,
692 1405 904 1459 profecto
944 1407 1198 1448 clemencia
1236 1407 1366 1460 regia
1405 1419 1535 1449 suam
1573 1406 1853 1460 interposuit

79 1476 266 1529 pietatis
293 1476 736 1529 consideracionem,
764 1480 811 1519 ut
839 1476 968 1530 gregi
997 1476 1227 1519 dominico
1255 1477 1458 1520 lacerato
1485 1480 1532 1519 et
1556 1489 1680 1530 pene
1707 1477 1851 1519 eccle-

79 1547 191 1602 siess)
215 1550 377 1600 pastor
401 1547 592 1589 daretur
614 1548 740 1601 genti
765 1548 985 1590 universe
1011 1550 1226 1601 acceptus
1251 1560 1336 1590 nec
1361 1549 1617 1590 clemencia
1640 1548 1769 1601 regia
1792 1548 1851 1590 de

80 1618 172 1660 alia
205 1618 346 1660 debet
378 1630 516 1671 quam
549 1618 842 1660 misericordi
874 1618 1026 1661 notari
1060 1618 1278 1661 bonitate.
1324 1618 1664 1661 Serenissimus
1697 1622 1850 1661 autem

79 1700 164 1730 rex
196 1688 453 1742 Anglorum
485 1701 571 1731 nec
602 1693 672 1732 est
704 1689 1048 1742 presumendus
1081 1689 1204 1730 velle
1239 1690 1407 1732 obesse
1439 1689 1636 1732 ecclesie
1670 1689 1850 1743 Lugdu-

79 1759 229 1813 nensi,
260 1760 353 1813 qui,
384 1772 487 1801 cum
517 1759 659 1801 nichil
692 1772 775 1802 sua
807 1760 1004 1813 intersit,
1035 1759 1127 1802 nisi
1158 1760 1216 1802 ad
1247 1759 1424 1804 favoris
1455 1758 1714 1815 graciamff)
1748 1772 1851 1802 cum

78 1830 276 1873 ecclesia
311 1830 636 1884 Lugdunensis
672 1830 729 1873 sit
763 1831 977 1883 colligata
1011 1831 1208 1872 eccle-sie
1246 1830 1627 1886 Cantuariensif)
1665 1843 1754 1884 que
1790 1831 1848 1872 de

58 1887 434 1944 *notabilioribus
462 1901 673 1944 ecclesiis
701 1901 857 1943 existit
885 1901 1169 1954 Anglicanis.

196 1971 465 2025 Undecimo,
519 1983 819 2025 possessores
863 1971 1121 2014 difficulter
1164 1975 1476 2025 removentur,
1521 1975 1590 2014 set
1631 1971 1848 2014 dominus

76 2043 324 2096 episcopus
345 2042 577 2085 Eduensis
597 2042 807 2096 possidet
827 2042 1280 2085 administracionem
1301 2043 1500 2085 ecclesie
1521 2042 1848 2096 Lugdunensis

75 2115 121 2154 et
147 2112 354 2160 vfortasse
387 2125 480 2155 non
514 2113 776 2155 admitteret
809 2113 1218 2155 confirmacionem
1249 2113 1446 2156 concilii.
1493 2113 1615 2166 Ergo
1646 2117 1729 2156 etc.

191 2195 536 2249 Respondetur:
582 2195 839 2248 Episcopus
871 2194 1103 2238 Eduensis
1134 2195 1275 2238 habet
1303 2195 1378 2238 ius
1410 2195 1767 2237 administrandi
1799 2195 1846 2236 in

75 2266 273 2308 ecclesia
307 2265 622 2319 Lugdunensi,
657 2266 768 2308 sede
804 2265 1106 2319 Lugdunensi
1139 2269 1346 2319 vacante,
1378 2269 1450 2308 set
1483 2266 1632 2308 electo
1666 2265 1846 2319 Lugdu-

74 2337 210 2378 nensi
240 2335 517 2379 confirmato
544 2349 638 2378 non
666 2337 773 2390 plus
802 2336 999 2379 ecclesia
1029 2336 1356 2390 Lugdunensis
1385 2336 1579 2389 vacabit,
1608 2349 1714 2389 ymo
1742 2348 1845 2389 pro-

74 2409 268 2450 testatus
301 2410 373 2449 est
404 2419 592 2460 semper
625 2407 839 2450 dominus
872 2407 1104 2450 Eduensis
1137 2407 1385 2460 episcopus
1420 2419 1469 2450 se
1505 2419 1692 2460 semper
1724 2406 1844 2459 pari-

74 2480 227 2519 turum
257 2477 612 2520 confirmacioni
647 2490 733 2531 per
768 2478 1011 2519 concilium
1047 2477 1223 2530 fiende,
1259 2477 1655 2520 administracioni
1689 2480 1844 2519 autem

75 2560 159 2601 per
187 2547 432 2590 concilium
461 2547 621 2590 fiende
651 2549 894 2590 resisteret
921 2561 1007 2601 pro
1036 2548 1137 2590 iure
1169 2548 1365 2590 ecclesie
1396 2561 1478 2591 sue
1509 2547 1842 2590 conservando.

76 2618 258 2660 Etenim
296 2618 596 2661 ridiculosum
631 2622 704 2661 est
741 2622 786 2661 et
822 2618 1097 2660 iniuriosum
1134 2621 1204 2661 est
1241 2619 1362 2661 dicto
1398 2619 1619 2672 episcopo
1656 2630 1762 2671 ymo
1798 2620 1843 2658 et

74 2692 198 2731 certe
224 2688 305 2732 toti
330 2689 525 2731 concilio
551 2689 879 2742 verecundum,
904 2690 1043 2732 unius
1069 2689 1276 2742 episcopi
1299 2689 1560 2742 potenciam
1586 2688 1841 2730 formidare

74 2759 148 2800 vel
171 2758 478 2801 rebellionem
502 2760 590 2802 sibi
615 2760 871 2812 imponere,
895 2772 1032 2812 quam
1053 2772 1290 2812 nunquam
1312 2759 1514 2812 cogitare
1538 2758 1839 2811 presumpsit,

71 2831 119 2879 et
147 2828 255 2881 quia
285 2829 368 2871 hoc
399 2833 720 2882 argumentum
750 2834 821 2872 est
849 2830 1008 2882 pocius
1039 2829 1366 2871 divinatorium
1396 2832 1441 2870 et
1471 2829 1527 2870 de
1560 2828 1681 2870 facto
1710 2827 1841 2869 tercii

73 2901 375 2952 assumptum,
416 2899 708 2952 relinquatur
749 2900 1035 2952 contempcio
1075 2899 1436 2941 confirmacione
1479 2898 1666 2939 obtenta
1709 2897 1840 2939 dictis

179 3052 210 3081 a)
231 3047 319 3081 Polyi
339 3047 561 3081 karriqiertps,
583 3048 703 3074 celin-er
723 3047 866 3074 Icelum-es
890 3046 992 3079 wart,
1085 3047 1117 3074 ln
1147 3047 1279 3073 Verbum
1301 3046 1390 3080 srhlr.
1490 3048 1517 3078 c)
1540 3047 1586 3073 Ils
1607 3045 1842 3073 Cartuaricnsi.

143 3117 285 3152 Finke,
304 3118 386 3145 Acta
405 3118 538 3146 concilii
562 3118 838 3146 constanciensis.
859 3118 896 3144 11.
1571 3107 1626 3147 47
