2227 3434
508 192 547 228 B.
585 193 663 229 Der
685 194 785 229 liber
806 196 998 238 gestorum
1024 194 1093 228 des
1117 193 1357 229 Cerretanus.
1732 196 1817 238 225

52 311 268 355 Challant
303 315 349 354 et
386 311 428 354 d.
467 311 784 354 Lausanensis
822 312 969 372 frater
1007 313 1109 355 eius
1147 325 1198 354 ac
1236 312 1277 354 d.
1317 312 1694 367 archiepiscopus
1733 313 1816 355 Re·

48 382 238 436 mensis,
269 395 389 424 unus
420 394 479 424 ex
511 381 926 425 ambassiatoribus
958 383 1082 436 regis
1114 383 1149 424 F
1152 382 1323 435 rancie,
1354 383 1536 436 hospite
1569 384 1818 425 insalutato

49 456 359 496 recesserunt.
397 453 505 496 Post
527 453 775 506 prandium
801 453 966 495 eadem
992 453 1066 495 die
1092 453 1134 495 d.
1160 453 1218 495 de
1242 453 1552 507 Branchaciis‚
1577 453 1620 496 d.
1646 453 1817 496 Baren-

49 523 113 566 sis
139 527 186 566 et
213 524 255 567 d.
286 523 617 566 Tricaricensis
647 537 680 566 s.
708 523 758 566 R.
788 537 827 565 e.
857 524 1121 566 cardinales
1151 524 1208 565 de
1239 524 1515 567 Constancia
1544 537 1704 567 omnes
1732 536 1817 577 per

47 594 227 636 Renum
261 595 308 636 in
341 594 568 637 naviculis
601 607 766 637 versus
800 594 1041 637 Scaiusam
1074 594 1272 647 profecti
1307 598 1424 637 sunt.

167 665 251 707 Die
285 666 395 707 lune
426 665 566 707 XXV.
601 665 776 708 mensis
811 665 985 718 Marcii,
1019 678 1121 707 cum
1155 665 1196 707 d.
1231 679 1316 707 rex
1348 666 1660 708 Romanorum
1694 669 1741 708 et
1774 666 1815 707 d.

47 735 325 789 cardinales,
375 736 453 789 qui
503 739 845 789 remanserunt,
896 748 971 778 ac·
997 736 1204 789 deputati
1254 737 1499 778 nacionum
1551 737 1815 790 congregati

46 810 207 850 essent
238 807 286 849 in
318 807 500 861 palacio
532 807 789 860 episcopali
827 807 1177 849 Constanciensi
1215 819 1356 861 super
1391 820 1460 860 eo,
1497 807 1619 861 quod
1653 808 1695 849 d.
1731 820 1816 849 rex

45 881 91 920 et
120 878 342 920 naciones
370 878 592 932 petebant
623 877 882 920 sessionem
913 878 1144 920 celebrari
1175 881 1220 920 et
1250 891 1393 932 super
1423 879 1528 931 hiis,
1561 891 1649 932 que
1682 880 1730 920 in
1759 891 1815 920 ea

45 947 154 990 fieri
186 948 435 1002 debebant,
467 949 738 1002 supervenit
769 949 810 991 d.
843 948 1221 1002 archiepiscopus
1251 949 1496 992 Remensis
1528 962 1552 991 a
1584 949 1626 992 d.
1655 952 1815 991 nostro

44 1031 167 1073 papa
193 1019 384 1063 rediens
411 1023 455 1061 et
482 1020 633 1062 attulit
659 1032 798 1062 unam
826 1019 1003 1062 bullam
1030 1033 1089 1062 ex
1115 1022 1248 1074 parte
1276 1019 1423 1073 ipsius
1449 1020 1491 1062 d.
1519 1021 1665 1062 nostri
1692 1033 1813 1074 pape

45 1090 88 1132 d.
122 1090 455 1143 cardinalibus,
488 1091 618 1133 cuius
651 1094 785 1133 tenor
820 1090 1046 1144 sequitur:

161 1161 402 1204 Johannes
424 1164 506 1203 etc.
528 1161 881 1204 venerabilibus
904 1199 911 1205 .
948 1195 956 1203 .
992 1195 1001 1203 .
1026 1162 1236 1204 salutem.
1277 1161 1542 1214 Intellectis,
1566 1175 1654 1215 que
1677 1174 1814 1204 vene-

45 1231 220 1276 rabiles
244 1231 417 1275 fratres
442 1232 602 1285 nostri,
628 1232 888 1276 confratres
913 1233 1057 1275 vestri
1082 1233 1140 1275 ad
1164 1236 1371 1275 nostram
1395 1233 1688 1286 presenciam
1715 1267 1723 1275 .
1760 1267 1768 1274 .
1804 1266 1812 1274 .

45 1315 168 1346 anno
198 1304 412 1358 quinto.¹)

160 1374 218 1417 Et
240 1375 434 1428 insuper
458 1374 649 1427 addidit,
675 1374 875 1427 qualiter
899 1374 941 1417 d.
967 1377 1127 1417 noster
1152 1374 1208 1416 de
1235 1374 1428 1417 nacione
1452 1375 1711 1428 Anglicana
1734 1386 1812 1416 no·

43 1444 248 1488 minabat
279 1445 321 1487 d.
354 1444 624 1499 episcopum
657 1458 730 1498 ep.
764 1445 1107 1499 Batoniensem,
1140 1445 1197 1487 de
1230 1445 1424 1487 nacione
1459 1444 1737 1488 Germanica
1769 1445 1811 1486 d.

42 1515 312 1569 episcopum
348 1516 686 1569 Lubucensem,
725 1516 782 1558 de
817 1517 1013 1558 nacione
1051 1516 1293 1559 Gallicana
1331 1516 1372 1558 d.
1411 1515 1812 1569 archiepiscopum

41 1586 406 1640 Narbonensem,
439 1587 541 1630 eius
571 1588 893 1640 camerarium,
926 1588 1001 1629 vel
1034 1587 1186 1640 ipsum
1219 1587 1260 1628 d.
1294 1586 1694 1640 archiepiscopum
1726 1586 1811 1628 Re-

41 1669 265 1711 mensem,
301 1657 486 1700 nacioni
523 1661 677 1701 autem
716 1657 895 1700 Ytalice
934 1658 1073 1700 dabat
1111 1660 1387 1711 potestatem
1424 1657 1696 1700 nominandi
1735 1657 1809 1698 vel

40 1728 259 1783 eligendi,
283 1741 422 1782 quem
446 1728 549 1782 ipsa
572 1729 705 1771 nacio
730 1728 885 1771 vellet.
924 1729 1046 1781 Quos
1072 1731 1268 1782 quatuor
1293 1731 1621 1782 procuratores
1646 1727 1810 1770 consti-

39 1801 171 1842 tuere
199 1799 485 1853 intendebat,
512 1799 574 1842 ita
602 1799 726 1853 quod
753 1802 850 1842 tres
876 1812 936 1841 ex
963 1800 1033 1842 eis
1061 1802 1144 1841 etc.
1173 1802 1223 1841 ut
1251 1811 1393 1853 supra
1420 1799 1468 1840 in
1495 1798 1638 1841 bulla.
1679 1799 1733 1840 Et
1761 1798 1809 1840 in

39 1881 162 1922 casu,
192 1870 317 1924 quod
346 1870 431 1912 hec
462 1871 724 1913 nominacio
756 1870 951 1912 concilio
982 1882 1077 1912 non
1107 1870 1329 1924 placeret,
1360 1870 1624 1912 nominaret
1657 1870 1807 1923 ipsum

40 1940 283 1983 concilium
311 1940 499 1995 triginta
527 1942 601 1983 vel
631 1940 938 1995 quadraginta
965 1953 1025 1982 ex
1054 1943 1251 1994 quatuor
1279 1940 1566 1993 nacionibus,
1596 1940 1658 1982 ita
1687 1940 1809 1993 quod

40 2010 81 2056 d.
103 2014 264 2055 noster
286 2024 410 2066 papa
433 2025 491 2054 ex
514 2011 735 2065 predictis
759 2015 957 2065 quatuor
980 2012 1177 2065 eligeret
1202 2024 1304 2054 cum
1327 2014 1556 2065 potestate
1578 2014 1627 2053 ut
1651 2023 1806 2064 supra.

39 2080 189 2136 Super
211 2082 380 2136 quibus
402 2082 724 2126 oblacionibus
746 2083 948 2125 maxime
971 2083 1306 2126 altercaciones
1328 2082 1520 2124 fuerunt
1543 2083 1590 2123 in
1613 2081 1808 2124 concilio

39 2163 123 2195 nec
148 2153 392 2196 concilium
418 2153 475 2196 de
500 2153 590 2195 hiis
615 2153 840 2196 remansit
862 2155 1140 2196 contentum.
1179 2152 1342 2196 Omnia
1367 2152 1539 2195 etenim
1564 2165 1649 2206 pro
1674 2155 1806 2205 parte

39 2222 81 2266 d.
109 2225 256 2267 nostri
285 2236 406 2278 pape
437 2224 592 2267 oblata
621 2224 847 2278 figmenta
875 2223 978 2266 fore
1008 2224 1240 2266 dixerunt.
1284 2223 1510 2266 Predictis
1542 2224 1696 2276 itaque
1728 2223 1807 2264 du-

39 2293 155 2338 obus
181 2294 348 2338 diebus
374 2294 593 2337 videlicet
620 2295 695 2337 die
725 2294 955 2338 dominica
981 2298 1026 2337 et
1054 2295 1128 2336 die
1158 2295 1268 2336 lune
1296 2297 1389 2337 tam
1417 2306 1559 2347 super
1586 2293 1806 2347 predictis

38 2363 356 2408 oblacionibus
384 2378 521 2419 quam
551 2378 693 2419 super
721 2365 946 2418 cessione,
975 2377 1113 2419 quam
1141 2365 1385 2407 concilium
1414 2368 1576 2407 tenere
1606 2364 1804 2415 volebat,

38 2437 85 2478 et
105 2448 249 2489 super
270 2436 376 2490 hiis,
400 2448 490 2490 que
517 2437 563 2478 in
585 2449 642 2478 ea
666 2436 803 2479 statui
827 2436 1075 2488 debebant,
1100 2435 1188 2478 fuit
1211 2437 1333 2478 inter
1357 2435 1399 2477 d.
1425 2435 1702 2487 cardinales,
1727 2434 1804 2487 qui

40 2509 375 2560 remanserant,
415 2508 701 2550 altercatum.
754 2506 961 2549 Tandem
1001 2506 1075 2548 die
1118 2507 1227 2548 lune
1269 2507 1316 2548 in
1357 2518 1463 2548 sero
1503 2506 1618 2548 hora
1658 2506 1804 2547 noctis

37 2577 186 2629 prima
233 2577 500 2621 conclusum
527 2581 611 2630 est,
639 2577 681 2619 d.
710 2589 820 2631 rege
846 2577 1172 2629 Romanorum,
1200 2577 1241 2618 d.
1269 2576 1600 2629 cardinalibus,
1629 2577 1706 2629 qui
1735 2587 1804 2617 re-

37 2651 303 2691 manserant
338 2651 382 2691 et
414 2648 688 2691 nacionibus
723 2647 1141 2700 consencientibus,
1176 2647 1299 2700 quod
1334 2647 1409 2689 die
1445 2647 1604 2689 martis
1639 2646 1802 2687 XXVI.

38 2716 156 2761 dicte
179 2720 355 2762 mensis
382 2719 578 2762 deberet
605 2719 754 2762 sessio
780 2718 931 2760 teneri
958 2721 1003 2760 et
1029 2718 1071 2760 d.
1102 2717 1453 2760 Cameracensis
1481 2720 1529 2759 ut
1556 2716 1803 2770 presidens

38 2787 230 2832 concilio
261 2790 450 2833 missam
482 2790 723 2832 celebrare
757 2792 801 2831 et
834 2788 1132 2842 infrascripta
1166 2789 1301 2831 statui
1336 2791 1380 2830 et
1412 2787 1620 2830 ordinari
1654 2787 1699 2828 in
1732 2798 1800 2828 ea.

40 2856 520 2913 Deliberaveruntque
549 2860 630 2903 illo
657 2872 764 2902 sero
791 2860 833 2902 d.
863 2858 1213 2902 Cameracensis
1241 2862 1285 2900 et
1313 2858 1354 2900 d.
1383 2857 1679 2900 Florentinus
1707 2868 1802 2898 car-

39 2926 220 2973 dinales
259 2930 458 2973 sessioni
500 2931 730 2973 interesse
771 2942 873 2972 cum
911 2929 1330 2983 protestacionibus
1371 2927 1694 2980 infrascriptis.
1749 2926 1800 2967 D.

38 2996 345 3043 veneciarum
373 3003 418 3044 et
446 3000 488 3043 d.
516 3000 847 3054 Aquilegensis
875 3012 925 3043 se
954 3000 1078 3042 velle
1107 2999 1336 3042 interesse
1364 3000 1666 3052 negaverunt.
1707 2996 1798 3038 Alii

153 3072 336 3135 &mian
365 3092 430 3135 JV,
459 3093 513 3129 68.

107 3158 246 3195 Finke,
266 3162 348 3190 Acta
369 3161 502 3189 concilii
524 3159 800 3190 Constanciensis.
822 3160 859 3187 11.
1535 3147 1588 3188 15
