2227 3434
551 179 594 213 A.
636 179 833 214 Fillastres
861 180 977 215 Gesta
1004 181 1154 215 concilii
1182 180 1496 216 Constantiensis.
1852 184 1907 226 27

141 297 359 349 nescitur,
390 298 430 339 si
461 297 508 339 in
539 310 737 351 camera,
769 311 891 352 papa
922 300 1116 340 recessit
1147 312 1248 341 cum
1281 299 1396 341 duce
1427 300 1615 342 Austrie
1647 304 1691 342 et
1722 301 1908 354 quibus-

141 366 247 410 dam
274 368 464 410 armatis
491 372 561 411 set
588 369 690 410 sine
717 381 993 422 quocunque
1021 370 1261 412 cardinali.
1300 370 1465 412 Ymmo
1492 383 1576 412 nec
1602 384 1722 414 unus
1748 384 1909 413 eorum

142 439 376 481 associare
400 451 506 480 eum
529 440 674 481 voluit
697 453 845 493 usque
870 440 927 482 ad
952 444 1146 493 portam,
1171 441 1278 482 licet
1300 454 1381 483 eos
1406 442 1718 494 requisiverit.
1756 442 1910 484 Eciam

141 510 361 562 proprius
384 522 532 563 nepos
552 523 673 563 pape
696 510 948 553 cardinalis
970 511 1302 554 Tricaricensis
1324 513 1484 556 noluit.
1521 512 1764 554 Timebant
1787 514 1910 554 enim

141 579 247 622 duci
275 581 409 634 quasi
439 581 498 623 ad
527 593 740 624 carceres
770 582 856 624 sub
886 582 968 624 illo
997 582 1112 624 duce
1141 582 1343 624 Austrie.
1386 583 1612 634 Quoniam
1642 583 1912 626 intentionis

141 650 354 693 eiusdem
400 651 530 695 ducis
575 655 676 694 erat
722 653 876 694 omnia
923 652 1138 705 dampna,
1185 665 1275 706 que
1322 653 1607 696 substineret
1652 667 1738 707 per
1783 655 1911 696 illam

142 733 374 775 guerram,
399 735 682 775 recuperare
708 736 734 765 a
757 736 880 777 papa
905 727 950 765 et
974 724 1305 767 cardinalibus.

261 793 432 836 Omnes
462 797 681 847 preterea
711 795 880 847 prelati
912 798 957 836 et
988 795 1075 836 viri
1107 795 1329 848 insignes,
1361 797 1438 848 qui
1470 809 1639 848 papam
1671 796 1816 838 secuti
1846 796 1915 838 fu-

143 867 291 917 erant,
324 877 431 906 eum
464 864 758 907 dimiserunt:
805 866 883 907 alii
917 866 976 907 ad
1007 866 1199 919 propria
1230 868 1583 920 transeuntes&
1621 867 1701 909 alii
1734 867 1914 908 reversi

145 938 252 978 sunt
279 936 338 978 ad
366 935 704 978 Constanciam.
746 937 800 978 Et
827 949 949 990 papa
977 949 1078 978 cum
1106 938 1267 990 paucis
1296 937 1608 980 familiaribus
1638 939 1735 981 suis
1762 941 1808 980 et
1836 938 1916 980 ali-

145 1007 315 1060 quibus
335 1005 573 1061 prelatis'')
596 1007 811 1049 transivit
833 1008 891 1050 ad
914 1008 1195 1062 Lofemborg
1217 1021 1359 1061 super
1382 1009 1574 1062 Renum,
1598 1009 1786 1062 opidum
1810 1009 1916 1051 dicti

146 1076 289 1130 ducis,
316 1077 495 1120 distans
523 1090 548 1120 a
576 1077 787 1121 Scasusia
816 1079 912 1120 IIII
940 1082 985 1121 et
1012 1079 1197 1121 Basilea
1223 1079 1374 1121 tribus
1403 1079 1664 1122 miliaribus
1689 1079 1916 1122 theutoni-

147 1149 227 1201 cis,
260 1161 350 1202 que
384 1149 542 1191 valent
577 1149 748 1192 dietam
783 1162 885 1191 cum
920 1150 1126 1203 dimidia,
1162 1151 1248 1192 sub
1284 1163 1423 1192 manu
1458 1151 1585 1193 illius
1620 1151 1749 1192 ducis
1785 1150 1916 1204 quasi

146 1220 369 1273 captivus.

264 1291 440 1343 Quibus
471 1291 517 1333 in
548 1291 691 1334 rebus
722 1304 857 1334 casus
888 1293 1000 1334 satis
1032 1292 1260 1334 mirabilis
1293 1293 1522 1346 apparuit,
1554 1293 1677 1346 quod
1706 1306 1829 1346 papa
1860 1293 1917 1334 de

146 1363 359 1416 generali
390 1362 584 1405 concilio
615 1362 842 1416 profugus
873 1363 921 1404 in
953 1364 1124 1417 scapha
1157 1364 1290 1417 quasi
1322 1364 1584 1417 piscatoria,
1617 1377 1718 1405 cum
1750 1364 1918 1417 ignotis

147 1445 269 1486 pene
303 1434 431 1476 solus
462 1435 712 1476 recesserit
743 1434 980 1488 credens‘2)
1016 1447 1160 1476 unum
1193 1435 1340 1476 vitare
1372 1435 1647 1488 periculum,
1681 1434 1841 1477 incidit
1872 1434 1919 1476 in

150 1505 314 1558 maius,
335 1504 584 1547 derelictus
607 1518 633 1547 a
656 1505 766 1558 suis,
789 1506 922 1558 quasi
946 1506 993 1547 in
1015 1506 1278 1558 captivitate
1300 1505 1478 1559 positus
1500 1509 1571 1548 est
1593 1506 1679 1548 sub
1700 1506 1782 1548 illo
1804 1505 1918 1547 duce

147 1575 349 1618 Austrie.
394 1576 706 1630 Credendum,
737 1576 862 1630 quod
891 1576 1062 1630 digitus
1093 1576 1178 1618 Dei
1209 1577 1281 1618 sit.

269 1647 354 1689 Die
391 1647 574 1690 sabbati
609 1648 657 1689 in
693 1648 852 1701 vigilia
888 1648 1059 1701 pasche
1097 1648 1415 1690 cardinalibus
1453 1648 1602 1690 adhuc
1637 1660 1730 1689 non
1766 1647 1920 1689 fuerat

150 1719 291 1772 plene
328 1722 491 1772 aperta
526 1718 721 1762 materia
757 1719 1044 1772 agendorum
1082 1719 1129 1760 in
1166 1719 1248 1761 illa
1284 1718 1494 1761 sessione
1531 1731 1616 1760 nec
1654 1718 1792 1760 etiam
1829 1731 1921 1760 am-

150 1789 472 1833 baxiatoribus
497 1790 621 1844 regis
645 1790 856 1842 Francie,
879 1789 958 1842 qui
983 1790 1041 1832 ad
1064 1789 1306 1832 veritatem
1331 1790 1484 1832 minus
1509 1792 1783 1831 reverenter
1806 1792 1920 1831 trac-

150 1861 230 1903 tati
262 1864 368 1904 sunt
399 1864 444 1903 et
475 1860 651 1914 recepti
681 1861 829 1902 eciam
862 1874 888 1903 a
917 1861 1114 1902 nacione
1146 1860 1402 1903 Gallicana.
1448 1860 1625 1903 Prefati
1657 1860 1920 1902 cardinales

151 1934 197 1975 et
220 1932 564 1975 ambaxiatores
589 1935 723 1974 erant
748 1932 996 1974 deliberati
1022 1944 1116 1973 non
1141 1931 1372 1974 interesse
1399 1932 1446 1973 in
1472 1931 1697 1974 sessione.
1736 1931 1791 1973 Et
1814 1931 1921 1972 licet

151 2015 237 2046 rex
275 2004 470 2045 multum
509 2004 703 2045 instaret
741 2003 865 2056 apud
903 2003 1182 2056 cardinales,
1221 2003 1344 2055 quod
1384 2003 1680 2054 interessent,
1719 2002 1920 2052 tandem,

152 2087 254 2117 cum
293 2075 384 2117 iam
424 2074 592 2133 prelati
631 2074 851 2116 sederent
890 2074 937 2115 in
975 2074 1172 2116 concilio
1210 2087 1312 2115 cum
1352 2073 1501 2116 mitris
1539 2077 1584 2115 et
1621 2073 1921 2126 pluvialibus,

152 2144 279 2201 rexd)
311 2145 521 2188 tractavit
549 2158 650 2187 cum
679 2145 996 2187 cardinalibus
1024 2148 1070 2187 et
1098 2158 1184 2198 per
1212 2145 1315 2187 eius
1344 2144 1547 2186 medium
1577 2144 1784 2186 adhibito
1815 2156 1923 2197 quo-

152 2217 258 2259 dam
283 2216 600 2259 moderamine
625 2217 672 2258 in
695 2216 1006 2269 expediendis
1031 2217 1077 2257 in
1101 2216 1183 2258 illa
1207 2215 1417 2258 sessione
1443 2215 1707 2257 cardinales
1731 2226 1922 2256 consen-

153 2291 314 2330 serunt
340 2289 570 2330 interesse
595 2291 641 2330 et
664 2287 891 2340 fecerunt,
918 2287 1042 2340 quod
1065 2287 1212 2329 eciam
1237 2286 1553 2328 interfuerunt
1578 2285 1921 2328 ambaxiatores

155 2360 280 2413 regis
304 2359 600 2411 Francorum,
624 2371 725 2400 cum
748 2359 918 2412 quibus
940 2358 1205 2400 cardinales
1228 2370 1278 2400 se
1301 2357 1639 2399 coniunxerant
1662 2360 1707 2398 et
1731 2356 1799 2398 illi
1821 2369 1922 2398 cum

153 2430 484 2473 cardinalibus.
534 2430 641 2483 Ipsa
676 2432 830 2471 autem
865 2429 940 2471 die
977 2429 1158 2472 sabbati
1194 2429 1242 2470 in
1276 2428 1435 2481 vigilia
1471 2428 1641 2481 pasche
1676 2427 1763 2469 fuit
1797 2430 1923 2469 tenta

153 2501 303 2544 sessio
329 2504 548 2555 presente
578 2513 688 2554 rege
716 2500 762 2542 in
789 2500 950 2542 habitu
979 2499 1212 2553 imperiali
1239 2503 1288 2541 ut
1315 2511 1470 2552 supra.
1510 2499 1564 2540 Et
1592 2498 1801 2552 presedit
1828 2510 1922 2539 car-

153 2572 325 2616 dinalis
357 2573 414 2615 de
447 2571 645 2615 Ursinis.
690 2572 744 2614 Et
775 2571 967 2613 fuerunt
999 2570 1176 2613 difinita
1209 2574 1253 2612 et
1286 2570 1535 2622 declarata,
1568 2582 1657 2622 que
1690 2572 1921 2611 secuntur.

153 2644 209 2686 Et
236 2644 318 2687 illa
346 2644 457 2697 legit
483 2643 735 2686 cardinalis
766 2642 1063 2684 Florentinus
1089 2641 1279 2684 ultimus
1307 2640 1556 2694 dyaconus,
1585 2644 1632 2682 ut
1661 2641 1803 2682 moris
1831 2642 1918 2681 est:

274 2714 326 2756 In
354 2714 542 2757 nomine
573 2717 728 2756 sancte
760 2747 769 2755 .
804 2747 813 2755 .
849 2747 857 2755 .
889 2712 1289 2766 Constantiensi.¹)

277 2786 389 2828 Item
410 2786 519 2839 quia
540 2788 732 2838 propter
753 2784 965 2826 diversas
986 2783 1232 2836 opiniones
1253 2783 1310 2824 de
1332 2785 1560 2836 potestate
1583 2781 1763 2824 concilii
1785 2793 1922 2834 gene-

155 2856 268 2900 ralis
291 2869 434 2910 supra
455 2868 639 2909 papam,
664 2856 864 2898 maxime
888 2855 936 2896 in
959 2854 1064 2908 hiis,
1088 2867 1177 2908 que
1201 2853 1438 2907 pertinent
1460 2853 1519 2896 ad
1541 2852 1919 2895 reformationem

270 2972 301 3006 a)
328 2972 356 2999 B
383 2971 624 2999 transferentes
657 2970 752 3005 (ohne
783 2970 844 3005 se).
896 2970 928 3002 b)
955 2970 987 2996 et
1008 2989 1014 2995 .
1034 2990 1040 2995 .
1061 2991 1067 2996 .
1088 2968 1170 3004 prel.
1202 2968 1284 3002 fehlt
1315 2969 1350 2996 B.
1395 2968 1424 3001 c)
1456 2968 1484 2995 B
1509 2968 1581 3002 silqt
1611 2974 1673 3001 quc
1702 2967 1806 2993 hinzn.
1849 2965 1924 2993 Sat:

154 3018 341 3047 unkorrekt.
397 3019 429 3052 d)
451 3019 479 3046 B
499 3019 533 3046 et
552 3018 655 3046 eciam
678 3019 757 3045 stan
779 3024 848 3045 rex.

274 3080 306 3122 ¹)
333 3080 454 3114 Hardt
482 3079 547 3120 lV,
574 3077 666 3122 89ss
694 3078 821 3113 Mansi
847 3076 916 3111 XX
929 3076 1005 3119 VII,
1032 3077 1112 3113 585.
