2102 3444
254 137 337 178 748

342 254 417 294 De
485 249 975 305 presidentibus
1054 251 1110 290 et
1191 247 1380 300 d-epu-

249 325 399 366 tutis
439 319 913 375 generalibusfl)

372 406 461 438 Hom
491 392 611 445 quod
643 395 801 444 preter
831 394 877 432 et
907 390 1029 432 ultra
1060 389 1379 442 presidentem

249 463 492 505 cuiuslibet
531 462 737 504 nacionis
773 473 820 506 ‹le
857 471 1016 506 nacione
1053 471 1223 514 qualibet
1261 472 1379 513 depu-

255 549 377 579 tontur
394 534 503 574 certi
528 532 758 574 notabiles
781 531 882 583 viri,
905 532 981 584 qui
1006 531 1052 572 in
1076 543 1161 572 sua
1182 530 1376 572 nacione

248 609 290 646 et
335 605 376 645 in
421 605 519 645 loco
561 603 885 656 deputatorum
926 601 1218 655 generalium
1259 601 1380 643 inter

248 678 399 716 cetera
450 677 599 726 agant,
650 686 739 726 que
789 672 913 714 infra
963 675 1236 725 sequuntur,
1286 684 1381 713 mu-

248 745 372 786 tandi
427 745 498 785 vel
554 743 845 797 approbandi
888 743 1084 796 singulis
1126 742 1380 795 mensibus,

250 825 324 847 uno
387 817 513 848 tamen
576 815 623 847 de
689 813 857 856 qualibet
922 813 1083 847 nacione
1146 815 1382 846 remanente.

251 876 298 915 lit
328 873 449 926 quod
477 873 930 915 dominicardinales
945 872 1275 914 nichilominus
1288 872 1382 914 duo

250 946 320 986 vel
348 948 441 985 tres
467 943 645 996 possint
671 956 774 986 esse
803 944 875 985 vel
902 944 1065 996 plures
1092 944 1214 985 inter
1240 943 1382 996 depu-

248 1019 363 1056 tatos
408 1015 669 1067 generales,
716 1013 902 1067 quando
948 1014 1239 1056 conveniant.
1297 1014 1382 1066 Qui

248 1085 432 1138 quidem
467 1086 673 1138 deputati
712 1096 939 1139 prevideant
974 1098 1010 1130 et
1043 1095 1269 1139 provideant
1306 1095 1384 1137 illa,

251 1157 297 1190 ‹le
320 1156 458 1198 quibus
480 1155 549 1190 erit
573 1156 763 1199 agendum
788 1155 826 1188 in
848 1155 1007 1189 concilio
1029 1157 1064 1189 et
1087 1154 1383 1189 deliberandum

251 1617 287 1650 in
313 1617 536 1651 nacionibus
559 1619 594 1651 et
618 1617 685 1650 illa
707 1616 746 1650 in
769 1616 920 1660 scriptis
944 1617 1106 1659 tradant,
1130 1616 1293 1660 quilibet
1316 1626 1384 1650 sue

249 1688 399 1722 nacioni
421 1689 505 1718 SOU
529 1687 743 1730 presidenti
766 1687 871 1721 illius
892 1679 937 1718 θῒ
958 1675 1208 1729 presidens
1231 1678 1384 1729 ΡΟΓῒΘῒ

247 1747 304 1788 ad
354 1747 596 1789 nacionem
644 1759 693 1793 ad
750 1758 1045 1792 deliberandum
1105 1759 1246 1800 super
1293 1757 1383 1799 inis,

248 1818 431 1860 nullaque
459 1817 536 1851 alia
565 1819 773 1851 tractentur
801 1817 840 1850 in
870 1816 1096 1851 nacionibus
1125 1816 1202 1851 nisi
1229 1816 1385 1860 previsa

247 1898 316 1930 per
348 1888 467 1922 dictos
499 1889 701 1931 deputatos
731 1878 981 1930 generales
1014 1888 1091 1922 nisi
1123 1888 1221 1922 forte
1253 1888 1385 1931 aliqua

249 1961 500 2001 emergerent,
531 1969 604 2001 que
634 1958 832 1993 nacionem
864 1958 969 1993 illam
1001 1961 1115 1993 totam
1145 1947 1385 1990 dU'mfaXaf

249 2032 530 2063 mncernerem.
567 2029 610 2063 Et
636 2032 723 2063 tunc
747 2029 813 2063 illa
837 2029 1114 2072 prevideantur
1138 2022 1183 2061 Θῒ
1209 2019 1385 2061 delibe-

246 2092 407 2129 rentur
440 2110 509 2142 per
535 2100 796 2143 presidentem
826 2100 932 2135 illius
958 2101 1130 2135 nacionis
1154 2103 1256 2132 Cum
1286 2091 1384 2134 SUiS

247 2158 376 2201 dictis
417 2159 662 2212 deputatis.
721 2171 828 2206 Alias
866 2172 983 2206 nichil
1023 2172 1062 2205 in
1100 2171 1386 2207 deliberacione

254 2244 424 2283 ponatur,
461 2230 550 2272 nisi
589 2231 734 2272 eciam
776 2235 935 2273 essent
972 2231 1068 2284 illa,
1107 2244 1197 2284 que
1235 2231 1384 2284 presi-

250 2300 466 2343 dentibus
509 2301 716 2343 nacionis
760 2302 1009 2345 cuiuslibet
1054 2302 1110 2343 de
1156 2302 1381 2344 reforma-

248 2371 364 2412 torio
396 2371 688 2414 mitterentur
722 2373 976 2414 secundum
1008 2373 1207 2415 formam
1240 2372 1382 2415 infra-

248 2442 479 2494 scriptam.

398 2524 485 2566 Iste
514 2525 737 2568 articulus
769 2526 857 2568 fuit
886 2527 1033 2569 lectus
1063 2530 1109 2568 et
1139 2510 1381 2568 conclusus

317 2608 416 2635 cum
454 2595 775 2639 addicionibus
809 2597 1040 2650 videlicet,
1077 2597 1200 2650 quod
1232 2597 1381 2650 presi-

318 2665 433 2707 dens
461 2670 505 2708 et
532 2666 737 2719 deputati
766 2681 849 2710 sex
877 2671 954 2710 aut
980 2669 1142 2721 plures
1168 2669 1243 2710 vel
1271 2680 1381 2721 pau-

318 2735 465 2778 ciores
487 2737 543 2778 de
567 2750 762 2789 quorum
784 2751 980 2781 numero
1002 2739 1224 2781 naciones
1244 2742 1381 2781 erunt

317 2807 569 2850 concordes
597 2808 803 2851 mutandi
831 2810 904 2850 vel
934 2809 1244 2851 confirmandi
1273 2823 1382 2863 quo-

319 2877 430 2919 libet
455 2890 615 2921 mense
641 2879 725 2921 hoc
751 2880 894 2932 salvo,
920 2880 957 2923 si
983 2884 1232 2934 mutentur,
1256 2881 1381 2934 quod

353 2986 382 3007 41>
404 2980 463 3006 Am
486 2982 606 3007 Rauda
681 2983 713 3009 1)]
736 2984 780 3009 Jls
802 2983 1015 3012 deliberetur.

338 3030 396 3071 .¹)
438 3030 516 3064 Das
557 3031 690 3075 ilbriye
728 3031 835 3075 fehlt.

1090 2987 1119 3013 c)
1142 2985 1187 3011 Hs
1209 2984 1294 3019 Γυὶῃί
1318 2985 1371 3013 sit.

692 132 757 166 ΙΙΙ.
789 130 999 166 Abschnitt.
1041 129 1195 164 Reform
1228 130 1305 164 und
1338 129 1586 174 Verfassung.

1458 390 1615 432 Primo
1640 389 1763 443 quod
1788 393 1947 443 preter
1963 423 1972 432 .
1989 423 1998 433 .
2014 423 2024 433 .

1452 530 1684 576 notabiles
1715 531 1803 574 viri
1835 544 1919 575 sex
1949 535 2022 576 aut

1455 603 1575 655 plus,
1605 602 1682 655 qui
1711 636 1720 644 .
1738 639 1745 646 .
1764 635 1773 644 .

1457 676 1595 727 agent
1637 707 1646 715 .
1682 707 1690 715 .
1726 707 1735 716 .

1455 744 1695 787 mensibus
1745 744 1829 787 hoc
1880 744 2022 798 salvo,

1455 815 1577 868 quod
1598 816 1637 857 si
1655 815 1920 858 huiusmodi
1940 815 2024 860 fiat

1457 887 1655 929 mutacio
1695 899 1818 929 unus
1856 886 2023 929 saltem

1456 957 1665 1010 ipsorum
1685 957 1859 1000 debeat
1877 957 2025 1000 adhuc

1458 1041 1705 1070 remanere
1737 1027 1784 1070 in
1813 1029 2025 1082 proximo

1455 1099 1669 1152 sequenti
1688 1112 1850 1143 mense
1865 1102 1915 1143 et
1931 1112 2024 1143 non

1457 1171 1640 1224 mutari,
1664 1175 1715 1216 ut
1736 1171 1886 1225 possit
1908 1171 2024 1214 alios

1458 1241 1714 1284 inform-are
1771 1241 1829 1284 de
1881 1241 2023 1285 rebus
2076 1251 2078 1253 ·

1456 1312 1600 1366 gestis
1634 1313 1686 1355 in
1722 1325 1884 1356 mense
1920 1325 2024 1368 pre-

1456 1383 1640 1427 cedenti
1662 1387 1711 1427 et
1735 1383 1859 1438 quod
1880 1383 2024 1428 domi-

1453 1455 1502 1497 ni
1533 1454 1797 1498 cardinales
1827 1489 1837 1499 .
1854 1489 1864 1498 .
1880 1490 1890 1499 .
1918 1467 2022 1499 con-

1454 1525 1645 1569 venient
1673 1560 1683 1569 .
1717 1560 1727 1569 .
1761 1561 1771 1571 .

1454 1608 1642 1652 tradent

1457 1751 1503 1793 in
1530 1750 1684 1806 *illis.¹)

1517 1822 1630 1865 Item
1678 1822 1804 1876 quod
1849 1822 2020 1877 prefati

1454 1893 1753 1947 presidentes
1821 1893 1870 1936 in
1939 1902 2022 1938 sua

1455 1964 1774 2019 assumptione
1834 1968 2023 2008 tenean-

1455 2039 1531 2079 tur
1558 2037 1729 2090 iurare,
1758 2036 1881 2090 quod
1907 2035 2022 2079 fide-

1456 2107 1565 2150 liter
1595 2110 1641 2151 et
1669 2107 1925 2162 diligenter
1951 2119 2022 2151 se-

1455 2178 1657 2221 cundum
1688 2177 1824 2222 deum
1854 2181 1901 2222 et
1927 2191 2022 2222 rec-

1454 2254 1547 2294 tam
1582 2249 1917 2293 conscienciam
1949 2262 2022 2294 su·

1457 2333 1529 2363 am
1553 2320 1709 2364 debite
1728 2323 2022 2375 exequentur

1456 2391 1667 2434 officium
1696 2405 1749 2435 ac
1773 2394 1913 2446 prout:
1935 2403 2021 2446 per

1456 2461 1700 2505 nacionem
1743 2460 2020 2505 deliberabi-

1455 2530 1572 2587 turb)
1595 2536 1642 2576 et
1656 2533 1959 2576 concludetur
1976 2534 2020 2574 et

1452 2603 1783 2648 nichilominus
1848 2602 2020 2658 specia-

1454 2674 1600 2729 literss)
1706 2675 2018 2728 astringentur

1452 2745 1581 2788 horis
1603 2748 1649 2789 et
1669 2745 1784 2789 locis
1801 2743 2016 2799 congruis

1452 2829 1537 2870 pro
1557 2816 1920 2870 congregacione
1940 2813 2016 2857 de-

1455 2889 1719 2940 putatorum
1794 2898 1877 2929 seu
1947 2883 2017 2928 de·
