2102 3444
292 152 373 194 136
824 151 848 184 I.
875 150 1086 185 Abschnitt.
1125 149 1525 194 Konzilstagebiicher.

291 281 390 310 curn
427 269 523 311 suis
558 269 850 321 sequacibus.
899 269 953 310 Et
988 281 1071 309 rex
1106 268 1328 310 tendebat
1363 268 1420 310 ad
1455 269 1776 310 differendum
1811 267 2058 311 eleccionis

290 338 531 392 negocium
566 338 828 392 requirens,
854 339 986 392 ‚quod
1022 339 1078 380 de
1113 339 1198 380 hoc
1232 338 1372 380 nichil
1408 343 1697 392 tractaretur,
1734 339 1881 381 donec
1912 338 2059 381 refor-

292 410 438 451 macio
470 413 597 451 esset
627 408 851 462 perfecta.

409 491 509 534 Hiis
543 494 699 533 tamen
734 491 901 533 diebus
938 491 1218 533 instantibus
1254 503 1279 533 a
1312 491 1630 533 cardinalibus
1665 494 1710 533 et
1745 490 1893 533 tribus
1928 490 2061 533 dictis

291 562 566 605 nacionibus
600 562 669 604 eis
703 562 1038 604 adherentibus
1070 561 1262 604 fuerunt
1294 561 1505 615 requisiti
1539 562 1677 614 cives,
1712 561 1836 614 quod
1867 573 2062 604 com-mo-

292 632 457 674 darent
487 645 701 686 magnam
734 632 918 674 domum
952 632 1184 685 publicam
1216 632 1412 675 civitatis
1443 633 1502 674 ad
1533 631 1798 674 faciendum
1830 632 2062 683 conclave,

293 716 434 756 super
466 716 556 756 quo
585 703 832 745 voluerunt
862 703 1038 745 habere
1071 715 1349 744 consensum
1381 703 1518 756 regis,
1549 703 1627 755 qui
1659 702 1771 745 dare
1804 703 2063 756 aliquantu-

294 775 387 816 lum
415 774 607 816 distulit.
648 774 682 815 F
685 773 874 815 inaliter
901 773 1152 815 consenciit
1178 776 1224 816 et
1250 773 1318 815 illi
1346 776 1677 815 concesserunt
1703 773 1889 815 domum
1915 776 1961 815 et
1986 785 2064 827 pa-

294 847 422 886 ratur
448 856 534 898 pro
561 844 780 886 conclavi.

414 927 500 968 Die
544 927 654 968 lune
698 926 820 968 XVI.
863 926 1060 979 Augusti
1102 926 1433 979 Aragonenses
1477 929 1521 968 et
1567 926 1943 979 Portugalenses,
1986 925 2064 979 qui

294 1000 485 1050 propter
513 996 854 1039 controversias
883 996 1117 1050 predictas
1147 996 1204 1038 de
1234 997 1534 1039 concessione
1564 1009 1725 1044 vocum
1754 996 2066 1049 Aragonensi-

294 1068 381 1110 bus
404 1071 450 1110 et
470 1067 597 1110 illius
619 1067 923 1109 revocacione
947 1067 1026 1109 diu
1047 1080 1097 1109 se
1122 1080 1147 1109 a
1162 1067 1356 1109 nacione
1373 1067 1624 1120 Hispanica
1640 1069 2065 1121 sequestraverant,

296 1139 354 1180 ad
378 1151 481 1181 eam
507 1141 612 1181 sunt
636 1139 829 1180 reversi.
867 1138 923 1180 Et
946 1138 1082 1180 aliter
1106 1137 1310 1180 nes-citur
1335 1138 1392 1179 de
1419 1137 1665 1180 concordia
1688 1137 1810 1180 inter
1834 1137 1955 1180 illos.

415 1220 713 1273 Compertum
736 1223 807 1262 est
831 1223 999 1273 autem,
1025 1220 1147 1273 quod
1172 1221 1240 1262 illi
1266 1220 1597 1273 Aragonenses
1621 1223 1668 1262 et
1690 1220 2067 1273 Portugalenses,

295 1292 372 1344 qui
404 1294 538 1333 erant
567 1303 729 1333 omnes
760 1291 901 1344 legati
931 1303 1094 1344 regum
1123 1290 1358 1344 Aragonie
1389 1293 1434 1332 et
1464 1291 1746 1344 Portugalie,
1777 1290 2069 1333 adherebant

296 1362 408 1415 regi,
441 1363 606 1404 saltem
636 1374 798 1404 omnes
829 1361 1233 1417 Portugalensesa)
1267 1364 1312 1403 et
1342 1374 1509 1414 magna
1540 1374 1650 1414 pars
1679 1360 2067 1414 Aragonensium.

297 1433 351 1474 Et
382 1434 490 1486 quia
520 1433 776 1475 Castellani
808 1435 854 1474 et
883 1432 1080 1474 Nauarri
1112 1432 1198 1475 soli
1229 1432 1451 1474 tenebant
1480 1432 1724 1474 nacionem
1754 1431 2068 1485 Hispanicam,

297 1504 373 1556 qui
405 1517 464 1545 ex
493 1506 586 1545 toto
614 1506 748 1546 erant
777 1516 879 1545 cum
907 1503 1226 1545 cardinalibus
1255 1506 1300 1544 et
1329 1502 1510 1544 duabus
1539 1501 1813 1545 nacionibus
1842 1501 1994 1545 Ytalie
2024 1505 2070 1545 et

299 1574 467 1627 Gallie,
505 1587 590 1616 rex
626 1575 905 1627 procuravit,
944 1574 1067 1627 quod
1105 1573 1187 1626 illi,
1226 1573 1334 1626 quia
1371 1573 1459 1616 sibi
1499 1572 1802 1626 adherebant,
1841 1573 2070 1615 intrarent

297 1644 554 1698 nacionem,
581 1657 640 1686 ne
669 1644 924 1688 Castellani
950 1648 996 1687 et
1022 1645 1219 1686 Nauarri
1247 1643 1471 1696 facerent,
1499 1643 1718 1697 quicquid
1742 1644 1934 1697 vellent,
1961 1643 2070 1697 quia

298 1716 507 1758 fideliter
538 1719 583 1758 et
613 1716 806 1757 multum
838 1715 1073 1758 instabant
1104 1715 1357 1757 accelerari
1390 1714 1687 1757 eleccionem.

417 1798 517 1841 Hiis
542 1798 707 1840 mediis
730 1798 1019 1851 temporibus
1045 1798 1251 1851 deputati
1278 1798 1478 1851 agebant
1502 1797 1558 1839 de
1584 1797 1926 1839 reformacione
1950 1796 2071 1839 circa

300 1882 469 1923 papam
506 1872 552 1911 et
588 1868 864 1913 cardinales

418 1951 738 1994 Pendentibus
767 1952 831 1994 sic
858 1952 1000 1994 rebus
1028 1951 1102 1993 die
1131 1951 1296 1993 XXIX.
1324 1950 1519 2004 Augusti
1548 1963 1633 1992 rex
1660 1949 1770 1992 fecit
1798 1949 2070 2004 congregari

300 2036 423 2075 suos,
454 2022 671 2064 videlicet
701 2022 1009 2075 patriarcham
1045 2022 1395 2076 Antiochenum,
1427 2022 1697 2074 episcopum
1728 2021 2071 2072 Patauiensem,

299 2093 615 2135 marchionem
645 2093 1117 2146 Brandeburgensem
1151 2096 1195 2134 et
1226 2092 1451 2145 quosdam
1484 2091 1600 2134 alios
1631 2091 1688 2133 de
1721 2091 1835 2144 suis;
1868 2090 1978 2133 item
2008 2091 2072 2132 le-

267 2168 429 2218 —gatos
463 2164 646 2217 Anglie,
682 2163 1216 2217 Aragonie,Portugalie,
1253 2163 1419 2204 ducum
1453 2161 1722 2216 Burgundie
1758 2165 1805 2204 et
1838 2161 2071 2205 Sabaudie

300 2238 346 2277 et
379 2235 604 2287 quosdam
638 2234 754 2277 alios
788 2235 886 2287 regi
922 2234 1218 2286 adherentes,
1253 2234 1330 2286 qui
1364 2235 1647 2275 vocaverunt
1678 2235 1774 2274 tres
1807 2231 2072 2275 cardinales

302 2306 537 2359 Pisanum,
569 2305 890 2347 Placentinum
920 2307 965 2346 et
1000 2304 1319 2346 Florentinum
1351 2307 1396 2345 et
1429 2306 1715 2356 aperuerunt
1747 2303 1817 2346 eis
1848 2315 1908 2344 ex
1939 2305 2071 2356 parte

302 2377 427 2430 regis
462 2389 601 2418 unam
637 2376 758 2418 viam
794 2375 1042 2418 eleccionis
1078 2374 1189 2417 satis
1226 2374 1488 2416 mirabilem
1525 2373 1747 2426 dicentes,
1785 2373 1909 2427 quod
1943 2373 2072 2416 illam

303 2450 595 2500 exponerent
621 2446 817 2499 collegio
844 2446 1163 2489 cardinalium.
1205 2445 1259 2487 Et
1285 2445 1498 2487 fecerunt
1524 2457 1605 2487 eos
1631 2444 1803 2498 iurare,
1829 2443 1954 2498 quod
1979 2456 2073 2486 non

305 2519 573 2560 revelarent
607 2520 653 2559 et
687 2517 848 2570 eciam,
885 2516 1007 2570 quod
1045 2516 1308 2558 cardinales
1347 2515 1486 2557 iidem
1522 2515 1745 2558 iurarent.
1793 2514 1944 2557 Aliter
1978 2527 2072 2557 non

305 2589 545 2642 aperirent
567 2588 649 2630 eis.
686 2588 782 2639 Que
806 2588 880 2630 via
904 2600 998 2628 non
1020 2588 1208 2640 ponitur
1229 2587 1301 2628 hic
1326 2600 1384 2629 ex
1410 2599 1561 2628 causa.
1597 2585 1689 2628 Sed
1713 2585 1819 2629 talis
1841 2588 1926 2639 est,
1950 2584 2072 2639 quod

304 2673 390 2713 per
412 2657 582 2713 illam¹’)
608 2659 766 2700 nullus
790 2661 948 2711 posset
971 2658 1078 2711 eligi
1105 2659 1151 2699 in
1175 2670 1359 2711 papam,
1382 2658 1473 2699 nisi
1498 2669 1636 2710 quem
1660 2669 1745 2698 rex
1767 2657 1924 2698 vellet.
1963 2655 2073 2698 Ideo

304 2730 568 2772 cardinales
598 2730 727 2771 illam
758 2730 898 2782 plane
930 2731 1264 2771 recusaverunt
1295 2731 1340 2770 et
1371 2727 1713 2781 prohibuerunt
1742 2739 1918 2779 omnes,
1951 2725 2074 2780 quod

304 2802 462 2843 nullus
498 2813 659 2843 eorum
693 2803 875 2841 teneret
910 2802 1151 2841 tractatum
1187 2811 1288 2840 cum
1325 2811 1435 2852 rege
1471 2798 1545 2840 vel
1582 2798 1693 2851 suis,
1726 2797 1816 2840 nisi
1854 2797 2073 2840 adessent

306 2872 513 2925 deputati
538 2871 675 2913 trium
700 2871 946 2912 nacionum
975 2870 1142 2922 Ytalie,
1168 2869 1320 2912 Gallie
1347 2872 1392 2911 et
1417 2869 1657 2922 Hispanie.
1695 2869 1751 2911 Et
1775 2869 1837 2910 ita
1862 2867 1951 2910 fuit
1975 2866 2073 2920 regi

306 2944 379 2984 vel
409 2942 505 2985 suis
531 2953 823 2994 responsum.

411 3059 441 3091 a)
462 3057 543 3091 fehlt
563 3059 599 3085 B.
637 3057 670 3089 b)
691 3064 749 3091 per
769 3056 860 3083 illam
881 3055 961 3089 fehlt
986 3057 1019 3084 B.
