2102 3444
235 144 290 186 72
756 144 782 178 I.
823 144 1033 178 Absehnitt.
1087 144 1487 190 Konzilstagebiicher.

237 262 443 315 Anglicis
476 275 662 315 semper
692 263 777 304 hec
811 263 1005 305 moleste
1037 263 1312 306 ferentibus.
1350 265 1400 306 In
1432 265 1523 308 hiis
1556 269 1709 308 autem
1741 265 1886 308 maior
1917 265 2005 308 fuit

236 332 508 386 difficultas,
545 334 653 385 quia
689 333 756 374 illi
794 334 1001 386 deputati
1039 333 1288 376 Germanic
1326 339 1371 376 et
1405 336 1573 388 Anglie
1609 336 1845 388 nolebant,
1881 333 2005 389 quod

236 404 356 445 inter
391 404 636 456 deputatos
670 405 932 456 generales,
968 405 1025 446 de
1061 405 1229 457 quibus
1262 405 1307 446 in
1344 406 1476 447 dictis
1510 407 1739 459 capitulis,
1776 407 1821 448 in
1855 406 2005 460 primo

237 474 466 527 videlicet,
490 475 545 517 fit
569 475 760 526 mencio,
783 479 941 517 essent
965 476 1106 528 aliqui
1131 476 1394 519 cardinales
1418 478 1635 520 timentes
1659 489 1859 530 semper,
1883 478 2004 530 quod

235 545 464 586 haberent
502 546 705 598 aliquan]
744 546 1076 597 auctoritatem,
1116 547 1315 588 maxime
1355 560 1440 600 per
1479 548 1664 589 modum
1702 547 1846 600 partis
1885 548 2005 590 iuste

237 617 432 669 quotess),
463 617 579 665 sicut
609 616 785 658 faciunt
814 616 1048 669 naciones,
1081 618 1186 659 licet
1216 618 1480 660 cardinales
1509 618 1727 659 dixerunt
1758 630 1854 671 ore,
1884 617 2007 672 quod

235 688 399 728 nolunt
432 687 634 740 aliquam
667 691 846 740 partem
880 688 1037 730 facere
1071 701 1156 741 per
1188 689 1373 731 modum
1405 693 1543 742 quote
1577 692 1646 731 set
1679 690 1828 731 solum
1862 688 2007 732 sciant

235 756 586 812 deliberandab)
622 760 668 800 in
700 759 895 801 concilio
927 760 1005 801 tali
1038 763 1263 813 tempore,
1296 760 1419 813 quod
1450 760 1630 813 possint
1661 759 1930 803 deliberare
1961 764 2007 803 et

237 829 407 882 dicere,
431 829 542 883 quid
564 829 931 872 deliberaverint
955 843 1005 872 ac
1029 843 1189 872 eorum
1214 831 1426 874 raciones
1450 834 1495 873 et
1519 832 1701 873 motiva.
1737 831 1858 884 Sepe
1882 831 2006 874 enim

236 900 452 942 conclusa
478 901 524 941 in
548 900 823 943 nacionibus
848 913 934 954 per
959 901 1170 943 raciones
1195 901 1501 944 cardinalium
1528 905 1700 944 mutata
1726 905 1831 944 sunt
1855 905 1901 944 et
1925 902 2008 945 ali-

236 970 421 1023 quando
455 983 514 1012 ex
542 973 640 1012 toto
675 971 878 1013 dimissa.
925 972 1003 1014 Set
1035 972 1175 1014 nichil
1212 972 1300 1014 fuit
1334 973 1614 1014 conclusum.

354 1041 462 1083 Post
484 1042 569 1083 hec
594 1042 732 1094 legati
757 1042 880 1095 regis
904 1043 1169 1095 Aragonum
1194 1043 1426 1095 dixerunt,
1451 1043 1574 1096 quod
1598 1043 1773 1085 vellent
1797 1056 1847 1086 se
1870 1044 2006 1085 unire
2050 1087 2060 1097 ,

235 1111 442 1163 concilio,
467 1125 559 1153 non
583 1115 738 1154 tamen
764 1116 984 1165 reputare
1009 1126 1115 1155 esse
1139 1115 1361 1166 generale
1387 1113 1646 1166 concilium,
1671 1125 1824 1167 neque
1851 1113 1924 1168 agi
1948 1113 2006 1156 de

235 1183 376 1226 rebus
408 1183 588 1225 concilii
621 1184 872 1236 generalis,
907 1184 1052 1226 donec
1086 1185 1301 1226 venirent
1334 1186 1472 1237 legati
1508 1185 1726 1237 Castelle,
1759 1184 2007 1227 dummodo

236 1266 320 1306 per
344 1254 588 1296 concilium
613 1253 786 1296 fierent
811 1254 879 1297 eis
905 1254 1012 1296 duo:
1052 1255 1258 1296 Primum
1283 1255 1407 1308 quod
1431 1256 1750 1308 assignaretur
1773 1256 1845 1299 eis
1869 1255 2007 1298 sedes

235 1337 336 1367 cum
361 1325 527 1378 legatis
553 1325 720 1379 Anglie
746 1325 1040 1378 interpolate,
1066 1327 1241 1368 scilicet
1266 1339 1386 1369 unus
1412 1327 1468 1368 de
1495 1327 1664 1379 Anglia
1689 1330 1734 1368 et
1758 1329 1862 1380 post
1885 1339 2007 1369 unus

237 1396 292 1437 de
315 1396 564 1450 Aragonia,
588 1399 632 1438 et
656 1396 717 1438 ita
742 1396 1016 1449 successive,
1041 1397 1262 1450 dicentes,
1288 1397 1411 1450 quod
1435 1397 1522 1438 fuit
1546 1397 1614 1439 eis
1638 1397 1810 1440 factum
1833 1397 1881 1439 in
1904 1410 2008 1440 con-

235 1467 341 1509 cilio
388 1466 570 1509 Pisano.
629 1466 841 1509 Secundo
887 1467 1010 1520 quod
1056 1467 1298 1509 concilium
1346 1467 1636 1520 decerneret,
1684 1468 1808 1521 quod
1852 1470 2007 1510 votum

236 1550 395 1580 eorum
419 1539 615 1581 haberet
640 1539 687 1580 in
712 1552 794 1581 sua
818 1540 1012 1580 nacione
1039 1539 1357 1581 auctoritatem
1382 1542 1427 1580 et
1452 1540 1659 1592 vigorem
1682 1542 1893 1581 votorum
1915 1551 2008 1581 om-

234 1608 361 1650 nium
394 1609 681 1662 prelatorum
717 1613 763 1651 et
797 1622 1104 1663 personarum
1140 1610 1560 1651 ecclesiasticarum
1598 1622 1848 1663 regnorum
1882 1610 2007 1664 regis

235 1681 468 1733 Aragonie
497 1683 541 1722 et
568 1680 772 1722 omnium
801 1681 1033 1722 dicionum
1063 1694 1266 1733 suarum,
1292 1682 1377 1723 hoc
1405 1684 1475 1723 est
1503 1694 1553 1723 ac
1581 1681 1619 1722 si
1648 1693 1810 1724 omnes
1836 1681 2007 1734 prelati

235 1754 394 1793 essent
419 1754 667 1804 presentes
695 1754 740 1793 et
768 1751 848 1794 illa
875 1755 980 1794 vota
1008 1751 1234 1803 dicerent3
1264 1753 1338 1793 vel
1368 1752 1491 1805 quod
1519 1752 1854 1794 decerneretur
1880 1751 2008 1805 ipsos

235 1835 320 1875 pro
342 1835 487 1876 regno
508 1823 789 1875 Aragonum,
811 1826 856 1864 et
877 1823 1045 1865 ceteris
1067 1824 1225 1876 regnis
1246 1826 1291 1864 et
1313 1822 1530 1866 dominiis
1553 1823 1650 1864 suis
1672 1822 1846 1865 faciant
1866 1834 2006 1865 unam

234 1894 491 1946 nacionem,
519 1894 636 1936 sicut
663 1893 842 1946 Anglici
870 1894 1045 1935 faciunt
1072 1907 1227 1946 unam,
1255 1895 1478 1946 dicentes,
1507 1893 1630 1946 quod
1655 1893 1747 1936 nisi
1774 1894 1863 1936 ista
1889 1892 2007 1936 fiant

236 1965 317 2018 eis,
343 1977 435 2007 non
461 1965 640 2018 possint
666 1965 863 2007 ulterius
890 1965 946 2006 ad
974 1965 1150 2017 aliquid
1175 1965 1447 2018 procedere,
1473 1965 1563 2007 nisi
1588 1964 1718 2018 prius
1745 1964 1924 2007 mittant
1948 1963 2007 2007 ad

235 2048 393 2089 regem
416 2048 563 2088 suum,
586 2039 631 2077 et
653 2048 794 2088 super
815 2036 899 2077 hoc
922 2035 1188 2077 mandatum
1211 2037 1268 2077 ab
1289 2049 1345 2077 eo
1364 2036 1581 2078 habeant.
1615 2035 1797 2088 Anglici
1819 2034 2006 2078 omnino

233 2107 630 2159 contradixerunt,
665 2107 886 2158 dicentes,
921 2107 1043 2159 quod
1076 2107 1235 2148 volunt
1268 2119 1397 2148 suam
1432 2110 1570 2148 totam
1605 2105 1915 2149 ambaxiatam
1949 2105 2006 2148 si-

235 2179 344 2231 mul,
370 2181 415 2220 et
442 2178 565 2231 quod
591 2177 678 2231 ipsi
708 2177 880 2219 debent
905 2177 1082 2219 habere
1108 2178 1308 2230 primum
1336 2177 1485 2219 locum
1513 2178 1559 2218 in
1586 2178 1777 2220 sinistra
1801 2179 1934 2231 parte
1961 2179 2005 2219 et

232 2250 397 2291 nolunt
427 2262 528 2291 cum
560 2249 628 2290 eis
661 2248 864 2301 aliquem
896 2248 1155 2290 admittere.
1202 2248 1357 2301 Legati
1392 2248 1515 2301 regis
1548 2247 1757 2301 Francie‚
1789 2247 1868 2301 qui
1899 2250 2006 2290 sunt

233 2321 372 2374 primi
398 2320 445 2362 in
471 2320 636 2362 dextra
661 2323 808 2373 parte,
835 2320 1103 2361 obtulerunt
1128 2319 1234 2361 illos
1261 2320 1438 2372 legatos
1464 2320 1588 2372 regis
1613 2319 1894 2372 Aragonum,
1919 2331 2006 2372 pro

235 2392 322 2434 ista
347 2392 447 2433 vice
473 2392 712 2433 dumtaxat
736 2404 836 2433 cum
863 2392 932 2433 eis
958 2390 1216 2432 admittere.
1254 2390 1467 2431 Nundum
1493 2393 1564 2432 est
1588 2389 1702 2432 finis
1727 2393 1774 2439 et
1796 2390 1903 2443 plus
1926 2390 2006 2432 ha-

234 2463 407 2505 bebant
446 2462 689 2505 dilacionis
728 2462 800 2504 isti
838 2463 976 2515 legati
1017 2462 1266 2514 Aragonie,
1305 2474 1442 2513 quam
1480 2461 1715 2514 petebant.
1771 2461 1861 2503 Ista
1899 2463 2006 2503 sunt

236 2533 385 2586 posita
411 2534 459 2575 in
483 2533 830 2575 deliberacione
857 2533 902 2573 in
928 2532 1216 2574 nacionibus.
1254 2532 1428 2573 Verum
1455 2532 1512 2573 de
1539 2531 1651 2574 sede
1678 2543 1840 2574 eorum
1866 2531 2006 2574 relin-

235 2605 391 2657 quitur
423 2605 586 2657 legatis
619 2617 779 2656 regum
809 2607 854 2645 et
883 2604 1160 2657 principum,
1191 2606 1238 2644 ut
1268 2603 1498 2644 interesse
1529 2603 1820 2645 conveniant.

355 2676 405 2717 In
437 2675 528 2718 hiis
560 2676 645 2717 hec
678 2678 924 2717 versantur
957 2674 1165 2727 pericula
1198 2676 1244 2715 et
1277 2673 1595 2715 difficultates.
1642 2673 1797 2716 Primo
1829 2674 1867 2716 si
1900 2685 2004 2715 con-

233 2747 438 2799 cedatur,
465 2747 587 2799 quod
616 2746 681 2788 illi
711 2746 864 2799 legati,
892 2746 970 2798 qui
996 2758 1088 2787 non
1117 2747 1221 2787 sunt
1247 2744 1338 2787 nisi
1366 2757 1463 2797 sex,
1490 2744 1663 2787 faciant
1688 2757 1827 2786 unam
1854 2743 2005 2786 nacio-

232 2831 353 2860 nem.
400 2819 463 2860 Ita
494 2819 631 2871 legati
665 2818 867 2860 Castelle
898 2817 1070 2859 faciant
1100 2816 1253 2867 aliam,
1284 2818 1328 2857 et
1357 2828 1458 2856 cum
1487 2827 1580 2857 non
1612 2815 1703 2857 sint
1734 2815 1780 2857 in
1809 2814 2003 2857 concilio

233 2889 323 2931 nisi
360 2893 569 2942 quatuor,
607 2889 697 2931 alie
736 2889 825 2930 due
863 2890 1013 2929 erunt.
1068 2887 1132 2929 Ita
1169 2887 1291 2939 quod
1328 2887 1566 2939 Hyspanie
1603 2886 1776 2928 faciant
1811 2886 2002 2928 terciam

234 2963 413 3013 partem
440 2960 635 3011 concilii,
661 2959 784 3012 quod
809 2963 880 3001 est
906 2958 1174 3010 absurdum,
1202 2970 1302 2999 cum
1329 2969 1421 2999 non
1450 2956 1540 2999 sint
1565 2956 1654 2999 nisi
1683 2956 1823 3011 legati
1848 2959 1894 3000 et
1919 2969 2002 3000 sex

335 3112 365 3141 a)
386 3112 472 3139 iuste
493 3112 592 3147 quote
613 3111 693 3145 fehlt
714 3112 744 3144 C',
768 3112 804 3138 D.
843 3112 874 3139 bi
901 3115 923 3139 (J
941 3110 1135 3138 deliberata.
