2227 3434
568 201 605 236 B.
642 202 719 237 Der
740 202 840 237 liber
859 204 1050 246 gestorum
1075 203 1143 236 des
1165 201 1407 236 Cerretanus.
1785 203 1866 246 281

105 321 382 374 periculosa,
413 323 586 362 attenta
618 319 979 373 indisposicione
1009 320 1050 361 d.
1082 320 1205 372 regis
1235 319 1516 372 Aragonum‚
1547 319 1624 372 qui
1654 319 1870 366 creditur,

106 392 229 445 quod
250 392 307 433 de
329 391 404 433 die
426 391 472 432 in
495 390 616 432 diem
639 390 807 433 debeat
829 391 886 432 ab
907 391 991 432 hac
1013 391 1104 432 vita
1127 390 1326 443 migrare
1349 403 1433 432 nec
1455 391 1593 432 etiam
1616 391 1726 442 vult,
1749 391 1869 443 quod

105 466 288 515 tempus
327 462 373 503 in
412 461 579 503 litteris
619 461 879 514 appositum
918 465 1085 514 currat,
1124 461 1214 502 nisi
1253 473 1278 502 a
1317 464 1541 513 tempore,
1581 473 1671 514 quo
1710 474 1870 503 omnes

106 533 221 575 salvi
247 532 497 575 conductus
520 535 657 573 erunt
681 533 952 584 presentati.
989 531 1140 582 Quare
1166 545 1204 573 v.
1230 544 1264 573 r.
1290 544 1334 584 p.
1362 532 1481 573 bene
1507 534 1701 584 possunt
1726 533 1871 573 consi-

105 603 287 655 derare,
316 606 537 656 quantum
565 605 747 656 tempus
775 606 846 644 est
872 602 1105 655 perditum
1134 615 1159 644 a
1188 603 1263 643 die
1292 602 1518 644 adventus
1547 602 1651 655 mei,
1680 602 1757 655 qui
1785 602 1871 644 fuit

104 674 225 716 XVI.
259 673 407 716 Martii
434 686 582 726 usque
612 673 670 715 ad
697 677 965 726 presentem
996 673 1117 715 diem
1146 677 1191 714 et
1220 673 1367 714 adhuc
1397 673 1504 714 dicti
1535 674 1650 715 salvi
1680 673 1872 715 conduc-

104 747 177 788 tus
202 757 295 787 non
322 747 427 787 sunt
454 745 620 797 portati
648 744 734 786 hic.
776 744 1000 786 Diabolus
1027 757 1118 785 non
1147 747 1297 786 cessat
1324 744 1538 785 laborare
1567 747 1612 785 et
1639 743 1870 786 seminare

104 814 339 867 zizaniam,
369 815 430 857 ita
461 815 584 868 quod
613 814 810 857 videatis
841 815 1115 868 periculum,
1146 814 1268 867 quod
1299 818 1370 856 est
1400 814 1444 855 in
1477 827 1604 857 mora
1637 849 1644 856 .
1681 848 1688 856 .
1725 848 1732 856 .
1777 815 1872 868 Ego

104 898 216 928 vero
240 885 313 928 hic
339 886 610 939 expectabo,
638 898 785 939 usque
814 898 905 938 quo
933 885 1038 927 dicti
1069 886 1184 928 salvi
1215 885 1466 927 conductus
1491 886 1801 938 portabuntur
1827 888 1873 927 et

105 959 352 1010 suppetent
417 956 675 999 facultates.
752 956 857 998 Alia
922 969 1014 998 non
1079 959 1336 998 occurrunt.
1415 956 1514 998 Dat.
1581 956 1871 998 Barchinone

107 1027 163 1070 ΙΙ.
192 1026 385 1081 Aprilis.

226 1110 423 1163 Insuper
452 1110 588 1151 revmi
617 1123 659 1163 p.
689 1109 928 1163 noveritis,
959 1110 1159 1162 qualiter
1193 1109 1273 1151 ΙΙΙ.
1304 1109 1379 1151 (1Ῐο
1409 1109 1546 1152 huius
1577 1109 1617 1151 d.
1649 1122 1731 1151 rex
1761 1110 1872 1151 Ara-

104 1193 272 1234 gonum
311 1180 516 1223 debitum
552 1184 717 1222 nature
757 1180 994 1233 persolvit.
1046 1181 1113 1222 De
1153 1193 1243 1233 quo
1282 1181 1473 1222 multum
1513 1184 1582 1223 est
1620 1181 1870 1222 dolendum

104 1252 396 1294 considerata
432 1252 553 1294 bona
588 1245 866 1304 intencione,
903 1264 1039 1304 quam
1076 1252 1133 1294 ad
1168 1251 1388 1293 unionem
1424 1252 1620 1294 ecclesie
1656 1252 1871 1294 habebat.

105 1322 383 1365 Provideant
416 1323 597 1375 igiturv.
630 1336 672 1376 p.
705 1323 762 1364 de
795 1323 927 1365 dictis
960 1323 1102 1365 salvis
1133 1322 1448 1375 conductibus,
1480 1322 1601 1375 quia,
1632 1322 1721 1364 nisi
1755 1323 1873 1364 cele-

106 1395 219 1436 riter
259 1394 461 1446 veniant,
502 1395 737 1447 negotium
781 1395 973 1436 multum
1017 1394 1285 1436 dilatabitur
1328 1397 1372 1436 et
1415 1394 1535 1435 forte
1579 1393 1871 1446 impedietur.

106 1465 205 1507 Dat.
234 1464 524 1507 Barchinone
554 1465 630 1507 die
664 1465 770 1506 IIII.
799 1465 989 1518 Aprilis.
1507 1465 1510 1467 ’

222 1547 373 1589 Revmi
409 1560 468 1601 p.,
501 1551 746 1600 postquam
783 1548 963 1601 scripsi,
1001 1548 1126 1589 venit
1162 1547 1247 1590 ista
1283 1548 1397 1590 hora
1432 1547 1757 1599 Guilionettus,
1794 1547 1869 1600 qui

106 1619 258 1661 salvos
287 1618 538 1661 conductus
567 1631 727 1672 regum
759 1619 966 1671 Francie,
996 1618 1212 1660 Lodovici
1242 1622 1378 1671 atque
1410 1618 1630 1671 Delphini
1660 1618 1871 1671 portavit.

106 1690 200 1744 Ego
227 1702 337 1732 vero
365 1690 491 1743 ipsos
519 1703 620 1733 cras
647 1690 703 1732 de
732 1703 866 1732 mane
895 1690 1178 1742 presentabo
1205 1693 1249 1731 et
1278 1690 1391 1742 ipsis
1419 1688 1699 1742 presentatis
1727 1692 1874 1731 trans-

106 1760 255 1802 feram
281 1773 353 1803 me
380 1761 438 1803 ad
466 1761 629 1813 locum,
655 1761 733 1802 ubi
761 1764 831 1803 est
858 1761 1208 1814 primogenitus,
1235 1761 1310 1813 qui
1341 1760 1542 1802 succedit
1570 1760 1614 1801 in
1644 1773 1801 1813 regno,
1830 1763 1871 1802 et

109 1831 167 1873 ibi
210 1832 341 1874 stabo
380 1835 424 1874 et
465 1832 705 1874 solicitabo
745 1835 965 1874 venturos
1005 1835 1049 1873 et
1089 1832 1270 1883 videbo,
1311 1844 1369 1873 ne
1411 1831 1587 1884 aliquid
1627 1831 1873 1873 innovetur

107 1906 296 1956 propter
334 1906 527 1945 mortem
567 1904 703 1956 regis.
758 1903 855 1944 Dat.
895 1903 1185 1944 Barchinone
1228 1902 1335 1944 ΙῙΙῘ.
1374 1902 1565 1955 Aprilis.

593 1985 645 2027 V.
672 1998 706 2027 r.
734 1999 776 2038 p.
804 1986 1002 2027 servitor
1028 1985 1267 2027 Johannes
1294 1985 1350 2026 de
1377 1984 1564 2037 Oppizis
1590 1984 1783 2026 auditor.

223 2079 307 2122 Die
335 2080 495 2122 martis
523 2080 681 2133 quinta
710 2080 884 2121 mensis
917 2079 1020 2121 Maii
1048 2080 1135 2122 fuit
1162 2079 1282 2122 facta
1310 2079 1612 2133 congregacio
1637 2079 1873 2132 generalis

107 2151 308 2192 omnium
346 2151 647 2204 prelatorum,
687 2151 1072 2193 ambassiatorum
1113 2185 1120 2192 .
1158 2185 1165 2191 .
1202 2189 1208 2194 .
1249 2151 1384 2193 solito
1422 2150 1660 2203 sessionis,
1699 2150 1745 2191 in
1784 2163 1872 2203 qua

107 2233 302 2274 surgens
334 2221 379 2263 in
411 2221 563 2264 medio
594 2222 880 2263 venerabilis
912 2234 1043 2263 sacre
1075 2222 1243 2274 pagine
1277 2221 1517 2274 professor
1551 2222 1769 2274 magister
1800 2221 1873 2262 Jo-

106 2291 285 2335 hannes
313 2293 370 2335 de
398 2291 631 2345 Yasonno,
661 2293 968 2335 cancellarius
996 2292 1193 2334 ecclesie
1223 2292 1517 2345 Parisiensis,
1548 2292 1873 2334 assistentibus

109 2362 196 2405 sibi
219 2364 316 2406 suis
342 2364 532 2417 collegis
558 2367 602 2406 et
628 2364 848 2406 advocato
874 2364 917 2404 in
945 2376 1082 2406 causa
1109 2363 1222 2405 fidei
1248 2376 1414 2405 novem
1441 2363 1755 2405 assercionum
1783 2375 1872 2404 ma-

107 2434 237 2485 gistri
259 2434 488 2477 Johannis
509 2435 644 2476 Parvi
666 2438 824 2477 contra
847 2435 889 2476 d.
912 2434 1074 2476 ducem
1099 2434 1380 2488 Burgundie,
1405 2435 1542 2487 longo
1565 2446 1780 2476 sermone
1804 2447 1873 2475 re-

107 2504 292 2557 spondit
321 2504 379 2547 ad
408 2505 527 2548 dicta
557 2518 642 2558 per
671 2505 712 2547 d.
743 2505 1011 2558 episcopum
1044 2505 1399 2547 Atrebatensem
1431 2505 1477 2546 in
1508 2505 1738 2558 superiori
1770 2517 1872 2546 con-

106 2576 380 2627 gregacione
413 2588 690 2629 causamque
726 2588 854 2618 suam
889 2589 938 2618 ac
973 2588 1239 2629 processum
1275 2576 1315 2617 d.
1350 2575 1556 2628 episcopi
1591 2575 1871 2617 Parisiensis

108 2644 251 2697 nisus,
289 2649 360 2689 est
399 2647 630 2689 sustinere
671 2647 883 2700 dictaque
924 2660 1009 2700 per
1047 2647 1246 2688 eundem
1289 2647 1330 2688 d.
1371 2646 1638 2699 episcopum
1681 2646 1871 2687 Atreba-

108 2718 284 2759 tcnsem
319 2729 681 2770 processumque
720 2717 917 2759 iudicum
953 2718 1131 2760 concilii
1169 2718 1300 2759 nisus
1335 2721 1406 2759 est
1441 2717 1727 2770 impugnare.
1774 2716 1869 2767 Quo

108 2785 244 2828 etiam
271 2787 312 2829 d.
340 2787 507 2841 Symon
537 2788 785 2831 advocatus
812 2788 1021 2831 eiusdem
1049 2789 1314 2830 cancellarii
1343 2788 1648 2829 confirmavit.

226 2869 339 2912 ltem
381 2871 423 2912 d.
466 2870 706 2914 Johannes
748 2870 1013 2924 prepositus
1055 2870 1569 2924 Quinqueecclesiensis
1612 2869 1870 2911 ascendens

109 2939 351 2982 ambonem
380 2941 496 2983 lecta
525 2941 723 2994 quedam
754 2942 908 2984 littera
938 2941 1226 2983 serenissimi
1258 2941 1299 2983 d.
1329 2941 1453 2993 regis
1483 2940 1792 2982 Romanorum
1825 2940 1867 2981 in

109 3020 245 3052 causa
277 3010 606 3064 Argentinensi
642 3013 906 3065 prorogavit
939 3025 997 3053 ex
1032 3015 1163 3064 parte
1196 3011 1374 3053 concilii
1410 3011 1655 3052 terminum
1692 3010 1734 3051 in
1771 3010 1867 3062 ipsa

108 3090 244 3123 causa
271 3080 329 3124 ad
356 3081 478 3126 diem
508 3083 687 3126 sabbati
716 3083 928 3136 proxime
956 3082 1158 3125 futuram
1187 3086 1231 3124 et
1259 3080 1593 3135 pronunciavit,
1623 3080 1743 3134 quod
1774 3093 1867 3122 rev.
