2102 3444
278 169 360 212 116
812 168 835 202 l.
864 168 1073 204 Abschnitt.
1115 168 1512 213 Konzilstagebiicher.

276 285 550 338 gonensium
576 287 620 327 in
646 298 806 328 mense
829 286 1037 329 Octobris
1062 287 1223 329 ultimo
1246 290 1291 329 et
1314 288 1563 330 univerunt
1588 300 1651 340 se,
1669 299 1826 340 regern
1842 290 1887 330 et
1902 300 2045 342 regna

278 357 481 399 Castelle
523 360 567 398 et
609 357 825 410 Legionis
868 370 917 399 ac
959 358 1111 399 omnia
1154 371 1236 400 sua
1277 358 1480 401 dominia
1520 372 1652 401 sacro
1695 359 2046 401 Constanciensi

276 427 470 469 concilio
495 428 748 469 secundum
777 428 972 470 formam
1000 429 1305 481 capitulorum
1332 429 1546 471 Narbone
1574 429 1791 471 initorum
1816 432 1861 471 et
1885 430 2044 483 vigore

275 499 581 550 procuratorii
610 501 654 540 et
681 499 883 540 mandati
911 498 1017 540 dicti
1046 500 1169 551 regis
1197 498 1400 541 Castelle
1425 513 1510 553 per
1536 513 1616 542 eos
1643 500 1837 542 exhibiti
1861 503 1907 542 et
1932 500 2046 554 pub-

277 569 362 611 lice
388 568 504 611 lecti.
543 569 686 611 Cuius
709 572 842 611 tenor
866 569 971 611 talis
995 572 1082 611 est:

391 639 631 682 ι10113111163
661 639 744 680 1)61
776 641 928 693 gracia
961 652 1043 681 rex
1075 640 1278 682 Castelle
1308 644 1353 682 et
1382 640 1579 694 legionis
1611 675 1618 682 .
1655 676 1662 683 .
1699 675 1706 682 .
1739 641 1806 685 Jo.
1837 641 2043 683 Joannes

274 709 332 751 de
365 710 617 763 Velasco.¹)

398 793 508 834 Item
551 797 653 846 post
697 793 922 835 dictorum
968 794 1224 847 legatorum
1268 795 1487 835 unionem
1533 794 1620 847 ipsi
1665 794 2044 847 approbaverunt

274 863 639 905 subtraccionem
675 864 947 906 obediencie
985 865 1152 907 factam
1188 865 1326 907 Petro
1361 865 1417 906 de
1454 865 1584 907 Luna
1618 877 1703 918 per
1739 877 1897 925 regem
1931 865 2044 906 Ara-

271 947 440 986 gonum
469 938 513 979 et
542 934 761 976 dixerunt
790 935 907 977 alias
935 936 1102 977 factam
1130 948 1215 989 per
1244 949 1400 989 regem
1431 935 1635 978 Castelle
1664 936 1747 978 sed
1773 948 1866 978 non
1894 935 2044 988 publi-

271 1008 431 1057 catam,
462 1004 598 1058 quam
631 1006 777 1047 eciam
809 1006 865 1047 de
897 1019 1018 1048 novo
1048 1007 1281 1048 faciebant
1313 1010 1358 1048 et
1389 1006 1703 1060 publicabant.
1748 1007 1802 1048 Et
1831 1006 2043 1048 fecerunt

273 1077 361 1129 legi
401 1077 580 1118 litteras
618 1076 725 1118 dicti
764 1078 888 1129 regis
926 1077 1130 1119 Castelle
1169 1078 1214 1118 in
1253 1078 1431 1130 vulgari
1472 1077 1721 1130 Hispanico
1759 1089 1901 1130 super
1938 1077 2043 1120 sub-

271 1147 526 1189 straccione
558 1147 730 1188 dudum
762 1147 896 1189 facta.

387 1230 495 1271 Post
520 1230 604 1271 hec
629 1233 673 1271 et
699 1233 945 1282 antequam
971 1230 1102 1272 nacio
1128 1231 1377 1283 Hispanica
1402 1234 1494 1273 tota
1521 1230 1804 1283 approbaret
1829 1229 2040 1272 cedulam

269 1300 590 1353 cardinalium,
620 1313 702 1342 rex
733 1301 1044 1342 Romanorum
1073 1301 1195 1343 misit
1225 1301 1282 1343 ad
1312 1301 1519 1354 singulas
1546 1301 1767 1343 naciones
1795 1304 1840 1343 et
1868 1300 2042 1343 scilicet

269 1371 326 1412 ad
365 1371 663 1424 Hispanicam
703 1371 782 1414 ivit
821 1372 1134 1424 personaliter
1173 1372 1231 1414 ad
1269 1372 1619 1425 requirendum,
1659 1372 1782 1425 quod
1821 1371 2041 1414 decerne-

270 1445 398 1484 retur
437 1442 597 1484 citacio
636 1446 796 1484 contra
836 1443 1025 1484 Petrum
1065 1442 1121 1484 de
1163 1443 1293 1485 Luna
1335 1442 1392 1484 ad
1433 1443 1713 1485 audiendam
1754 1441 2038 1485 sentenciam

269 1513 326 1554 ad
357 1513 479 1554 diem
511 1512 636 1565 lune,
667 1513 873 1566 vigiliam
903 1513 1219 1566 apostolorum
1250 1513 1375 1555 Petri
1405 1516 1450 1555 et
1481 1513 1628 1565 Pauli,
1658 1516 1704 1555 et
1733 1512 1899 1555 obtulit
1927 1512 2040 1555 dare

268 1595 450 1624 ornnem
481 1583 789 1637 securitatem,
819 1584 942 1637 quod
969 1587 1124 1626 tamen
1153 1587 1258 1626 ante
1288 1584 1477 1626 nolebat
1505 1583 1698 1626 offerre.
1741 1584 1802 1626 Et'
1823 1583 1881 1626 ad
1911 1583 2039 1626 illam

266 1654 508 1696 nacionem
543 1654 839 1707 Hispanicam
874 1655 1005 1697 duxit
1038 1668 1193 1697 secum
1227 1654 1538 1708 patriarcham
1572 1654 1926 1707 Antiochenum,
1960 1654 2038 1707 qui

268 1726 509 1778 proposuit
539 1738 597 1767 ex
626 1729 758 1778 parte
787 1725 995 1768 nacionis
1026 1726 1281 1780 Gallicane,
1311 1738 1400 1778 que
1430 1725 1572 1767 nichil
1602 1726 1790 1778 sciebat,
1820 1728 1865 1767 et
1894 1738 1921 1768 a
1949 1737 2039 1778 qua

267 1796 442 1837 eiectus
472 1799 517 1837 et
546 1795 768 1848 privatus.
813 1788 952 1838 Duxit
983 1797 1127 1838 eciam
1159 1797 1536 1849 archiepiscopos
1566 1795 1859 1838 Bisuntinum
1890 1798 1934 1838 et
1963 1795 2039 1837 Vi-

267 1878 525 1908 ennensem
554 1880 639 1919 pro
668 1866 832 1908 eadem
863 1867 1075 1912 nacione:
1109 1870 1153 1908 et
1183 1867 1298 1908 dixit
1328 1879 1427 1919 rex,
1457 1866 1580 1920 quod
1609 1879 1703 1909 non
1731 1866 1950 1908 veniebat
1979 1878 2038 1908 ex

266 1940 397 1990 parte
423 1937 561 1979 totius
586 1937 808 1989 nacionis,
836 1937 918 1979 sed
943 1951 1001 1979 ex
1018 1940 1149 1990 parte
1166 1937 1367 1990 illorum,
1384 1937 1461 1990 qui
1477 1936 1656 1979 suntde
1672 1937 1884 1990 imperio.
1923 1937 2037 1978 Item

266 2007 398 2049 duxit
430 2008 487 2050 de
519 2007 713 2050 nacione
747 2007 926 2050 Ytalica
962 2007 1358 2050 Mediolanensem
1394 2008 1794 2062 archiepiscopum
1827 2010 1873 2050 et
1904 2019 2038 2061 quos-

267 2078 372 2120 dam
401 2079 533 2130 alios,
562 2079 618 2119 de
649 2078 817 2131 quibus
846 2079 992 2120 eciam
1019 2079 1152 2120 nacio
1183 2079 1359 2121 Ytalica
1388 2079 1528 2120 nichil
1550 2078 1750 2130 ·sciebat;
1780 2078 1855 2120 isti
1883 2080 2036 2120 autem

266 2161 427 2191 omnes
455 2152 615 2190 tenent
644 2152 801 2202 partes
831 2149 954 2202 regis
983 2152 1027 2190 et
1057 2150 1144 2191 sibi
1174 2149 1508 2202 obsequuntur.
1551 2148 1653 2190 Fuit
1682 2161 1958 2202 responsum
1989 2147 2036 2190 in

266 2220 459 2272 Ytalica,
484 2219 663 2261 Gallica
686 2223 731 2261 et
756 2219 1032 2261 Germanica
1057 2219 1344 2271 nacionibus,
1369 2219 1492 2272 quod
1517 2219 1849 2261 deliberarent.
1888 2218 2036 2261 Dabat

267 2294 420 2332 autern
460 2303 543 2332 rex
583 2289 794 2332 ordinem
834 2290 878 2331 in
919 2291 1061 2332 rebus
1099 2290 1332 2342 gerendis,
1371 2302 1508 2342 quem
1548 2290 1789 2332 observari
1830 2288 2033 2331 volebat:

265 2361 387 2413 quod
421 2361 571 2414 primo
603 2361 835 2402 eiceretur
870 2361 1034 2402 Petrus
1069 2360 1126 2401 de
1161 2360 1309 2411 Luna3
1346 2360 1550 2402 secundo
1584 2359 1725 2402 fieret
1757 2359 2035 2401 reformacio

264 2431 311 2473 in
345 2444 466 2484 papa
499 2435 543 2472 et
577 2431 783 2473 Romana
817 2432 958 2483 curia,
995 2432 1040 2472 in
1077 2443 1167 2483 quo
1202 2430 1523 2483 intelliguntur
1558 2429 1839 2482 cardinales;
1876 2430 2034 2482 tercio,

265 2501 431 2544 ceteris
492 2502 689 2543 servatis
748 2501 1181 2553 reformacionibus,
1241 2501 1575 2553 procederetur
1634 2501 1692 2542 ad
1751 2501 2033 2542 eleccionem

267 2584 400 2626 pape,

383 2643 436 2684 Et
465 2642 733 2694 notandum,
763 2643 884 2695 quod
916 2655 998 2684 rex
1029 2642 1274 2684 videbatur
1304 2643 1366 2684 sic
1397 2654 1552 2695 agere,
1582 2642 1714 2695 quasi
1743 2644 1869 2684 esset
1899 2644 2034 2694 caput

265 2717 309 2755 et
339 2712 590 2766 dispositor
622 2713 802 2754 concilii
834 2716 879 2754 et
909 2713 967 2754 ad
996 2713 1079 2754 hoc
1111 2713 1313 2755 habebat
1346 2712 1553 2755 fautores
1585 2725 1692 2755 suos
1723 2711 2032 2765 patriarcham

265 2783 602 2825 Antiochenum
630 2787 674 2825 et
700 2784 876 2836 legatos
903 2784 1032 2826 ducis
1059 2783 1327 2836 Burgundie
1352 2787 1397 2825 et
1423 2783 1646 2835 quosdam
1675 2782 1791 2825 alios
1817 2782 2028 2836 paucosfl)

265 2854 321 2895 de
368 2854 561 2896 nacione
610 2853 777 2905 Gallie,
825 2854 1223 2907 archiepiscopum
1276 2854 1672 2895 Mediolanensem
1719 2852 1941 2906 precipue
1987 2854 2033 2893 et

369 3010 398 3033 21)
421 3012 544 3038 paucos
567 3026 571 3030 .
593 3025 598 3030 .
622 3024 627 3031 .
649 3005 789 3031 maxime
810 3004 890 3037 fehlt
913 3006 948 3031 Β.

383 3066 413 3108 ¹)
445 3065 563 3099 Ilurdt
593 3065 657 3105 ll',
691 3066 796 3107 13:57,-
827 3065 951 3099 Mansi
980 3064 1138 3105 ΧΧΙἸΙ,
1171 3064 1269 3098 1127.
