2102 3444
286 144 370 188 132
820 143 845 178 Ι.
871 144 1083 179 Abschnitt.
1122 143 1522 188 Konzilstagebiicher.

285 274 371 314 pro
400 274 511 315 rege
542 261 724 315 Anglie.
767 261 859 304 Sed
888 265 991 315 post
1020 265 1116 305 tres
1148 263 1250 305 dies
1280 275 1500 305 reversus
1531 266 1601 305 est
1633 266 1677 305 et
1708 263 1824 304 dixit
1854 263 2055 316 publice,

285 331 408 385 quod
435 332 665 374 resideret
692 331 982 385 Constancie‚
1009 333 1155 374 donec
1181 336 1306 375 esset
1331 333 1442 376 finis
1468 337 1512 375 et
1536 346 1658 387 papa
1682 334 1872 377 electus

404 402 489 444 Die
512 403 729 444 mercurii
752 403 968 445 XXVIII.
992 403 1103 445 Julii
1127 416 1249 446 anno
1272 404 1522 446 millesimo
1544 403 1865 446 CCCC⁰XVII⁰
1886 406 1931 446 et
1951 416 2056 446 con-

285 473 375 515 cilii
399 475 542 516 tercio
564 473 684 515 sedit
706 474 949 516 concilium
972 487 1073 516 cum
1096 475 1423 527 solempnitate
1446 478 1490 517 et
1511 475 1719 528 presedit
1739 473 1986 527 Ostiensis;
2010 476 2056 516 et

284 543 475 586 fuerunt
497 545 614 586 lecte
637 547 681 586 et
702 544 1006 597 pronunciate
1029 544 1228 598 quedam
1250 545 1576 587 revocaciones
1599 544 1914 587 concessionis
1933 545 2054 587 facte

284 615 667 668 Aragonensibus
693 615 750 657 de
775 615 981 668 vocibus,
1007 616 1064 657 de
1091 628 1180 669 qua
1206 629 1366 669 supra;
1392 620 1583 669 propter
1608 628 1744 669 quam
1771 615 1933 669 plures
1956 615 2055 657 fue-

284 688 390 727 runt
421 684 667 728 discordie.
712 677 1128 739 EtAragonenses
1159 690 1265 728 ante
1297 690 1342 729 et
1373 690 1475 740 post
1505 687 1746 739 protestati
1780 689 1900 739 sunt,
1932 685 2055 740 quod

284 768 376 797 non
403 755 765 798 consenciebant
790 760 835 798 et
863 757 919 798 de
946 757 1176 799 nullitate.
1216 757 1270 799 Et
1295 760 1599 799 cessaverunt
1626 770 1651 799 a
1679 756 1873 799 concilio
1898 759 1944 799 et
1971 769 2055 799 sua

283 827 478 868 nacione
505 826 598 868 diu.
637 827 692 869 Et
718 827 917 880 quedam
945 828 1050 881 alia,
1078 840 1273 881 quorum
1299 831 1512 870 tenorum
1540 831 1772 870 secuntur.

399 897 649 950 Postquam
689 910 774 939 rex
813 910 1034 941 reversus
1073 902 1143 941 est
1182 899 1375 940 multum
1415 900 1626 941 turbatus
1666 911 1751 952 pro
1789 899 2053 940 remocione

282 967 545 1020 patriarche
568 968 626 1010 ab
648 968 809 1010 officio
831 981 1030 1022 camere,
1048 970 1317 1011 convocavit
1340 969 1414 1011 die
1437 969 1666 1011 dominica
1688 969 1838 1022 prima
1858 968 2053 1023 Augusti

281 1038 338 1080 de
369 1051 505 1080 mane
535 1038 834 1091 presidentes
864 1042 910 1081 et
939 1039 1185 1102 deputatos
1216 1041 1421 1082 omnium
1451 1040 1697 1082 nacionum
1728 1040 1774 1081 in
1804 1040 1905 1082 loco
1933 1039 2055 1082 naci-

281 1109 384 1151 onis
408 1108 675 1162 Germanie,
700 1112 745 1151 et
769 1109 832 1151 ibi
857 1123 942 1152 rex
966 1111 1280 1163 personaliter
1306 1111 1430 1153 stetit
1455 1111 1513 1153 ad
1537 1110 1750 1153 hostium.
1788 1110 1927 1153 Venit
1950 1122 2054 1164 pre-

282 1179 442 1222 sidens
478 1179 630 1224 Ytalie
668 1183 713 1222 et
749 1180 892 1233 aliqui
929 1181 1136 1234 deputati
1172 1181 1298 1224 illius
1334 1181 1543 1224 nacionis
1579 1181 1825 1223 credentes
1863 1182 2052 1223 intrare.

280 1250 380 1292 Rex
405 1251 583 1304 petivit,
611 1263 702 1304 quo
727 1250 839 1304 ibat3
869 1251 998 1304 dixit,
1025 1252 1148 1305 quod
1173 1265 1232 1293 ex
1259 1256 1391 1306 parte
1419 1253 1544 1305 regis
1570 1252 1816 1295 mandatus
1842 1255 1942 1294 erat
1969 1252 2051 1304 ibi;

280 1333 365 1363 rex
396 1322 639 1375 respondit
670 1335 778 1375 non,
810 1325 855 1364 et
886 1335 979 1364 non
1010 1323 1224 1376 permisit
1256 1323 1445 1365 intrare.
1495 1323 1621 1364 Idem
1653 1323 1763 1365 fecit
1794 1321 2052 1376 presidenti

279 1395 325 1434 et
355 1392 587 1445 deputatis
619 1392 772 1434 Gallie
803 1396 848 1435 et
877 1392 1123 1449 Hispanie3
1157 1406 1272 1446 quos
1303 1397 1456 1436 autem
1488 1394 1687 1446 volebat,
1720 1393 2055 1439 intromittebat

282 1463 403 1515 illos,
445 1462 662 1505 videlicet
702 1463 781 1516 qui
821 1466 981 1516 part-es
1023 1464 1125 1506 eius
1169 1464 1500 1517 sequebantur,
1542 1464 1854 1517 patriarcham
1895 1463 2053 1506 Antio-

279 1533 490 1586 chenum,
528 1533 940 1587 Mediolanensem,
974 1534 1281 1587 Bisuntinum,
1315 1534 1634 1577 Viennensem
1667 1538 1714 1576 et
1746 1535 1909 1588 plures
1944 1547 2052 1577 suos

279 1616 518 1657 sequaces.
562 1604 617 1646 Et
648 1605 712 1646 ibi
743 1604 831 1647 fuit
862 1605 950 1648 sibi
982 1608 1263 1658 suggestum,
1295 1605 1419 1658 quod
1450 1618 1662 1658 magnam
1693 1605 1897 1647 habebat
1925 1608 2053 1658 pote-

280 1677 444 1716 statem
473 1675 520 1716 in
548 1675 741 1717 concilio
767 1676 979 1728 generali
1009 1676 1122 1717 sede
1151 1677 1404 1729 apostolica
1432 1679 1638 1729 vacante,
1667 1679 1713 1718 et
1741 1676 1941 1729 allegata
1970 1675 2052 1718 ali·
2096 1682 2102 1684 ⁷

279 1757 370 1797 qua
393 1745 599 1798 decreta,
626 1745 794 1798 quibus
818 1746 1047 1799 suggestis
1073 1746 1130 1788 de
1155 1747 1247 1788 levi
1273 1746 1482 1789 credidit.
1520 1747 1575 1788 Et
1599 1746 1778 1799 dicitur,
1802 1746 1926 1799 quod
1949 1746 2050 1799 ipse

279 1815 467 1857 illorum
495 1818 817 1869 suggestorum
845 1816 1004 1870 vigore
1033 1816 1143 1858 fecit
1172 1817 1484 1870 patriarcham
1512 1817 1853 1858 Antiochenum
1884 1817 2051 1858 locum-

276 1889 513 1928 tenentem
541 1890 586 1928 et
613 1886 812 1939 quedam
840 1888 946 1939 alia,
963 1887 1020 1928 de
1037 1888 1206 1940 quibus
1223 1887 1433 1930 scribens
1448 1900 1540 1929 non
1555 1887 1697 1929 habet
1710 1886 2050 1929 certitudinem.

396 1957 655 2010 Collegium
681 1957 986 1999 cardinalium
1013 1961 1151 2010 atque
1178 1958 1474 2011 presidentes
1500 1962 1545 2000 et
1571 1957 1779 2011 deputati
1803 1958 2050 2000 nacionum

277 2026 445 2081 Ytalie,
473 2027 626 2070 Gallie
655 2030 700 2070 et
725 2027 951 2080 Hispanie
980 2028 1274 2071 attendentes
1302 2029 1621 2070 turbacionem
1651 2029 1776 2082 regis
1804 2031 1849 2070 et
1877 2030 2048 2070 motum

277 2097 418 2140 animi
449 2101 587 2151 atque
617 2097 727 2140 talia
757 2098 951 2140 consilia
981 2111 1066 2151 per
1096 2099 1341 2141 circularia
1372 2099 1769 2151 deliberaverunt,
1801 2098 1924 2152 quod
1955 2098 2050 2141 adi·

278 2171 382 2210 rent
407 2180 565 2221 regem
591 2168 649 2210 ad
675 2168 1005 2221 exponendum
1033 2169 1120 2210 sibi
1149 2170 1230 2211 illa
1256 2169 1423 2221 omnia,
1451 2182 1539 2222 que
1565 2169 1742 2211 fecerat
1767 2169 1813 2210 in
1839 2169 2048 2221 concilio,

276 2251 336 2280 ex
362 2239 530 2292 quibus
557 2238 831 2281 turbabatur
857 2239 1100 2281 concilium
1127 2243 1170 2281 et
1197 2239 1599 2282 scandalizabatur
1626 2240 1750 2281 intus
1775 2243 1821 2281 et
1846 2239 1977 2292 foris,
2003 2242 2048 2281 et

276 2308 647 2362 supplicandum,
678 2309 841 2363 quoda)
877 2322 901 2351 a
932 2309 1104 2351 talibus
1136 2322 1185 2352 se
1217 2310 1474 2352 abstineret
1505 2313 1551 2351 et
1581 2310 1871 2363 permitteret
1902 2309 2048 2352 conci-

276 2380 389 2421 lium
426 2379 729 2421 communiter
764 2383 809 2421 et
844 2379 1134 2421 concorditer
1170 2392 1324 2432 agere,
1360 2383 1692 2433 cessarentque
1728 2381 1909 2434 privata
1944 2392 2047 2422 con-

275 2449 395 2504 cilia,
427 2453 475 2492 ut
508 2450 657 2491 libere
690 2450 829 2491 fieret
861 2450 1033 2492 eleccio
1065 2462 1200 2503 pape,
1233 2454 1277 2492 et
1310 2451 1410 2503 ipse
1443 2453 1647 2504 optatum
1679 2453 2047 2504 consequeretur

274 2520 513 2562 honorem.
544 2520 673 2571 Quod
706 2520 919 2562 fecerunt
951 2520 1025 2562 die
1058 2522 1167 2562 lune
1204 2521 1257 2564 II.
1290 2521 1499 2574 Augusti.
1545 2521 1600 2563 Et
1629 2521 1870 2574 proposuit
1900 2520 2046 2563 cardi-

273 2591 396 2633 nalis
426 2590 738 2633 Florentinus.
781 2591 880 2632 Rex
909 2591 1048 2644 peciit
1079 2591 1167 2633 sibi
1198 2591 1298 2633 dari
1331 2592 1377 2632 in
1409 2591 1606 2645 scriptis,
1638 2594 1687 2633 ut
1716 2591 2042 2644 responderet,

274 2664 319 2703 et
344 2660 486 2702 nichil
513 2660 619 2714 plus
647 2664 753 2702 tunc
780 2660 1034 2714 respondit.

392 2731 446 2773 Et
474 2731 742 2783 notandum,
773 2732 895 2784 quod
925 2731 1015 2773 duo
1045 2732 1307 2773 cardinales
1336 2731 1628 2785 Gregoriani,
1660 2731 1969 2774 Bononiensis
1999 2734 2044 2773 et

273 2800 511 2854 Senensis,
546 2814 571 2843 a
605 2802 681 2843 die
715 2802 869 2844 oblate
904 2802 1067 2844 cedule
1102 2802 1408 2844 cardinalium
1443 2815 1585 2855 super
1619 2802 1755 2844 modo
1787 2801 2043 2853 electionis,

273 2884 362 2924 que
389 2871 477 2913 fuit
504 2872 550 2913 in
579 2872 735 2924 vigilia
763 2873 1092 2925 penthecostis‚
1119 2872 1334 2914 XXVIII.
1368 2873 1487 2925 Maii,
1515 2876 1561 2915 et
1587 2875 1693 2914 ante
1721 2875 2043 2926 sequestrave-

273 2945 379 2984 runt
404 2954 454 2984 se
480 2955 505 2984 a
530 2942 727 2995 collegio
751 2942 1056 2984 cardinalium
1082 2946 1343 2984 ceterorum
1367 2946 1413 2985 et
1438 2946 1689 2985 tenuerunt
1713 2945 1893 2996 partem
1917 2943 2041 2996 regis

339 3047 369 3079 a)
390 3046 459 3072 hier
479 3047 556 3072 setzt
578 3046 605 3071 B
624 3046 741 3072 wieder
761 3046 809 3072 ein
