2102 3444
236 135 319 178 108
764 136 789 170 I.
824 137 1034 171 Abschnitt.
1081 136 1480 182 Konzilstagebiicher.

236 263 543 304 personarum
572 254 678 295 licet
704 267 796 296 non
823 258 949 296 esset
976 255 1296 308 impertinens,
1323 257 1634 309 equanimiter
1660 270 1752 299 non
1780 257 2005 300 omittunt.

236 323 332 373 Qua
366 323 553 375 quidem
586 324 928 366 certificacione
962 326 1206 378 prehabita
1240 330 1449 369 oratores
1482 328 1652 381 prefati
1687 340 1737 370 se
1769 328 1930 370 unient
1962 331 2008 370 et

237 392 598 446 incorporabunt
626 395 818 437 concilio
845 399 889 437 et
916 397 1053 438 simul
1080 397 1137 438 ad
1165 397 1332 449 onmia,
1359 410 1447 450 que
1474 411 1558 451 per
1586 399 1735 451 ipsum
1763 399 2007 441 concilium

237 464 417 516 agenda
443 468 561 517 sunt,
586 478 735 518 usque
761 467 818 508 ad
843 467 1126 509 eleccionem
1153 468 1377 510 inclusive
1404 469 1657 521 procedent
1682 482 1733 511 ac
1759 469 1904 523 illum,
1929 471 2005 523 qui

237 535 315 586 sic,
343 538 392 577 ut
419 536 713 589 premittitur,
741 538 1031 579 concorditer
1059 542 1104 580 et
1129 540 1350 581 canonice
1378 540 1520 582 fuerit
1548 541 1724 582 electus
1751 540 1797 581 in
1824 552 2008 594 papam,

237 617 398 646 verum
437 610 481 647 et
519 607 703 648 unleum
744 608 998 650 Romanum
1038 609 1307 662 pontificem
1347 610 1533 651 nomine
1572 610 1677 652 dicti
1718 610 2009 653 serenissimi

237 677 361 729 regis
391 676 593 719 Castelle
622 678 848 730 recipient
876 692 982 720 eum
1012 693 1111 722 cum
1141 680 1330 723 effectu.

355 747 530 789 Eadem
558 748 910 791 dixerunt'dicti
941 751 1079 803 legati
1109 751 1150 792 d.
1179 751 1276 804 regi
1305 755 1350 793 et
1376 752 1694 794 cardinalibus
1720 755 1766 794 et
1789 752 2008 795 omnibus

237 817 524 870 nacionibus,
547 819 592 860 in
614 820 783 872 quibus
806 820 996 862 fuerunt
1019 821 1205 864 diverse
1228 822 1486 875 opiniones.
1522 823 1621 864 Rex
1637 823 1949 873 Romanorum
1964 826 2009 865 et

238 888 456 931 naciones
484 888 750 942 Germanie,
778 891 946 944 Anglie
973 895 1018 934 et
1044 893 1269 946 Hispanie
1296 897 1547 935 tenuerunt
1574 893 1771 946 primam
1797 893 2008 936 cedulam

239 963 282 1000 et
313 960 686 1013 reprobaverunt
717 962 983 1015 secundam,
1014 964 1147 1005 nacio
1180 964 1357 1006 Ytalica
1388 967 1475 1006 stat
1506 965 1553 1006 in
1585 964 1808 1017 pendenti
1839 968 1886 1007 et
1915 977 2009 1007 non

237 1030 534 1083 determinat;
561 1033 695 1074 nacio
722 1032 899 1075 Gallica
924 1035 1072 1076 tenuit
1098 1035 1349 1077 secundam
1375 1038 1420 1076 et
1446 1035 1714 1088 reprobavit
1739 1035 1950 1089 primam.

356 1102 409 1143 Et
446 1103 715 1156 notandum,
753 1104 875 1156 quod
912 1104 1152 1147 dicebatur
1189 1109 1233 1147 et
1271 1106 1550 1148 credebatur
1588 1119 1613 1148 a
1651 1106 1808 1149 multis
1844 1106 2010 1149 dictam

238 1173 434 1225 primam
463 1174 676 1216 cedulam
703 1176 915 1228 capciose
945 1177 1258 1229 compositam,
1287 1180 1332 1218 et
1359 1176 1693 1230 compositores
1722 1178 1897 1219 sentire
1925 1190 2011 1231 per

239 1244 431 1285 verbum
460 1244 724 1288 cardinales
750 1258 844 1287 non
873 1259 1049 1299 omnes,
1080 1248 1162 1289 sed
1190 1247 1370 1300 aliquos
1400 1248 1583 1290 futuros
1613 1249 1658 1289 in
1688 1247 1938 1301 eleccione,
1966 1250 2011 1290 et

239 1315 414 1358 scilicet
434 1319 497 1357 tot
519 1317 683 1369 solum,
705 1320 814 1370 quot
835 1318 892 1359 de
915 1331 1007 1360 una
1027 1318 1237 1371 nacione,
1259 1319 1320 1360 ita
1343 1319 1465 1371 quod
1488 1319 1696 1371 quelibet
1717 1318 1850 1361 nacio
1870 1322 2012 1372 ponat

238 1389 413 1428 certum
439 1400 685 1429 numerum
713 1389 981 1442 electorum,
1009 1392 1053 1431 et
1079 1389 1324 1442 collegium
1353 1389 1660 1431 cardinalium
1686 1390 1827 1432 talem
1854 1401 2013 1431 nume-

239 1471 340 1499 rum
369 1458 690 1512 cardinalium,
718 1461 904 1512 qualem
933 1473 1025 1502 una
1052 1461 1186 1502 nacio
1214 1461 1271 1502 de
1302 1461 1398 1503 suis
1428 1460 1694 1514 suppositis.
1735 1461 1829 1502 Hoc
1856 1464 2012 1503 tamen

239 1529 457 1583 nescitur,
486 1530 577 1572 nisi
605 1531 714 1583 quia
742 1530 866 1573 fama
895 1534 977 1574 est.
1020 1531 1157 1574 Fiunt
1185 1531 1308 1573 enim
1337 1533 1474 1584 plura
1502 1532 1678 1574 occulta
1705 1531 1899 1574 consilia
1927 1543 2014 1585 per

239 1613 412 1653 paucos
436 1614 536 1643 cum
561 1614 686 1655 rege,
711 1615 800 1655 que
826 1603 1018 1644 multum
1043 1606 1259 1656 suspecta
1282 1606 1389 1644 sunt
1413 1603 1531 1644 aliis.

356 1672 507 1725 Super
539 1673 783 1725 premissis
815 1673 993 1716 cedulis
1026 1674 1155 1716 varie
1188 1677 1234 1715 et
1266 1674 1497 1716 contrarie
1530 1673 1776 1726 opiniones
1807 1672 2010 1716 fuerunt.

242 1743 339 1784 Rex
365 1757 465 1785 cum
491 1744 765 1787 nacionibus
791 1744 1042 1786 Germanie
1068 1748 1113 1787 et
1137 1745 1304 1798 Anglie
1330 1745 1552 1786 tenebant
1578 1745 1776 1798 primam
1801 1744 2013 1786 cedulam

240 1818 285 1856 et
316 1815 567 1857 secundam
600 1816 946 1868 impugnabant.
990 1816 1215 1858 Naciones
1247 1816 1400 1858 Ytalie
1431 1819 1476 1857 et
1507 1815 1661 1858 Gallie
1691 1815 1915 1858 tenebant
1945 1827 2015 1857 se-

240 1886 436 1928 cundam
482 1890 526 1928 et
570 1887 768 1938 primam
816 1887 1190 1940 impugnabanta)
1239 1890 1473 1940 tamquam
1519 1886 1796 1940 capciosam;
1842 1886 2015 1938 Arago-

241 1970 414 1999 nenses
453 1958 722 1999 nitebantur
763 1958 1013 2000 secundam
1053 1959 1288 2011 corrigere
1327 1962 1372 2000 et
1410 1961 1608 2009 mutare3
1650 1960 1720 2000 set
1759 1956 2013 1999 secundum

242 2028 553 2070 intencionem
577 2029 715 2081 regis,
736 2029 807 2070 cui
830 2029 1069 2082 hucusque
1093 2029 1329 2080 faverunt3
1354 2030 1592 2071 mutabant
1614 2028 1809 2070 verbum
1831 2027 2014 2080 collegii

241 2100 549 2141 cardinalium
575 2103 620 2141 et
647 2101 746 2142 loco
774 2100 874 2141 eius
890 2100 1126 2152 ponebant
1142 2100 1335 2141 verbum
1353 2100 1618 2142 cardinales
1633 2102 1678 2141 et
1693 2098 1892 2152 quedam
1908 2097 2013 2140 alia.

361 2170 636 2213 Cardinales
666 2170 880 2213 videntes
910 2171 994 2212 has
1025 2171 1382 2222 controversiaS,
1413 2174 1457 2212 et
1487 2170 1610 2223 quod
1639 2169 1779 2223 legati
1810 2169 2013 2212 Castelle

243 2254 293 2283 se
320 2254 412 2283 non
439 2242 627 2283 unirent
651 2242 740 2283 nisi
768 2241 1010 2283 certificati
1038 2242 1095 2283 de
1124 2242 1258 2283 modo
1285 2241 1548 2294 eleccionis,
1575 2244 1620 2282 et
1647 2240 1846 2282 maxime
1873 2252 2015 2294 quan-

243 2316 336 2354 tum
368 2313 425 2355 ad
455 2313 698 2365 electores,
726 2316 771 2354 et
801 2313 923 2365 quod
954 2312 1096 2365 aliqui
1127 2312 1410 2354 adherentes
1440 2313 1537 2365 regi
1569 2311 1756 2354 diversa
1785 2311 2016 2353 machina-

244 2387 412 2436 menta,
439 2387 487 2425 ut
515 2384 768 2434 dicebatur,
796 2384 1044 2435 faciebant,
1073 2386 1117 2424 et
1144 2382 1406 2435 timebatur,
1435 2382 1557 2435 quod
1586 2382 1693 2424 dicti
1723 2382 1862 2435 legati
1891 2393 2016 2423 rece-

245 2455 424 2507 derent,
459 2455 535 2507 qui
571 2458 662 2496 tam
698 2454 774 2495 din
812 2454 998 2496 fuerant
1029 2454 1275 2507 expectati,
1310 2457 1354 2495 et
1389 2453 1449 2495 ita
1483 2466 1576 2495 non
1611 2456 1736 2496 esset
1768 2452 1878 2495 unio
1910 2465 2015 2506 per-

244 2526 379 2578 fecta,
406 2526 655 2567 timebatur
681 2526 841 2577 eciam,
869 2525 991 2577 quod
1018 2538 1103 2578 per
1130 2524 1487 2577 impressionem
1515 2525 1590 2566 vel
1615 2524 1861 2566 tumultum
1888 2535 2016 2566 assu-

246 2600 450 2638 meretur
474 2609 608 2648 unus,
632 2609 736 2648 ymo
760 2595 1078 2638 intruderetur
1103 2596 1148 2637 in
1174 2608 1360 2648 papam;
1386 2595 1443 2637 ad
1467 2595 1749 2637 obviandum
1772 2593 2016 2648 premissis

245 2667 467 2720 periculis
488 2671 533 2710 et
553 2667 906 2709 certificandum
928 2668 1104 2720 legatos
1127 2666 1330 2708 Castelle
1352 2666 1409 2708 de
1433 2666 1567 2708 modo
1589 2665 1852 2717 eleccionis,
1874 2676 2017 2718 quan-

244 2742 337 2780 tum
364 2738 411 2779 in
436 2738 753 2780 cardinalibus
779 2741 893 2790 erat,
917 2741 964 2779 ut
989 2738 1076 2790 ipsi
1104 2737 1242 2790 legati
1267 2749 1315 2779 se
1341 2737 1529 2778 unirent
1554 2736 1761 2789 concilio,
1785 2735 2016 2780 delibera-

246 2813 412 2850 verunt
448 2822 590 2850 unum
627 2821 916 2850 communem
954 2808 1138 2850 modum
1177 2807 1494 2849 cardinalibus
1531 2810 1576 2849 et
1613 2807 1781 2850 ceteris
1818 2807 1875 2848 de
1913 2818 2017 2848 con-

246 2880 366 2933 cilio,
388 2881 464 2933 qui
487 2880 686 2922 inferius
708 2880 1040 2931 declarabitur3
1062 2883 1108 2921 et
1129 2879 1185 2920 ad
1210 2879 1339 2920 illum
1361 2878 1547 2920 modum
1568 2878 1665 2931 regi
1685 2877 2016 2930 exponendum

245 2950 627 3004 significaverunt
660 2951 764 3003 sibi,
780 2950 903 3003 quod
918 2950 1136 2992 volebant
1152 2949 1304 2991 eidem
1321 2948 1610 3001 respondere
1627 2960 1769 3002 super
1785 2948 2017 3001 requestis

349 3036 382 3083 a]
405 3055 435 3089 ζ’,
457 3036 506 3081 DJ
525 3035 735 3089 resziuebant.
