2102 3444
198 138 255 179 44
721 139 744 172 1.
787 138 997 172 Abschnitt.
1051 137 1450 183 Konzilstagebiicher.

199 260 365 298 euntes
394 269 536 309 super
563 269 649 299 nos
677 269 825 309 usque
854 257 911 298 ad
941 258 1137 299 vulnera
1166 257 1392 301 ferientes
1421 259 1467 299 in
1495 262 1695 300 castrum
1724 258 1781 300 de
1810 258 1970 301 Saucis

200 327 430 368 violenter
457 327 578 369 ducti
608 327 783 370 fuimus
810 331 855 370 et
882 327 1032 369 statim
1062 328 1288 381 pecuniis,
1315 330 1449 382 equis
1476 333 1521 371 et
1548 330 1757 371 vestibus
1785 328 1971 382 spoliati

201 397 361 450 peiora
383 401 698 450 expectantes.
732 399 857 440 Hora
878 398 1013 441 tertia
1034 402 1137 452 post
1158 399 1406 452 prandium
1427 400 1469 442 d.
1491 400 1699 453 episcopi
1719 403 1971 452 sequentes

201 481 285 510 nos
318 469 480 521 peiora
514 470 641 522 passi
678 472 796 511 sunt.
844 470 954 511 Nam
992 470 1111 511 inter
1144 482 1225 512 eos
1260 471 1478 513 sacerdos
1513 483 1632 512 unus
1668 471 1853 513 obcisus
1888 473 1972 524 est,

130 589 134 593 ι
202 539 390 591 plurimi
422 540 628 581 sauciati.
674 540 740 581 De
772 541 945 582 nostris
978 543 1130 582 autem
1163 541 1290 583 solus
1321 554 1441 583 unus
1475 541 1693 583 sacerdos
1726 541 1896 584 vulnus
1926 541 1974 583 in

201 610 351 662 capite
383 610 544 652 habuit
573 613 618 652 et
647 611 712 652 hii
745 624 907 653 omnes
937 614 1030 654 tota
1060 615 1193 654 nocte
1226 613 1438 665 equitare
1469 612 1610 654 coacti
1643 615 1762 654 sunt.
1807 611 1973 665 Sicque

203 681 315 722 hora
342 682 479 723 tertia
504 685 608 734 post
634 682 837 723 medium
863 682 1010 725 noctis
1035 686 1236 724 castrum
1263 683 1553 725 intraverunt
1578 686 1622 724 et
1648 683 1713 724 ibi
1739 682 1975 736 predones

203 752 355 793 statim
389 753 583 805 predam
618 753 774 806 partiti
811 757 917 795 sunt
950 754 1326 807 redempcionem
1363 754 1636 796 ulteriorum
1672 753 1975 796 ducentorum

203 822 380 864 milium
409 823 714 875 postulantes.
755 823 959 866 Sceleris
986 824 1124 867 huius
1153 825 1211 867 ab
1240 825 1310 866 eis
1340 825 1568 877 originem
1599 824 1852 877 querimus.
1893 824 1976 866 Pa-

205 894 295 935 lam
327 894 484 936 dicunt
514 893 678 936 ducem
709 894 992 947 Burgundie.
1036 895 1198 938 Salvos
1229 895 1480 937 conductus
1510 894 1821 948 imperatoris,
1851 895 1976 949 regis

207 965 399 1006 Francie
422 965 711 1018 legacionem
732 978 758 1007 a
777 967 973 1008 concilio
995 967 1041 1008 in
1063 966 1266 1008 medium
1288 979 1373 1020 pro
1394 970 1554 1009 nostra
1576 967 1724 1008 salute
1746 965 1976 1020 ponimus,

204 1049 288 1078 nos
316 1036 460 1078 ituros
486 1036 659 1078 Niciam
687 1049 772 1090 pro
799 1049 864 1089 re,
891 1050 981 1090 que
1007 1040 1151 1079 totum
1178 1037 1400 1079 mundum
1427 1037 1629 1090 respicit,
1656 1037 1976 1091 allegavimus.

205 1107 300 1148 Hec
329 1107 483 1149 omnia
511 1107 640 1149 flecti
669 1107 857 1149 faciunt.
899 1107 991 1150 Res
1021 1107 1122 1161 ista,
1152 1112 1199 1150 ut
1228 1121 1253 1150 a
1283 1109 1324 1150 d.
1356 1108 1577 1150 Barrensi
1607 1108 1898 1161 cognoscitur
1927 1120 1978 1150 se

206 1178 418 1220 homines
448 1177 615 1231 impios
646 1191 984 1231 suspensurum
1015 1182 1060 1221 et
1090 1182 1291 1221 castrum
1322 1180 1476 1221 statim
1507 1179 1858 1231 subversurum,
1886 1179 1978 1221 nisi

207 1249 358 1291 statim
380 1250 497 1292 salvi
520 1252 565 1292 et
585 1250 715 1303 pleni
737 1250 1008 1303 exierimus,
1031 1251 1164 1292 iurat.
1200 1250 1299 1293 Hiis
1315 1250 1485 1292 auditis
1501 1250 1661 1292 ductor
1675 1252 1835 1292 noster
1849 1250 1976 1303 nosa)

207 1321 265 1362 ab
287 1320 484 1362 invicem
506 1323 706 1373 separat.
741 1320 999 1363 Diviciores
1020 1333 1136 1374 quos
1157 1321 1369 1373 credidit,
1391 1333 1546 1363 secum
1567 1320 1741 1363 eduxit.
1777 1321 1980 1363 Fortuna

207 1391 308 1445 fuit,
331 1392 455 1444 quod
478 1392 612 1445 equis
635 1391 725 1434 iam
749 1392 978 1445 dispersis
1002 1395 1047 1434 et
1070 1392 1127 1434 de
1152 1395 1302 1434 castro
1325 1392 1504 1434 eductis
1529 1392 1576 1434 in
1600 1394 1751 1434 castro
1774 1392 1979 1434 remansi

207 1463 254 1504 in
294 1464 546 1505 crastinum
585 1476 687 1505 cum
726 1463 864 1505 sociis
902 1464 1019 1506 meis
1058 1463 1274 1506 omnibus
1313 1466 1508 1516 excepto
1547 1463 1769 1516 magistro
1807 1462 1981 1505 Jacobo

210 1534 429 1587 Despars,
462 1534 540 1587 qui
573 1534 807 1576 dominam
838 1534 976 1577 castri
1008 1546 1292 1587 puerperam
1324 1547 1483 1587 egram
1514 1534 1719 1587 curabat,
1751 1533 1800 1575 in
1831 1534 1980 1576 locum

208 1606 326 1648 mira
352 1606 686 1659 profunditate,
715 1608 879 1659 artum,
907 1604 1051 1660 cumb)
1082 1618 1229 1659 parvo
1256 1606 1432 1647 lumine
1460 1608 1506 1647 et
1534 1617 1644 1647 aere
1672 1604 1891 1658 pessimo,
1918 1607 1982 1647 te-

208 1680 329 1719 trum
362 1680 407 1720 et
438 1677 650 1731 fetidum,
682 1677 744 1719 ita
776 1680 824 1719 ut
856 1677 934 1718 vix
968 1677 1059 1719 duo
1090 1676 1304 1719 homines
1337 1676 1519 1718 duobus
1551 1675 1719 1719 diebus
1749 1676 1980 1728 viverent3

209 1748 363 1790 videte
390 1761 515 1802 ergo,
542 1748 653 1801 quid
679 1749 855 1801 viginti.
895 1748 1008 1790 Cum
1034 1748 1174 1790 corda
1198 1751 1244 1790 et
1267 1748 1434 1790 baculo
1460 1746 1594 1801 quasi
1618 1748 1738 1789 latro
1763 1746 1982 1789 dimissus

211 1833 325 1862 sum.
379 1819 683 1872 Prosequitur
724 1819 983 1872 asperrime
1026 1820 1068 1861 d.
1110 1819 1359 1861 Barrensis
1400 1818 1736 1860 liberacionem
1776 1821 1982 1860 nostram

210 1894 254 1933 et
283 1904 385 1933 cum
414 1891 565 1944 primo
593 1891 678 1932 hec
707 1890 936 1933 dominica
964 1903 1087 1933 nona
1116 1890 1243 1932 Junii
1272 1891 1486 1943 sciverat,
1515 1889 1590 1931 die
1620 1889 1732 1932 lune
1759 1901 1846 1943 per
1874 1901 1984 1932 suos

212 1966 412 2004 castrum
465 1962 661 2004 obsidet.
728 1961 981 2014 Capitanus
1034 1965 1194 2003 noster
1247 1961 1426 2015 aufugit
1478 1964 1523 2004 et
1575 1960 1650 2003 die
1702 1959 1863 2003 martis
1916 1972 1985 2002 se-

213 2034 372 2086 quenti
418 2034 602 2075 inclitus
648 2033 741 2074 dux
785 2033 831 2074 in
873 2032 1065 2085 propria
1109 2032 1166 2074 ad
1210 2035 1410 2074 castrum
1455 2032 1651 2074 veniens
1693 2044 1779 2073 nos
1822 2043 1984 2073 omnes

211 2104 373 2146 eduxit
401 2107 446 2146 et
474 2104 548 2145 die
578 2104 792 2156 proxima
821 2106 1022 2145 castrum
1052 2104 1328 2145 subversum
1357 2106 1427 2144 est
1455 2103 1616 2156 paucis
1645 2102 1782 2144 bonis
1811 2101 1984 2143 ibidem

213 2175 415 2228 repertis
449 2175 506 2217 de
541 2174 646 2227 hiis,
682 2187 771 2228 que
807 2188 832 2216 a
866 2174 1002 2216 nobis
1038 2175 1245 2216 latrones
1281 2173 1349 2215 illi
1383 2176 1652 2226 rapuerant.
1699 2171 1906 2214 Tandem
1941 2172 1984 2214 d.

213 2247 458 2300 episcopos
488 2249 533 2288 et
563 2258 658 2299 eos,
690 2246 768 2299 qui
798 2258 823 2287 a
852 2245 988 2287 nobis
1020 2244 1224 2298 separati
1254 2244 1455 2296 fuerant,
1486 2257 1572 2297 per
1603 2243 1745 2286 silvas
1774 2246 1820 2285 et
1849 2242 1984 2285 devia

214 2317 368 2360 omnia
403 2318 614 2370 perquiri
654 2317 781 2359 iubet
817 2320 862 2358 et
896 2329 982 2358 nos
1019 2317 1066 2357 in
1102 2315 1228 2357 villis
1266 2315 1362 2357 suis
1398 2318 1444 2357 et
1479 2315 1619 2357 terris
1654 2313 1984 2356 honestissime

213 2391 376 2431 tractat
414 2391 551 2441 atque
590 2387 925 2430 humanissime
965 2399 1111 2440 equos
1150 2399 1243 2428 non
1285 2387 1433 2428 solum
1473 2385 1810 2439 principalibus
1849 2385 1986 2427 nobis

216 2463 286 2502 set
310 2460 447 2501 etiam
474 2459 785 2501 familiaribus
811 2459 983 2501 nostris
1010 2458 1311 2500 distribuens.
1351 2457 1605 2510 Episcopos
1631 2469 1656 2499 a
1682 2456 1798 2498 duce
1824 2455 1987 2498 Lotha-

216 2531 366 2584 ringie
398 2530 445 2572 in
476 2531 594 2572 silva
624 2532 837 2583 repertos
870 2528 944 2571 die
977 2529 1207 2571 dominica
1238 2527 1415 2570 decima
1448 2530 1579 2570 sexta
1611 2526 1737 2570 Junii
1767 2526 1815 2568 in
1847 2538 1986 2568 manu

217 2614 300 2644 sua
331 2601 534 2654 suscepit
563 2604 608 2643 et
637 2613 723 2643 nos
753 2613 855 2642 cum
886 2601 956 2643 eis
986 2600 1033 2641 in
1063 2600 1176 2642 villa
1207 2612 1291 2642 sua
1322 2599 1525 2651 retinuit,
1557 2610 1647 2656 que
1678 2597 1846 2640 dicitur
1874 2597 1987 2639 villa

217 2673 361 2715 sancti
391 2673 642 2715 Michaelis.
686 2671 880 2714 Ministri
906 2672 1045 2713 huius
1072 2671 1265 2713 sceleris
1291 2673 1397 2713 sunt
1421 2669 1641 2712 officiarii
1668 2669 1798 2710 ducis
1823 2668 1988 2710 Lotha-

217 2743 380 2796 ringie,
405 2744 497 2796 qui,
523 2746 571 2785 ut
595 2743 704 2785 dicit
729 2743 929 2796 publice,
954 2755 1046 2784 non
1072 2742 1128 2783 de
1146 2740 1362 2783 mandato
1378 2753 1475 2793 suo,
1492 2743 1561 2782 set
1577 2739 1634 2781 de
1648 2739 1867 2781 mandato
1883 2738 1988 2780 sub-

218 2814 421 2867 sigillato
440 2827 465 2856 a
487 2814 602 2855 duce
625 2813 892 2866 Burgundie
916 2814 998 2855 hec
1021 2813 1247 2854 fecerunt.
1282 2812 1399 2853 Ymo
1421 2814 1465 2853 et
1487 2813 1730 2864 postquam
1752 2809 1987 2852 fortunam

217 2885 335 2927 hanc
379 2884 628 2926 infaustam
672 2884 919 2938 evasimus,
963 2884 1185 2936 scriptum
1228 2886 1298 2925 est
1339 2895 1424 2936 per
1466 2882 1672 2923 nobilem
1713 2880 1987 2934 principem,

219 2955 348 2997 cuius
370 2967 540 2997 nomen
563 2954 738 3008 ignoro,
762 2955 803 2996 d.
828 2954 1064 3007 Barrensi,
1087 2953 1210 3007 quod
1230 2965 1317 3006 per
1341 2951 1660 2995 Cabochianos
1684 2952 1852 2994 iterum
1874 2951 1987 2993 alibi

263 3040 311 3041 W*
325 3039 515 3093 alfililjtT,
530 3060 568 3086 D.
608 3060 640 3087 b»
662 3065 735 3086 cum
757 3080 761 3085 .
784 3080 788 3084 .
812 3081 816 3086 .
836 3058 982 3094 pessimo
1004 3057 1087 3091 fehlt
1107 3058 1138 3092 C',
1163 3058 1201 3085 D.
