2227 3434
708 151 798 184 1415
819 151 919 194 Sept.
945 152 988 184 15
1012 172 1053 176 .-
1078 150 1178 194 Sept.
1201 150 1256 185 23.
1781 152 1866 195 419

99 269 341 323 discretus,
384 269 508 311 fidus
550 269 798 321 interpres,
841 269 979 310 iudex
1021 269 1379 322 circumspectus
1420 269 1864 323 ultraprogrediens.

99 339 302 382 Obsecro
324 373 332 381 .
368 373 376 381 .
412 374 420 382 .
443 343 490 382 ut
510 339 681 382 solacio
702 343 746 381 et
765 340 959 381 consilio
980 340 1218 381 frueretur
1240 340 1487 382 illustrium
1511 340 1728 393 virorum,
1751 353 1865 393 quos

97 410 295 452 ecclesia
329 410 621 452 convenienti
656 410 880 451 vocabulo
915 410 1179 452 cardinales
1213 414 1355 452 vocat.
1403 411 1477 452 Hii
1513 414 1745 464 tamquam
1779 411 1866 452 viri

98 480 438 534 religiosissimi
474 481 765 533 aliarumque
800 482 1103 522 ecclesiarum
1138 481 1382 534 preduces,
1419 481 1481 523 sic
1516 482 1640 523 enim
1678 495 1757 523 eos
1794 495 1867 523 ve-

98 553 196 594 tera
224 551 324 594 iura
349 551 641 593 decretorum
667 552 921 604 appellant,
949 552 1038 593 sint
1065 564 1089 592 e
1116 551 1315 594 diversis
1342 552 1610 605 regionibus
1639 553 1684 593 in
1710 552 1866 594 debito

98 633 292 663 numero
318 622 375 663 ad
402 622 522 664 latus
546 635 666 675 pape
694 625 740 663 ut
765 623 960 663 ecclesie
987 622 1250 665 cardinales
1276 623 1543 664 assumendi
1573 657 1579 665 .
1616 657 1623 664 .
1661 657 1668 664 .

214 715 362 757 Radix
398 728 509 757 vero
544 728 635 757 non
670 715 874 758 caritatis
911 720 980 758 set
1017 716 1175 758 livoris
1211 717 1539 768 procacissima
1576 716 1866 769 quorundam

97 785 322 828 adversus
355 790 520 828 statum
556 786 686 828 istius
719 787 976 828 beatissimi
1009 787 1192 839 collegii
1226 799 1285 828 ex
1315 800 1372 828 eo
1402 788 1678 840 provenisse
1712 787 1866 829 existi-

97 860 247 899 matur
274 858 396 911 qula,
423 857 530 899 dum
555 857 766 910 patribus
794 857 907 910 ipsis
934 870 1035 898 cum
1062 858 1253 910 presule
1282 870 1459 899 summo
1486 871 1642 900 curam
1668 858 1867 911 gerenti-

96 927 183 970 bus
218 928 501 970 universalis
535 928 731 969 ecclesie
767 928 924 980 porcio
958 928 1240 969 conveniens
1277 929 1469 970 Romani
1504 928 1770 982 patrimonii
1805 929 1868 970 le-

94 997 352 1051 gittimique
383 998 577 1052 presidii
609 998 822 1040 ordinata
855 999 926 1050 sit,
959 999 1122 1040 modus
1155 1033 1163 1040 .
1199 1032 1207 1040 .
1244 1033 1252 1040 .
1284 999 1566 1051 provisionis
1597 999 1733 1041 valde
1765 1011 1868 1041 con-

95 1068 228 1112 fusus
262 1068 741 1122 indeterminatusque
775 1069 862 1110 sibi
896 1072 939 1111 et
971 1069 1168 1110 ecclesie
1200 1070 1390 1112 nocivus
1423 1070 1708 1112 introductus
1740 1071 1862 1124 est.¹)

97 1140 179 1182 Hic
219 1152 311 1181 non
353 1140 532 1181 habens
574 1140 695 1181 inter
736 1152 817 1182 eos
858 1141 1018 1191 esurit,
1060 1141 1195 1181 alteri
1238 1153 1349 1181 vero
1393 1140 1695 1183 immoderata
1734 1141 1867 1194 copia

95 1222 328 1264 nauseam
344 1210 479 1263 parit,
505 1214 554 1252 ut
579 1210 862 1263 quidemmet
889 1211 1045 1252 doctor
1070 1211 1269 1252 eximius
1296 1224 1346 1252 ac
1373 1211 1588 1264 egregius
1614 1211 1866 1253 cardinalis

95 1281 409 1334 epistolariter
443 1284 619 1334 tractat,
655 1281 778 1334 quod
815 1281 921 1323 inde
958 1285 1097 1322 ruunt
1132 1281 1309 1333 domus,
1345 1285 1617 1323 evertuntur
1651 1282 1866 1333 claustra,

95 1355 295 1404 pereunt
322 1351 546 1405 redditus,
575 1352 908 1405 extinguuntur
939 1364 1106 1405 mores,
1137 1352 1457 1394 diminuuntur
1487 1352 1698 1394 monachi
1729 1355 1866 1406 atque

95 1422 269 1475 publici
302 1426 512 1465 oratores
546 1423 917 1476 fraudanturque
951 1422 1239 1464 fundatores.
1290 1423 1383 1476 Ipsi
1416 1423 1659 1476 regulares
1693 1424 1866 1476 quippe

95 1496 140 1535 et
170 1493 312 1535 ceteri
342 1505 509 1546 greges
540 1494 663 1535 omni
694 1497 903 1546 tempore
935 1494 1136 1546 pastoris
1170 1493 1239 1536 sui
1271 1494 1514 1546 privantur
1547 1497 1737 1547 aspectu
1769 1531 1775 1538 .
1813 1528 1820 1535 .
1857 1528 1865 1535 .

212 1587 307 1629 Hoc
340 1591 451 1641 puto
485 1587 879 1640 fundamentum&
917 1600 1022 1629 esse
1060 1588 1218 1629 livoris
1254 1600 1303 1629 ac
1338 1587 1445 1628 inde
1481 1587 1866 1629 murmurantium

96 1658 278 1712 sibique
320 1658 627 1701 formancium
669 1658 1034 1711 questiunculas:
1090 1658 1224 1700 Unde
1266 1658 1339 1700 hic
1380 1661 1525 1700 status
1565 1657 1863 1711 provenerit?

94 1729 212 1781 Quid
240 1729 437 1772 ecclesie
468 1729 732 1772 deserviat?
777 1730 875 1781 Quo
903 1732 1035 1782 pacto
1063 1730 1143 1770 uni
1174 1729 1261 1770 soli
1291 1731 1504 1781 conpetat
1532 1731 1686 1770 tantus
1715 1740 1868 1770 cumu-

97 1801 169 1843 lus
192 1803 237 1843 et
261 1799 410 1842 omnis
435 1799 623 1853 generis
646 1799 1017 1841 beneficiorum?
1044 1837 1050 1844 .
1088 1833 1096 1841 .
1132 1833 1140 1841 .

96 1963 219 2018 Sept.
254 1963 321 2008 22.
359 1991 408 1996 —
444 1966 483 2007 A
500 1979 527 2008 sn
545 1978 569 2007 o
586 1979 613 2008 η
630 1978 656 2019 y
673 1978 717 2007 m
732 1977 760 2006 u
777 1967 853 2020 s.²)

218 2046 344 2081 Text
363 2056 374 2081 .·
414 2047 470 2081 Νει·
498 2047 544 2082 48
567 2058 602 2090 ρ.
630 2047 716 2088 346,-
745 2048 806 2081 ste
832 2048 877 2082 33
903 2046 929 2090 r.
957 2047 1019 2088 52‚·
1052 2046 1091 2079 W
1116 2046 1209 2081 4953
1233 2045 1258 2089 f.
1285 2047 1365 2081 350.

215 2119 248 2152 J)
264 2129 281 2151 r
298 2130 319 2153 u
336 2129 351 2152 c
369 2119 392 2152 h·
411 2129 420 2152 .·
461 2118 592 2158 Har-cil,
619 2118 713 2152 Hist.
743 2119 808 2151 liet.
838 2117 908 2152 ΙΙΙ,
938 2118 1083 2152 11-17.

215 2187 237 2229 Ι
252 2201 279 2230 n
297 2189 321 2231 h
341 2190 395 2232 al
413 2195 456 2232 t:
503 2189 796 2242 „Mundatio“
831 2189 959 2231 cleri.

220 2272 624 2324 Mundamini,
677 2272 777 2324 qui
830 2272 1024 2313 fertis
1077 2283 1222 2312 vasa
1275 2269 1520 2311 domini.
1586 2269 1741 2311 Verba
1782 2269 1866 2309 hec

96 2342 384 2396 originaliter
419 2341 684 2384 scribuntur
723 2342 778 2384 Is.
812 2342 867 2384 52
903 2376 910 2384 .
947 2375 955 2383 .
991 2375 999 2383 .

98 2505 220 2561 Sept.
255 2506 322 2550 23.
361 2534 409 2538 —
447 2507 860 2560 Hieronymus
916 2520 1022 2548 von
1076 2506 1286 2559 P7·c19.·'²)

216 2589 421 2624 Druck:
461 2588 586 2623 Mansi
611 2587 789 2628 ΧΧΙἸΙΙ,
816 2590 891 2622 160.

215 2659 624 2702 Reverendissime
650 2660 695 2700 in
721 2659 904 2701 Christo
927 2662 1061 2712 pater
1085 2659 1224 2699 huius
1248 2657 1472 2699 sessionis
1496 2655 1743 2709 presidens
1769 2688 1776 2696 .
1813 2687 1820 2695 .
1857 2687 1865 2695 .

99 2729 213 2772 Cum
237 2742 296 2772 ex
320 2742 449 2772 sacre
474 2730 618 2771 biblie
644 2729 837 2771 historia
862 2732 1039 2771 constet
1065 2763 1073 2770 .
1109 2762 1117 2770 .
1154 2762 1161 2769 .

203 2828 233 2849 a>
255 2821 302 2847 Na
326 2822 513 2847 l'=›1!1=·ntum.

218 2871 248 2912 ¹)
279 2869 357 2903 Das
385 2870 565 2912 soluencle
596 2869 641 2902 is!
673 2869 708 2902 in
738 2869 813 2902 (len
846 2867 1217 2910 (Jeberlieferunfsen
1251 2865 1477 2905 rollslc'indiss
1507 2862 1774 2904 lmrrumpierl.
1818 2862 1865 2892 sl.

100 2928 249 2961 werede!
279 2927 355 2962 sich
389 2937 509 2969 (seyen
541 2927 604 2961 die
634 2926 884 2960 Kumulate'on
914 2926 984 2960 der
1014 2924 1247 2967 Beneficien.

217 2986 249 3027 ²)
276 2984 354 3019 Der
379 2984 563 3026 Prediyer
589 2985 634 3018 is!
660 2984 810 3018 iuvenis
837 2984 911 3018 und
940 2983 1038 3016 wohl
1066 2982 1331 3016 bezrcznderler
1357 2979 1553 3013 KammisL

217 3044 248 3085 ³)
290 3042 360 3076 Vor
388 3042 517 3076 seiner
545 3041 844 3084 Absclzweirunq.

1573 3093 1650 3133 27*
