2102 3444
217 156 303 199 284
753 155 778 190 I.
806 154 1015 190 Abschnitt.
1055 154 1454 198 Konzilstagebilcher.

219 274 421 316 feliciter
462 274 674 316 valeatis!
729 273 892 326 Script.
935 276 1128 326 repente
1172 273 1294 326 apud
1335 273 1686 325 Barchinonam‚
1728 273 1869 315 tercia
1911 273 1986 315 die

219 344 408 396 Aprilis.

336 415 503 457 Vester
531 414 720 458 humilis
749 418 794 457 et
820 427 1007 468 semper
1036 414 1229 457 devotus
1258 415 1400 465 filius,
1428 415 1505 467 qui
1533 429 1572 456 v.
1602 428 1643 468 p.
1674 427 1723 457 se
1751 414 1988 456 humiliter

220 484 577 528 recommendat.
662 524 665 526 .

336 557 432 598 Rex
467 568 578 598 vero
612 556 832 598 letabitur
865 556 909 597 in
945 556 1043 598 Deo
1080 556 1287 610 (Psalmo
1322 556 1490 610 LXII‘')
1529 591 1536 598 .
1573 590 1580 598 .
1617 557 1665 610 .¹)

286 657 294 663 .
339 627 542 680 Magistri
576 627 733 669 Jacobi
768 627 973 680 episcopi
1008 627 1266 669 Laudensis
1300 628 1345 669 in
1377 628 1592 680 exequiis
1624 627 1913 669 serenissimi
1946 627 1987 669 d.

220 698 503 740 Ferdinandi
541 699 806 750 Aragonum
847 698 970 751 regis
1008 698 1213 740 defuncti
1256 698 1559 741 MCCCCXVI
1599 698 1674 740 die
1720 698 1773 739 II.
1813 697 1988 750 Aprilis

219 769 353 812 factis
388 768 663 811 Constancie
698 768 745 810 in
780 770 974 811 concilio
1008 769 1260 822 generalia)
1299 769 1374 810 die
1410 773 1568 811 octava
1608 768 1725 811 Maii.

337 839 419 881 Die
451 839 632 882 sabbati
662 852 785 882 nona
816 840 989 882 mensis
1022 840 1129 882 Maii
1160 839 1246 882 fuit
1276 839 1395 882 facta
1428 841 1723 893 congregatio
1752 840 1989 894 generalis

219 946 225 952 .
263 945 270 952 .
307 945 314 952 .
338 912 455 953 lecta
476 912 576 953 loco
599 911 734 953 solito
757 912 983 953 sessionis
1006 912 1160 953 littera
1185 911 1482 964 infrascripta
1499 911 1789 953 serenissimi
1806 910 1848 952 d.
1865 910 1989 964 regis

219 982 530 1024 Romanorum
573 986 864 1025 sacrosancte
909 982 1085 1034 synodo
1127 982 1471 1025 Constantiensi
1517 982 1706 1024 directa.
1766 982 1878 1024 Item
1920 981 1989 1024 fu-

219 1056 351 1095 erant
392 1053 598 1106 deputati
641 1053 944 1095 commissarii
989 1053 1034 1094 in
1077 1065 1214 1095 causa
1256 1054 1543 1106 prelatorum
1586 1054 1896 1095 asserentium
1938 1065 1988 1094 se

216 1127 373 1166 contra
406 1123 663 1166 eorundem
694 1125 978 1166 voluntatem
1010 1125 1356 1177 translatorum,
1387 1123 1602 1166 videlicet
1633 1123 1770 1165 revmi
1802 1124 1848 1166 in
1881 1123 1986 1166 Chr.

217 1208 259 1247 p.
289 1195 330 1236 d.
358 1195 410 1237 A.
438 1194 638 1238 Pisanus
667 1198 711 1237 et
739 1196 787 1237 B.
818 1195 1131 1249 Placentinus,
1160 1209 1193 1237 s.
1224 1196 1272 1237 R.
1302 1208 1341 1237 e.
1371 1194 1649 1247 cardinales,
1677 1198 1723 1237 et
1749 1194 1989 1237 Johannes

218 1266 481 1318 patriarcha
505 1266 856 1309 Anthiochenus
881 1269 925 1308 et
952 1266 1198 1319 episcopus
1223 1265 1581 1308 Salisbiriensis.
1624 1266 1736 1308 Item
1761 1265 1987 1308 terminus

218 1337 461 1379 audiencie
485 1338 532 1379 in
555 1350 692 1380 causa
715 1337 970 1390 Argentina
994 1337 1080 1379 fuit
1102 1341 1378 1390 prorogatus
1402 1337 1459 1379 ad
1482 1337 1605 1379 diem
1630 1338 1740 1379 lune
1762 1337 1840 1379 XI.
1868 1336 1985 1379 Maii.

336 1408 418 1450 Die
446 1408 557 1451 lune
583 1408 662 1451 XI.
693 1408 799 1450 Maii
825 1408 913 1450 fuit
938 1408 1059 1450 facta
1085 1408 1380 1462 congregatio
1405 1409 1642 1461 generalis
1669 1442 1677 1449 .
1713 1442 1721 1450 .
1758 1442 1765 1450 .
1793 1409 1893 1450 loco
1920 1421 1989 1450 so-

221 1481 299 1522 lito
324 1479 561 1522 sessionis.
601 1480 653 1521 In
677 1493 767 1533 qua
792 1480 832 1521 d.
859 1479 1041 1533 Gaspar
1066 1480 1122 1521 de
1147 1479 1355 1531 Perusio‚
1382 1479 1631 1522 advocatus
1653 1478 1989 1521 consistorialis

216 1554 259 1593 et
293 1551 334 1592 d.
368 1551 501 1592 electi
534 1551 893 1604 Argentinensis
926 1550 1190 1593 carceribus
1222 1550 1471 1603 mancipati
1502 1551 1744 1603 proposuit
1774 1553 1820 1592 et
1850 1550 1990 1604 peciit

217 1635 301 1674 per
327 1635 507 1664 sacrum
531 1623 777 1664 concilium
804 1622 1032 1664 declarari
1061 1622 1301 1674 decanum,
1327 1621 1578 1674 capitulum
1603 1624 1648 1663 et
1673 1621 1789 1664 alios
1814 1621 1989 1675 Argenm

217 1693 424 1736 ilnenses
457 1693 675 1736 incidisse
706 1706 854 1747 penas
885 1696 930 1735 et
962 1693 1218 1736 sententias
1252 1694 1297 1734 in
1328 1692 1574 1735 monitorio
1605 1695 1763 1735 contra
1792 1705 1872 1735 eos
1902 1705 1989 1746 per

220 1765 369 1817 ipsum
397 1777 577 1807 sacrum
603 1764 846 1806 concilium
873 1764 1098 1816 decretaS‚
1125 1777 1183 1805 ex
1210 1777 1279 1817 eo,
1307 1764 1415 1817 quia
1440 1763 1670 1806 mandatis
1696 1760 1855 1817 ipsius*
1871 1763 1988 1806 sacri

218 1835 396 1877 concilii
428 1849 570 1888 super
599 1836 888 1877 relaxatione
920 1835 1025 1877 dicti
1055 1836 1189 1877 electi
1220 1848 1313 1877 non
1341 1837 1612 1888 paruerunt.

335 1906 575 1950 Adversus
600 1920 705 1949 eum
732 1907 773 1949 d.
798 1907 1086 1960 Augustinus
1112 1907 1168 1948 de
1194 1907 1354 1959 Lante,
1380 1906 1629 1949 advocatus
1654 1905 1988 1948 consistorialis

219 1982 263 2020 et
307 1978 597 2020 dominorum
642 1978 802 2020 decani
849 1981 893 2021 et
933 1978 1122 2031 capituli
1166 1978 1526 2031 Argentinensis
1570 1990 1620 2020 ac
1664 1978 1861 2020 aliorum
1903 1980 1986 2019 etc.

219 2049 548 2102 respondendo
574 2050 830 2102 proposuit,
859 2050 995 2102 quod,
1024 2062 1124 2091 cum
1153 2048 1408 2102 Argentina
1437 2049 1635 2091 ecclesia
1663 2048 1720 2091 ab
1749 2047 1879 2091 initio
1906 2060 1987 2091 sue

219 2120 504 2162 fundationis
544 2120 739 2173 insignis
776 2120 919 2162 fuerit
955 2123 1000 2162 et
1039 2120 1217 2162 reditus
1254 2121 1443 2173 triginta
1481 2119 1659 2162 milium
1698 2119 1987 2162 florenorum

218 2192 288 2233 vel.
318 2192 451 2244 circa,
477 2191 637 2245 viginti
664 2195 856 2244 octoque
882 2191 1045 2234 castris
1069 2195 1114 2233 et
1140 2191 1245 2234 aliis
1272 2204 1408 2244 quam
1433 2190 1648 2244 pluribus
1673 2191 1809 2233 bonis
1835 2190 1986 2233 dotata

218 2262 359 2304 fuerit
385 2263 578 2315 ipsaque
603 2263 756 2305 omnia
781 2265 931 2304 castra
954 2262 1168 2315 prefatus
1193 2263 1369 2304 electus
1393 2262 1663 2304 distraxerit
1688 2264 1733 2304 et
1757 2261 1989 2304 alienave-

219 2333 289 2386 rit,
316 2346 502 2387 semper
526 2334 687 2387 viginti
713 2335 848 2376 annis
872 2334 945 2375 vel
972 2335 1092 2376 circa
1117 2337 1166 2375 ut
1188 2334 1347 2386 laycus
1373 2333 1511 2376 vitam
1538 2333 1727 2385 ducens,
1751 2345 1987 2386 nunquam

217 2405 425 2447 habitum
452 2406 524 2446 vel
554 2408 791 2446 tonsuram
821 2403 1044 2447 deferens
1071 2417 1156 2446 nec
1183 2404 1427 2447 ecclesiam
1457 2404 1758 2458 Argentinam
1785 2404 1871 2446 hoc
1898 2416 1988 2445 me-

218 2476 293 2517 dio
324 2479 534 2529 tempore
562 2475 838 2528 ingrediens
871 2476 943 2516 vel
977 2475 1184 2517 visitans.
1229 2476 1485 2528 Propterea
1518 2488 1651 2518 sacro
1678 2475 1874 2517 concilio
1903 2487 1988 2527 pro

219 2551 350 2600 parte
387 2547 676 2600 prefatorum
713 2546 1005 2588 dominorum
1042 2546 1204 2588 decani
1241 2549 1285 2588 et
1321 2546 1508 2599 capituli
1545 2559 1595 2588 ac
1632 2547 1829 2588 aliorum
1865 2545 1986 2588 idem

219 2618 467 2661 advocatus
491 2618 532 2660 d.
559 2618 844 2671 Augustinus
866 2617 1106 2659 humiliter
1131 2617 1420 2670 supplicavit,
1446 2617 1567 2670 quod
1592 2617 1862 2671 dignaretur
1884 2629 1987 2670 pre-

219 2690 336 2732 dicta
363 2689 613 2742 diligenter
640 2688 881 2731 attendere
909 2692 954 2730 et
981 2688 1304 2741 indempnitati
1333 2688 1481 2741 ipsius
1508 2689 1704 2730 ecclesie
1733 2687 1986 2742 Argentine

218 2760 481 2813 providere,
503 2773 604 2803 cum
627 2760 831 2802 decanus
853 2763 899 2802 et
919 2760 1170 2813 capitulum
1193 2759 1534 2812 Argentinense
1558 2758 1791 2801 offerrent
1812 2771 1862 2801 se
1884 2771 1987 2814 pre-

323 2889 353 2920 ει)
375 2888 402 2914 Β
422 2887 503 2920 fola!
525 2887 637 2914 codem
661 2887 848 2915 millesimo.

338 2950 368 2989 ¹)
398 2948 669 2983 ‚lnseheineml
695 2948 897 2991 (ioppelter
924 2948 1081 2982 Iri-lum:
1122 2948 1193 2981 Die
1218 2948 1321 2982 leode
1349 2949 1440 2982 hiel!
1466 2948 1656 2982 Antonius
1682 2947 1800 2983 Caoeal
1826 2948 1902 2982 ¹und
1927 2955 1987 2979 am

218 3008 272 3038 lm.
301 3006 421 3048 April.
460 3006 580 3041 Harax
616 3006 651 3047 V,
682 3007 857 3046 129—335
886 3006 1011 3040 Mmzsi
1039 3005 1216 3043 XXl'III,
1243 3006 1414 3041 567-72.
1455 3006 1527 3040 Am
1554 3008 1584 3042 8.
1615 3006 1692 3041 Mai
1718 3016 1797 3041 vwar
1825 3015 1894 3040 nur
1919 3005 1987 3039 das

219 3063 419 3105 feierlielee
446 3065 672 3099 Seplenamt.
720 3064 794 3105 l'ffl.
820 3064 1018 3098 Ricleenlal
1044 3064 1076 3097 S.
1103 3064 1156 3098 9³2.
