2102 3444
250 125 306 168 32
772 127 798 161 I.
838 127 1050 162 Abschnitt.
1102 127 1503 174 Konzilstagebiicher.

371 244 455 286 Die
478 245 666 288 veneris
687 246 852 288 XXVI.
875 246 1066 300 Aprilis,
1087 260 1189 289 cum
1212 248 1319 290 dicti
1341 250 1496 291 nuncii
1519 251 1697 292 vellent
1718 250 1942 293 recedere
1964 250 2023 293 de

253 315 493 369 Friburgo,
521 317 742 370 magister
769 317 936 359 civium
964 321 1009 359 et
1036 320 1253 362 consules
1280 320 1408 363 illius
1435 321 1562 374 opidi
1589 321 1929 364 nunciaverunt
1953 321 2024 364 eis

252 386 501 428 adventum
542 387 708 429 ducum
748 388 968 430 Ludovici
1009 389 1204 432 Bavarie
1245 391 1440 444 predicti
1481 395 1526 434 et
1565 392 1753 434 Austrie
1795 392 1854 434 ad
1892 392 2024 435 illum

251 457 401 499 locum
428 459 475 499 in
500 458 695 500 meridie
721 472 807 512 pro
831 473 944 512 pace
970 461 1223 513 tractanda,
1249 466 1467 515 rogantes
1492 466 1742 516 expectare
1769 463 1890 518 illos,
1915 476 2024 517 quo-

252 530 377 571 niam
400 530 596 582 propicii
621 534 754 573 erant
777 531 835 572 ad
858 544 1034 584 pacem,
1058 533 1226 585 quibus
1250 537 1529 575 annuerunt.
1565 534 1858 577 Audiverunt
1879 534 2025 577 eciam

252 612 520 653 regressum
544 614 664 654 pape
691 602 748 644 ad
774 601 1058 645 Brisachum.

370 684 510 726 Venit
544 684 700 738 hora-'¹)
739 685 818 726 XI.
856 685 950 727 dux
988 686 1184 728 Bavarie
1223 689 1267 728 et
1304 687 1424 729 facta
1463 688 1642 729 morula
1678 687 1893 730 transivit
1928 687 2027 729 Bri-

254 755 441 796 sachum
481 755 538 797 ad
577 756 740 797 ducem
778 757 966 798 Austrie
1004 760 1049 799 et
1086 757 1132 798 in
1170 758 1436 810 crastinum,
1475 758 1649 800 scilicet
1686 758 1894 812 sabbato,
1931 759 2026 801 dux

252 826 439 868 Austrie
471 826 859 880 reduxit-papam
892 827 1185 882 Friburgum.

371 909 648 952 Cardinales
681 913 834 952 autem
865 914 911 952 et
943 911 1192 964 episcopus
1225 911 1613 954 Carcassonensis
1647 912 2028 954 deliberaverant

254 980 310 1022 de
349 981 547 1022 aliorum
585 982 780 1023 consilio
818 985 862 1023 et
899 995 1131 1024 consensu
1168 982 1299 1025 adire
1335 996 1504 1036 papam
1542 983 1600 1025 ad
1637 983 1923 1025 Brisachum.
1973 982 2028 1024 Et

252 1055 418 1094 euntes
449 1052 757 1094 obviaverunt
787 1056 833 1094 et
862 1065 963 1094 cum
994 1066 1051 1095 eo
1082 1054 1261 1096 reversi
1293 1058 1399 1096 sunt
1430 1055 1750 1107 colloquentes
1782 1054 1840 1096 de
1870 1053 2028 1108 petitis

252 1136 337 1176 per
371 1123 658 1184 legacionem
695 1124 935 1177 magisque
970 1125 1326 1178 persuadentes,
1363 1125 1487 1178 quod
1520 1125 1709 1167 cederet
1743 1125 1935 1178 papatui
1969 1124 2027 1167 de

254 1196 462 1248 presenti
505 1208 607 1236 cum
647 1195 916 1248 provisione
960 1209 1057 1249 sua,
1098 1197 1206 1249 quia
1248 1197 1378 1238 nullo
1418 1199 1552 1249 pacto
1591 1194 1941 1250 permitteretur
1980 1196 2028 1238 in

253 1270 439 1319 papatu,
464 1269 510 1308 et
536 1267 659 1319 quod
685 1266 883 1319 eligeret
909 1268 1107 1309 alterum
1136 1268 1193 1309 de
1220 1267 1420 1309 duobus:
1461 1271 1539 1310 aut
1564 1268 1760 1309 honeste
1787 1267 1956 1309 cedere
1983 1269 2028 1309 et

253 1338 429 1379 habere
458 1338 775 1391 provisionem
804 1341 882 1380 aut
908 1338 1215 1391 ignominiose
1244 1339 1416 1391 deponi
1445 1351 1547 1380 cum
1573 1338 1784 1392 periculo
1810 1350 2029 1391 persone.

258 1409 385 1451 Idem
422 1410 503 1452 illa
539 1412 672 1452 nocte
708 1409 754 1450 in
792 1422 976 1452 camera
1011 1410 1195 1452 fortiter
1229 1410 1465 1463 persuasit
1500 1410 1749 1463 episcopus
1785 1409 2030 1452 Carcasso-

253 1482 415 1523 nensis
443 1484 488 1523 et
515 1481 758 1534 respondit
786 1494 922 1534 papa,
951 1481 1075 1534 quod
1102 1484 1235 1523 nocte
1265 1479 1594 1535 deliberaretb)
1625 1484 1672 1523 et
1700 1481 1748 1522 in
1776 1481 2029 1523 crastinum

255 1552 578 1605 responderet.

373 1636 588 1679 Crastina
616 1636 845 1678 dominica
872 1636 930 1678 de
959 1648 1095 1678 mane
1122 1648 1244 1689 papa
1272 1635 1515 1689 respondit
1543 1647 1593 1677 se
1621 1635 1745 1677 velle
1773 1633 1943 1676 cedere
1970 1632 2028 1675 de

253 1708 476 1761 presenti,
504 1707 752 1750 dummodo
779 1707 913 1750 fieret
939 1708 1029 1749 sibi
1057 1707 1262 1760 provisio
1289 1710 1334 1749 et
1361 1707 1552 1749 daretur
1578 1708 1808 1759 perpetua
1833 1704 2029 1748 libertas

255 1781 312 1822 ab
352 1779 567 1821 omnibus
606 1782 690 1821 etc.
729 1779 916 1832 duxque
956 1778 1144 1821 Austrie
1182 1790 1345 1832 pacem
1383 1779 1580 1820 haberet
1617 1790 1719 1819 cum
1756 1789 1882 1830 rege,
1921 1775 2028 1829 quia

256 1851 391 1892 aliter
418 1850 520 1892 fieri
547 1863 641 1892 non
670 1853 864 1903 poterat.
906 1850 960 1891 Et
988 1850 1243 1891 declaravit
1271 1848 1602 1902 provisionem,
1630 1848 1755 1902 quod
1781 1850 1909 1890 esset
1934 1859 2030 1889 car-

255 1922 426 1964 dinalis
453 1925 499 1964 et
525 1922 705 1975 primus
733 1921 951 1974 omnium,
980 1921 1161 1974 legatus
1187 1924 1233 1962 et
1260 1920 1462 1963 vicarius
1488 1922 1746 1973 perpetuus
1774 1931 1877 1961 cum
1904 1917 2029 1961 omni

253 1996 481 2046 potestate
514 1993 673 2045 papali
705 1992 751 2033 in
782 1995 876 2034 tota
908 1992 1076 2045 Ytalia,
1108 1995 1152 2034 et
1185 1991 1385 2044 quedam
1417 1992 1523 2034 alia.
1568 1991 1623 2033 Et
1654 1989 1779 2043 quod
1809 1989 1868 2032 ad
1899 1989 2027 2031 illam

255 2065 514 2106 cessionem
537 2064 737 2106 fiendam
760 2066 1015 2116 poneretur
1037 2063 1084 2104 in
1106 2063 1220 2116 loco,
1242 2063 1322 2104 ubi
1344 2066 1470 2104 esset
1491 2062 1539 2103 in
1561 2062 1778 2104 libertate
1800 2063 1958 2114 utpote
1981 2060 2028 2102 in

256 2136 526 2189 Burgundia
546 2136 621 2177 vel
645 2135 879 2177 Sabaudia
900 2135 974 2175 vel
998 2134 1166 2186 Ytalia,
1189 2134 1235 2175 in
1258 2133 1397 2175 terris
1420 2134 1720 2185 Venetorum,
1743 2135 1789 2174 et
1809 2131 1874 2173 ibi
1896 2130 2030 2173 cede·

254 2211 325 2249 ret
352 2207 610 2249 solenniter
638 2205 917 2259 deponendo
945 2205 1127 2247 mitram
1154 2204 1372 2257 papalem
1401 2207 1445 2245 et
1472 2203 1754 2246 assumendo
1781 2203 2027 2256 capellum.

255 2279 310 2320 Et
334 2279 419 2320 hec
446 2278 611 2320 eadem
639 2277 714 2319 die
741 2277 857 2318 dixit
883 2279 929 2318 et
956 2275 1157 2318 asseruit
1182 2287 1337 2317 coram
1363 2274 1578 2317 omnibus
1604 2274 1789 2316 nunciis
1814 2276 1860 2316 et
1884 2272 2028 2327 pluri-

255 2350 342 2392 bus
366 2349 471 2392 aliis
495 2361 544 2390 se
568 2349 691 2390 velle
714 2348 872 2390 facere
896 2350 941 2389 et
962 2346 1187 2400 promisit.

379 2432 491 2473 Item
518 2430 723 2472 decrevit
751 2430 891 2484 fieriss)
920 2429 1292 2483 procuratorium
1320 2428 1378 2470 ad
1406 2427 1777 2469 renunciandum
1804 2426 1850 2468 in
1878 2425 2030 2468 forma

256 2504 400 2556 petita
429 2501 745 2555 suprascripta
773 2504 818 2543 et
845 2501 931 2543 hec
959 2500 1195 2542 mandavit
1226 2500 1272 2542 F.
1303 2499 1361 2541 de
1391 2498 1780 2552 Montepoliciano
1809 2497 2030 2551 episcopo

256 2574 463 2626 Aretino,
504 2572 756 2615 secretario
796 2586 880 2614 suo
919 2572 1143 2625 presenti,
1185 2583 1327 2624 super
1366 2570 1452 2613 hoc
1491 2569 1601 2611 fieri
1639 2569 1830 2611 bullam,
1882 2568 2027 2620 Quam

255 2649 410 2687 tamen
432 2644 622 2686 nolebat
646 2644 746 2686 dari
771 2643 923 2685 statim
947 2642 1156 2695 concilio,
1181 2642 1328 2684 donec
1351 2644 1476 2683 esset
1500 2640 1588 2683 sibi
1611 2640 1865 2693 provisum,
1888 2638 2028 2680 liber-

257 2719 327 2759 tas
361 2716 467 2758 data
501 2719 545 2757 et
577 2728 669 2768 pax
704 2714 807 2756 duci
842 2714 1044 2756 Austrie.
1090 2713 1221 2765 Quod
1254 2712 1625 2766 procuratorium
1659 2710 1747 2752 fuit
1778 2709 1951 2752 factum
1983 2711 2030 2751 et

257 2787 484 2829 bullatum
519 2787 565 2827 in
598 2786 749 2828 forma
782 2785 990 2839 predicta
1022 2788 1068 2827 et
1100 2784 1188 2826 fuit
1221 2783 1484 2837 depositum
1518 2781 1642 2836 apud
1674 2781 1887 2824 comitem
1919 2780 2030 2822 Bar-

257 2858 506 2912 tholdum¹)
530 2870 615 2910 per
636 2870 742 2899 eum
763 2856 1055 2898 reddendum
1077 2855 1272 2897 concilio
1292 2854 1339 2896 in
1361 2853 1546 2896 casibus
1566 2852 1790 2906 predictis
1809 2851 2028 2905 impletis.

373 2976 401 3005 a)
424 2975 454 3007 C,
479 2975 508 3000 D
531 2974 613 3006 sulgs!
635 2973 677 3000 in.
753 2974 784 3007 b)
806 2974 834 3000 B
855 2973 1109 3000 deliberaverat.
1185 2971 1214 3005 c)
1235 2972 1264 2998 B
1283 2970 1402 2998 facere.

378 3035 408 3077 ¹)
442 3034 579 3076 Orsini,
611 3034 854 3069 Beltholdum
884 3034 922 3068 B.
