2227 3434
525 175 565 210 B.
602 175 680 211 Der
702 176 802 211 liber
823 179 1016 221 gestorum
1041 178 1109 211 des
1134 176 1374 212 Cerretanus.
1748 180 1830 221 221

186 294 294 337 Post
326 294 411 336 hec
445 303 615 335 revmus
650 294 695 335 in
732 294 837 336 Chr.
871 307 914 348 p.
950 295 992 337 d.
1028 295 1304 338 Franciscus
1338 295 1641 338 miseracione
1677 296 1833 338 divina

68 368 328 407 sanctorum
361 364 525 407 Cosme
555 369 599 406 et
629 365 841 407 Damiani
872 366 1093 408 diaconus
1124 366 1376 408 cardinalis
1406 367 1703 408 Florentinus
1732 380 1835 420 pre-

67 435 185 478 dicta
214 435 562 489 elegantissime
592 437 779 478 nomine
810 437 994 490 collegii
1023 437 1316 479 confirmavit
1346 437 1683 489 intermiscens,
1713 438 1835 490 quod

68 506 197 560 illud,
229 506 352 560 quod
383 506 566 549 dixerat
597 506 639 549 d.
670 510 830 550 noster
860 519 996 561 papa,
1027 508 1150 560 quod
1182 508 1346 549 Petrus
1379 507 1435 549 de
1468 507 1597 550 Luna
1628 521 1719 550 non
1751 521 1835 561 per

67 580 430 630 procuratorem,
470 578 553 620 sed
590 590 675 631 per
715 591 765 620 se
806 579 957 631 ipsum
997 591 1199 620 renuere
1240 578 1524 631 intendebat,
1565 579 1655 621 duo
1694 591 1752 620 ex
1793 578 1834 620 d.

67 648 385 692 cardinalibus
407 649 623 691 videlicet
648 648 1000 691 Cameracensis
1024 653 1069 691 et
1093 663 1126 692 s.
1155 649 1295 692 Marci
1321 663 1370 692 se
1394 649 1629 692 audivisse
1655 650 1712 692 ab
1737 662 1836 691 ora—

67 718 245 761 toribus
267 719 392 761 Petri
413 719 471 761 de
493 719 623 762 Luna
645 720 874 773 dicebant,
897 721 1019 774 quod
1040 720 1228 773 quidem
1250 720 1372 762 idem
1395 721 1486 763 duo
1507 721 1548 763 d.
1572 720 1835 763 cardinales

68 789 241 832 ibidem
266 790 550 833 exsistentes
574 791 621 832 in
647 790 849 832 medium
875 794 1191 833 asseruerunt.
1235 791 1543 834 Intermiscuit
1569 793 1707 834 etiam
1733 804 1836 845 pre-

67 860 190 904 fatus
221 861 262 903 d.
293 861 560 915 cardinalis,
589 862 713 914 quod
743 862 833 904 duo
862 865 1038 904 tantum
1069 865 1202 904 erant
1233 875 1366 905 casus
1398 863 1444 904 in
1474 863 1575 904 iure
1604 864 1835 916 expressi,

68 931 236 984 quibus
277 932 381 985 quis
419 936 769 985 procuratorem
809 932 1089 975 constituere
1131 933 1392 987 tenebatur,
1435 933 1653 976 videlicet
1694 968 1702 975 .
1739 968 1746 975 .
1782 935 1832 987 ,²1)

184 1002 424 1046 Johannes
452 1003 700 1057 episcopus
729 1016 894 1046 servus
923 1016 1164 1046 servorum
1196 1005 1279 1045 Dei
1309 1004 1540 1047 universis
1571 1043 1578 1049 .
1616 1039 1623 1046 .
1660 1039 1667 1046 .
1698 1005 1837 1046 bene-

68 1072 329 1116 dictionem.
381 1074 513 1117 Pacis
552 1074 723 1116 bonum
764 1109 771 1116 .
808 1109 816 1116 .
853 1109 860 1116 .
902 1075 1001 1117 Dat.
1043 1075 1317 1117 Constancie
1360 1076 1436 1117 VI.
1476 1088 1624 1117 nonas
1664 1075 1836 1128 Marcii,

67 1156 109 1197 p.
137 1156 181 1186 n.
211 1157 251 1187 a.
279 1144 496 1200 quinto.¹)

187 1215 272 1257 Die
304 1215 533 1259 dominica
566 1216 711 1258 XVII.
746 1217 920 1259 mensis
958 1217 1113 1259 Marcii
1147 1217 1531 1259 convenientibus
1564 1217 1837 1259 nacionibus

68 1285 359 1340 Germanica,
398 1286 639 1330 Gallicana
676 1291 722 1330 et
757 1287 1013 1341 Anglicana
1050 1288 1173 1341 apud
1210 1292 1484 1330 conventum
1523 1288 1719 1330 fratrum
1762 1288 1837 1329 Mi-

67 1369 232 1399 norum
286 1357 483 1400 civitatis
537 1358 828 1412 Constancie‚
871 1359 1080 1411 qualibet
1121 1371 1347 1411 seorsum,
1390 1359 1652 1412 habitisque
1696 1372 1837 1413 super

69 1427 455 1481 responsionibus
487 1429 528 1471 d.
560 1429 706 1472 nostri
737 1442 858 1483 pape
890 1433 934 1471 et
965 1430 1165 1472 maxime
1198 1443 1340 1484 super
1371 1431 1702 1472 constitucione
1734 1443 1838 1483 pro-

69 1499 295 1543 curatoris
320 1499 523 1542 faciendi
550 1500 608 1542 de
633 1500 951 1543 renunciando
976 1500 1166 1554 papatui
1192 1501 1390 1544 diversis
1417 1501 1837 1555 disceptacionibus

68 1573 113 1612 et
147 1570 404 1624 colloquiis,
439 1570 627 1613 tandem
660 1571 881 1614 naciones
916 1571 1193 1614 Germanica
1227 1575 1272 1614 et
1307 1572 1562 1626 Anglicana
1595 1572 1641 1613 in
1677 1585 1837 1614 eorum

69 1640 232 1694 primis
260 1640 569 1694 peticionibus
600 1645 645 1684 et
673 1643 875 1684 maxime
906 1643 953 1684 in
981 1655 1074 1685 non
1105 1643 1406 1685 dissolvendo
1434 1646 1480 1685 et
1507 1643 1838 1685 transferendo

70 1711 128 1754 ad
153 1711 296 1754 alium
321 1711 472 1755 locum
498 1712 741 1755 concilium
767 1713 823 1755 de
851 1714 1034 1756 civitate
1062 1713 1337 1756 Constancie
1365 1727 1417 1756 ac
1443 1715 1489 1756 in
1516 1714 1838 1756 constituendo

69 1785 396 1835 procuratores
427 1783 486 1825 ad
517 1783 886 1826 renunciandum
919 1787 1001 1827 etc.
1035 1784 1291 1838 persistere
1325 1785 1663 1827 concluserunt.
1709 1785 1839 1827 Natio

72 1855 225 1896 autem
263 1853 506 1897 Gallicana
544 1855 787 1908 respondit
824 1867 874 1897 se
914 1867 1056 1909 super
1093 1856 1185 1898 hiis
1223 1855 1489 1898 deliberare
1526 1856 1668 1908 velle3
1708 1855 1840 1897 nacio

71 1926 223 1967 autem
252 1924 412 1967 Italica
439 1925 563 1979 apud
590 1928 865 1968 conventum
893 1925 1091 1968 fratrum
1119 1926 1466 1969 Predicatorum
1494 1927 1593 1969 loco
1620 1930 1840 1968 consueto

71 1994 235 2038 eadem
264 1995 339 2038 die
369 1999 646 2050 congregata
676 1996 957 2040 deliberavit
985 1998 1330 2040 conclusionem
1358 1998 1569 2040 nacionis
1599 1997 1839 2040 Gallicane

72 2077 214 2119 super
239 2066 312 2109 his
338 2067 602 2121 prestolari,
631 2070 879 2121 antequam
908 2067 1085 2121 aliquid
1112 2068 1412 2111 deliberaret.
1454 2068 1650 2122 Propter
1679 2080 1768 2122 que
1797 2068 1837 2112 d.

72 2136 334 2180 cardinales
361 2138 556 2181 moleste
584 2138 808 2192 ferentes,
835 2139 957 2192 quod
985 2139 1204 2182 naciones
1232 2139 1455 2192 predicte,
1483 2138 1701 2181 videlicet
1728 2139 1840 2181 Ger-

72 2207 251 2250 manica
274 2211 319 2250 et
342 2208 612 2262 Anglicana,
637 2209 699 2252 ita
721 2213 1061 2262 exasperarent
1085 2210 1126 2252 d.
1151 2213 1360 2252 nostrum
1384 2223 1553 2263 papam
1578 2210 1837 2253 Johannem

72 2277 243 2321 XXIII.
274 2279 321 2321 in
350 2279 662 2333 peticionibus
693 2280 972 2333 supradictis
1002 2284 1047 2322 et
1077 2280 1278 2323 maxime
1310 2281 1356 2322 in
1387 2280 1710 2323 constituendo
1737 2293 1841 2334 pro-

73 2352 309 2392 curatores
349 2353 432 2393 etc.
473 2353 519 2393 et
557 2350 808 2404 informati,
849 2351 971 2404 quod
1011 2351 1134 2393 idem
1175 2351 1216 2393 d.
1257 2354 1416 2394 noster
1456 2364 1577 2405 papa
1617 2351 1839 2405 predictis

73 2430 232 2462 eorum
265 2420 574 2474 peticionibus
607 2421 737 2464 nullo
769 2421 904 2464 modo
937 2422 1122 2464 volebat
1155 2434 1363 2464 annuere
1398 2435 1449 2464 ac
1481 2421 1747 2475 titubantes,
1781 2434 1839 2463 ne

74 2491 206 2533 nacio
244 2490 486 2534 Gallicana
524 2491 746 2545 predictis
786 2491 967 2535 duabus
1007 2493 1282 2535 nacionibus
1323 2493 1370 2534 in
1410 2492 1689 2546 supradictis
1728 2493 1840 2546 peti-

75 2561 284 2605 cionibus
321 2562 584 2616 adhereret,
621 2565 666 2604 et
701 2566 952 2616 propterea
987 2562 1218 2616 timentes,
1254 2576 1314 2606 ne
1351 2563 1393 2605 d.
1429 2567 1588 2606 noster
1625 2576 1746 2617 papa
1782 2563 1839 2604 de

76 2629 348 2674 Constancia
377 2632 495 2675 clam
525 2632 681 2686 fugam
712 2633 956 2686 arriperet,
987 2633 1382 2687 deliberaverunt,
1412 2634 1537 2687 quod
1567 2646 1661 2676 rev.
1694 2634 1735 2675 d.
1766 2634 1840 2675 Vi-

76 2701 316 2756 variensis,
348 2702 713 2756 Cameracensis,
744 2704 802 2746 de
833 2704 1062 2757 Challant,
1093 2718 1127 2747 s.
1163 2704 1300 2746 Marci
1332 2708 1377 2746 et
1407 2705 1463 2746 de
1496 2705 1692 2747 Saluciis
1724 2718 1757 2746 s.
1791 2704 1838 2744 R.

76 2782 115 2813 e.
140 2772 403 2816 cardinales
427 2777 472 2816 et
497 2775 692 2817 nacione
718 2774 884 2817 Gallici
911 2787 961 2817 se
987 2788 1087 2817 cum
1114 2776 1308 2817 nacione
1337 2775 1577 2817 Gallicana
1604 2776 1650 2816 in
1675 2775 1840 2828 practi-

75 2852 172 2884 cam
197 2847 426 2896 ponerent
452 2848 496 2886 et
522 2848 786 2898 tractarent,
813 2858 871 2887 ne
901 2846 1000 2898 ipsa
1028 2845 1159 2888 nacio
1184 2845 1405 2898 predictis
1431 2845 1612 2887 duabus
1638 2845 1839 2887 nacioni-

77 2910 163 2956 bus
192 2913 238 2955 in
269 2914 546 2968 supradictis
577 2927 737 2958 eorum
766 2915 1075 2970 peticionibus
1105 2916 1372 2967 adhereret;
1406 2916 1489 2957 sed
1520 2928 1601 2969 spe
1633 2928 1716 2958 sua
1747 2915 1840 2956 fru-

178 3034 208 3055 a)
228 3028 331 3061 selden
355 3030 391 3061 ΙΙ,
417 3031 455 3063 (J,-
478 3030 589 3056 Lim-lca.

195 3076 226 3117 1)
256 3076 376 3112 Hardl
405 3078 470 3119 IV,
500 3076 591 3121 5137;
623 3077 749 3112 Mansi
777 3076 934 3118 XXVII,
964 3076 1069 3119 568r.
