2227 3434
868 128 959 163 1416
981 127 1070 163 Feb.
1094 128 1148 164 23.
1805 134 1891 178 433

125 243 304 286 dicione
342 257 548 287 munera.
597 245 642 287 Si
681 246 960 299 appelletur,
995 260 1244 300 processus
1281 250 1514 302 reperitur
1553 250 1752 303 iniquus,
1790 265 1892 293 sen-

122 316 274 357 tencia
309 319 550 357 revocatur
583 320 629 358 et
662 317 922 369 perduntur
956 323 1180 371 sumptus,
1214 323 1486 372 procurator
1518 333 1678 363 eorum
1714 322 1892 364 fiscalis

125 385 317 438 inquirit
351 386 641 428 subditorum
678 387 860 439 delicta,
897 400 986 440 que
1023 390 1283 431 exactionat
1320 391 1365 431 in
1402 392 1599 443 pecunia
1635 397 1890 434 numerata.

125 455 217 497 Cur
251 468 376 510 ergo,
412 457 450 498 si
487 457 876 509 reprehensibilis
911 471 976 510 es,
1012 460 1129 502 alios
1165 473 1257 502 non
1292 462 1471 503 vereris
1507 463 1888 515 reprehendere?

123 525 289 579 Quare,
328 528 365 570 si
405 528 657 580 nequiores
696 529 969 570 melioribus
1008 532 1241 582 presumis
1282 532 1544 585 detrahere,
1585 533 1750 575 dicitur
1788 534 1888 576 tibi:

125 596 317 650 Medice,
345 611 454 640 cura
481 602 525 640 te
554 599 734 652 ipsum‘?
767 633 774 640 .
811 633 818 640 .
855 633 862 641 .
890 600 1018 651 Quod
1048 601 1370 644 detestabilius
1398 606 1481 655 est,
1510 607 1738 656 ponentes
1765 618 1816 647 os
1846 606 1891 646 in

122 668 271 710 celum
301 669 590 721 proclamant
623 670 931 725 impudenter,
965 672 1220 714 vociferant
1250 676 1295 714 et
1327 674 1536 715 nituntur
1567 675 1712 716 eciam
1744 678 1893 717 aucto-

123 739 257 781 ritate
300 743 562 781 sanctorum
604 744 785 793 patrum
828 741 885 782 ad
928 754 1116 783 sensum
1159 755 1434 794 perversum
1477 745 1662 787 trahere
1704 746 1806 788 lura
1849 749 1893 787 et

122 809 309 852 decreta
343 823 444 852 cum
479 814 605 853 tanta
639 811 900 853 maturitate
937 816 981 854 et
1017 813 1152 865 longa
1189 813 1533 857 deliberacione
1569 816 1751 858 condita
1788 817 1892 858 sub-

121 883 305 922 vertere
335 885 381 923 et
409 882 546 924 unico
573 882 717 924 verbo
747 882 1033 924 annichilare
1066 918 1073 925 .
1110 917 1118 925 .
1154 918 1162 925 .

239 952 337 993 Non
360 956 582 994 verentur
605 954 751 994 eciam
775 966 927 1006 neque
951 955 1233 996 erubescunt
1255 959 1530 1008 potestatem
1555 959 1720 999 summi
1746 958 1891 1010 ponti-

122 1021 225 1065 ficis
269 1023 495 1076 minuere,
540 1024 706 1065 tollere
751 1036 802 1065 ac
847 1024 1165 1077 multipliciter
1210 1026 1578 1081 obtenebrare.³¹)
1639 1029 1693 1070 Et
1735 1040 1890 1069 nonne

122 1093 288 1147 legisti,
321 1094 445 1146 quod
480 1107 686 1137 summus
719 1095 931 1147 pontifex
967 1108 1206 1138 successor
1241 1100 1310 1139 est
1345 1098 1466 1139 beati
1502 1098 1626 1140 Petri
1662 1133 1669 1140 .
1706 1132 1712 1140 .
1750 1136 1756 1142 .
1807 1099 1889 1141 Cui

121 1163 266 1206 eciam
290 1168 336 1206 et
356 1168 459 1217 post
482 1166 748 1217 passionem
771 1170 817 1207 et
838 1166 953 1207 nulli
979 1167 1114 1208 alteri
1138 1168 1283 1209 eciam
1308 1181 1454 1220 usque
1479 1169 1538 1210 ad
1560 1170 1889 1211 contricionem

122 1234 291 1276 dictum
325 1239 430 1277 est.-
458 1236 599 1277 Pasce
636 1249 746 1279 oves
781 1249 909 1279 meas
946 1271 953 1279 .
990 1271 997 1278 .
1034 1271 1041 1278 .
1095 1237 1176 1279 Cui
1213 1239 1359 1280 eciam
1396 1239 1565 1281 dictum
1600 1243 1687 1281 est:
1738 1240 1804 1282 Tu
1839 1253 1890 1282 es

121 1305 286 1348 Petrus
320 1309 365 1348 et
396 1319 538 1359 super
570 1307 687 1348 hanc
720 1310 899 1360 petram
932 1308 1165 1350 edificabo
1198 1309 1441 1351 ecclesiam
1476 1322 1638 1352 meam.
1684 1311 1738 1352 Et
1771 1311 1891 1352 dabo

119 1375 201 1417 tibi
227 1376 382 1418 claves
410 1377 541 1430 regni
567 1378 772 1419 celorum
799 1382 843 1420 et
870 1379 1191 1432 quodcumque
1220 1380 1439 1433 ligaveris
1466 1383 1548 1422 etc.
1580 1381 1741 1434 (Math.
1768 1381 1888 1435 XV).

122 1446 205 1489 Cui
229 1448 374 1489 eciam
399 1447 566 1489 dictum
591 1452 678 1491 est:
706 1449 800 1502 Ego
824 1450 980 1502 rogavi
1003 1463 1089 1502 pro
1111 1454 1170 1501 te,
1193 1451 1344 1503 Petre,
1370 1454 1417 1492 ut
1439 1464 1530 1493 non
1556 1452 1744 1494 deficiat
1766 1451 1889 1494 fides

118 1519 197 1560 tua
228 1520 274 1560 et
304 1521 351 1559 tu
383 1521 467 1560 etc,
505 1519 632 1571 (Luc.
666 1519 720 1560 22
754 1520 993 1573 capitulo).
1040 1520 1073 1562 O
1107 1522 1262 1573 miser,
1297 1534 1441 1574 quare
1476 1522 1732 1575 impugnas,
1767 1522 1889 1575 quod

120 1587 379 1630 defendere
414 1589 590 1632 debes‘?
638 1590 789 1641 Quare
825 1591 1036 1644 derogas,
1072 1593 1141 1633 cui
1178 1592 1322 1634 debes
1358 1593 1610 1634 assistere?
1658 1593 1890 1646 Quidquid

120 1662 265 1712 potes,
294 1659 519 1713 quidquid
549 1661 709 1713 habes,
740 1661 797 1703 ab
828 1674 882 1703 eo
912 1664 1144 1714 tamquam
1175 1675 1200 1704 a
1231 1662 1358 1704 fonte
1389 1666 1586 1705 emanat.
1632 1664 1738 1716 Ipse
1769 1664 1889 1716 fons,

119 1732 167 1771 tu
198 1729 391 1783 rivulus,
423 1731 523 1784 ipse
558 1731 765 1784 donator,
798 1735 845 1773 tu
879 1744 1056 1785 servus,
1089 1733 1189 1785 ipse
1223 1734 1433 1786 ecclesia,
1467 1734 1671 1776 omnium
1704 1734 1890 1776 ecclesi-

119 1812 249 1842 arum
274 1805 346 1843 est
371 1806 506 1854 caput
530 1805 576 1844 et
603 1803 822 1855 magister
849 1840 855 1846 .
893 1837 900 1844 .
937 1837 945 1844 .
990 1803 1092 1856 Ipsa
1120 1807 1189 1846 est
1215 1803 1378 1856 capitis
1405 1805 1551 1846 nostri
1577 1817 1760 1858 corona,
1789 1805 1889 1858 ipsa

118 1875 188 1914 est
215 1871 376 1914 finalis
402 1875 560 1914 nostra
588 1873 792 1925 victoria,
821 1874 968 1926 ipsam
998 1874 1318 1927 imperatores,
1346 1887 1482 1928 reges
1507 1878 1553 1917 et
1580 1875 1816 1929 principes
1844 1879 1889 1917 et

118 1954 279 1985 omnes
310 1943 520 1984 catholici
553 1946 838 1985 venerantur
870 1947 914 1986 et
947 1945 1014 1986 illi
1046 1957 1129 1987 sua
1161 1945 1280 1988 colla
1313 1946 1529 1988 subdunt.
1575 1946 1629 1988 Et
1659 1949 1706 1988 tu
1739 1946 1887 1999 ipsam

118 2012 369 2067 vilipendis
401 2017 446 2056 et
479 2013 720 2058 detractas.
768 2015 802 2057 O
836 2016 1015 2068 ingrate
1049 2015 1119 2057 fili
1154 2019 1200 2058 et
1231 2016 1454 2069 degener!
1501 2017 1605 2070 Ubi,
1637 2029 1816 2070 precor,
1850 2016 1886 2058 si

118 2087 196 2126 tua
218 2085 427 2137 paciatur
450 2085 661 2137 ecclesia,
685 2086 722 2127 si
747 2085 827 2127 tibi
853 2090 929 2128 aut
953 2086 1150 2128 subditis
1174 2087 1264 2129 tuis
1288 2087 1372 2128 fiat
1396 2087 1563 2129 iniuria
1588 2088 1660 2129 vel
1686 2088 1886 2140 offensa,

117 2155 226 2206 quia
247 2167 445 2197 censura
468 2158 544 2197 tua
566 2159 758 2209 propter
781 2156 900 2198 forte
924 2158 1062 2199 vitam
1087 2157 1378 2199 inhonestam
1403 2161 1479 2200 aut
1503 2159 1619 2200 alias
1642 2158 1886 2211 vilipendi-

116 2227 203 2278 tur,
222 2225 285 2267 vad
305 2238 441 2278 quem
464 2227 639 2279 venies,
663 2227 721 2268 ad
743 2239 880 2280 quem
903 2228 1150 2270 recurres‘.>
1185 2229 1370 2270 Nullum
1393 2228 1520 2270 aliud
1540 2232 1612 2270 est
1633 2228 1715 2270 tibi
1739 2241 1886 2270 reme-

115 2294 255 2348 dium,
286 2296 375 2338 nisi
407 2296 573 2338 summi
604 2296 841 2350 pontificis
872 2310 1090 2351 suprema
1122 2301 1340 2351 potestas.
1386 2299 1468 2341 Hic
1499 2303 1685 2341 cunctos
1717 2299 1885 2341 iudicat

116 2369 161 2408 et
188 2378 213 2408 a
240 2367 427 2408 nemine
455 2367 697 2420 iudicatur,
724 2368 796 2409 hic
824 2368 1003 2409 nullum
1031 2368 1209 2410 dubitat
1236 2372 1279 2411 et
1308 2369 1365 2411 ab
1393 2369 1607 2412 omnibus
1636 2370 1884 2411 dubitatur.

115 2436 267 2488 Quare
305 2437 443 2490 igitur
480 2439 754 2490 proclamas,
793 2451 936 2491 quare
975 2438 1218 2491 vociferas,
1257 2443 1403 2492 optas,
1441 2440 1564 2492 quod
1602 2441 1733 2493 layci,
1770 2453 1884 2493 quos

114 2507 297 2550 clericis
335 2507 531 2550 infestos
568 2508 757 2551 tradidit
795 2510 1060 2562 antiquitas,
1097 2509 1181 2551 hec
1221 2510 1459 2552 sencirant‘?
1511 2510 1606 2563 Vis,
1646 2511 1767 2563 quod
1805 2514 1881 2552 tue

115 2577 322 2630 opinioni
346 2578 633 2620 adhereant?
669 2579 793 2622 Jacis
815 2580 907 2621 tela
929 2583 973 2621 et
995 2579 1040 2620 in
1063 2583 1106 2621 te
1129 2581 1279 2633 ipsum
1302 2583 1610 2622 revertentur.
1645 2581 1708 2622 Te
1732 2582 1881 2633 ipsum

116 2647 248 2701 ledis,
283 2651 326 2690 te
364 2648 515 2701 ipsum
552 2648 791 2691 interficis.
841 2650 1002 2691 Totum
1040 2650 1177 2703 igitur
1213 2651 1492 2703 obmutesce,
1529 2664 1555 2692 o
1591 2651 1744 2702 stulte,
1781 2663 1879 2692 cum

114 2719 296 2760 nescias
323 2719 462 2771 loqui.
500 2719 675 2762 Stultus
702 2732 899 2773 quoque,
927 2721 963 2761 si
991 2721 1198 2773 tacuerit,
1225 2722 1414 2774 sapiens
1442 2722 1746 2774 reputabitur,
1772 2724 1816 2762 et
1843 2721 1878 2763 si

113 2789 442 2842 compresserit
471 2790 594 2832 labia
623 2803 705 2832 sua
737 2790 947 2843 (Prover.
977 2791 1154 2845 XVIII)
1188 2826 1195 2833 .
1232 2825 1239 2832 .
1276 2826 1283 2832 .

233 2860 543 2902 persecuntur
569 2860 740 2903 fratres
769 2861 1083 2904 Mendicantes
1108 2865 1152 2903 et
1177 2862 1458 2904 maledicunt
1485 2862 1766 2914 inquientes:
1807 2861 1878 2901 Hii

115 2933 220 2972 sunt
254 2930 471 2983 exempti.
518 2931 615 2972 Non
651 2944 898 2984 possumus
933 2944 1013 2974 eos
1049 2932 1312 2983 cohercere,
1347 2932 1433 2984 ipsi
1470 2935 1574 2974 sunt
1610 2931 1752 2983 multi,
1788 2943 1877 2971 non

218 3041 248 3066 a>
270 3034 321 3059 Jlii
343 3033 551 3060 obnunilarc.

183 3092 323 3123 Finke,
346 3093 425 3120 Acta
446 3092 579 3120 concilii
601 3091 879 3120 constanciensis.
904 3092 939 3119 ll.
1614 3084 1668 3121 ’,ξδ’
