2227 3434
0 304 2 310 ⁴
0 0 22 241 “V-WUW

762 101 806 136 A.
844 99 1177 135 Reformtraktate.
1769 98 1851 140 581

88 234 185 274 sua,
209 221 358 274 quiau)
386 220 467 263 toti
490 219 662 261 mundo
685 222 756 261 est
780 218 1028 260 manifesta
1053 230 1214 260 eorum
1239 216 1434 267 iusticia,
1459 217 1642 269 caritas,
1667 215 1854 266 veritas,

86 291 364 346 benignitas,
389 291 594 343 largitas,
619 289 764 331 eciam
790 288 1030 341 cupiditas.

202 362 366 405 Utrum
397 361 486 414 ipsi
516 359 689 401 domini
720 359 982 419 cardinales
1013 359 1187 411 eligant
1217 371 1299 400 seu
1331 358 1542 400 absolute
1572 357 1854 398 eleccionem

86 432 272 484 faciant,
314 444 417 473 cum
461 430 614 472 iurent
665 429 754 484 [in]
808 430 996 471 introitu
1040 430 1258 470 conclave
1304 429 1480 480 eligere
1526 427 1769 468 meliorem
1812 428 1857 467 et

88 502 340 546 secundum
376 502 523 543 Deum
559 513 611 543 ac
644 500 879 547 mundum,
914 504 1135 552 quantum
1171 499 1277 541 sciri
1312 501 1476 551 potest,
1510 498 1778 551 probiorem
1812 499 1857 538 et

87 573 179 616 vita
206 576 252 615 et
282 572 488 614 moribus
520 575 565 614 et
594 575 749 613 tamen
782 571 1043 612 luculenter
1075 572 1271 622 apparet
1300 573 1345 611 et
1374 569 1526 620 nimis,
1557 568 1681 620 quod
1712 567 1858 620 magis

90 643 273 696 iniquos
300 655 393 685 non
421 642 701 683 invenerunt
730 654 755 683 a
785 641 1012 693 Gregorio
1039 640 1117 681 XI.
1148 640 1274 691 citra,
1305 652 1441 692 quam
1471 639 1549 691 qui
1578 639 1723 680 secuti
1753 640 1857 679 sunt

88 726 208 766 eum,
241 714 389 756 eciam
424 714 531 766 quia
565 712 745 754 nullum
780 714 998 764 reputant
1032 710 1089 752 ad
1123 713 1341 763 papatum
1378 713 1533 762 aptum
1567 721 1651 750 nec
1688 709 1856 750 iustum

89 784 179 827 nisi
214 797 264 827 se
300 783 427 837 ipsos
462 787 507 825 et
540 796 599 825 ex
633 783 717 824 hoc
754 781 955 825 reddunt
991 794 1040 824 se
1077 783 1316 833 suspectos
1352 779 1497 822 eciam
1533 780 1653 821 bene
1689 778 1858 821 intelli-

87 854 318 909 gentibus,
345 857 565 907 quantum
594 854 730 895 michi
759 856 966 906 apparet,
993 851 1222 904 indignos,
1249 851 1370 904 quia,
1398 851 1474 903 qui
1503 863 1552 892 se
1581 850 1750 903 ingerit
1775 852 1857 891 etc.

205 925 368 968 Utrum
397 925 443 966 in
471 925 557 967 ista
585 924 820 965 eleccione
847 923 1016 976 prelati
1045 926 1090 964 et
1118 923 1164 963 in
1192 925 1317 963 certo
1344 933 1540 962 numero
1567 919 1624 961 de
1652 919 1860 972 qualibet

27 1048 32 1052 μ
87 995 282 1038 nacione
314 1008 399 1048 pro
429 995 515 1037 hac
546 994 643 1043 vice
676 994 879 1036 habeant
911 994 1062 1034 locum
1093 996 1139 1034 et
1170 992 1487 1050 auctoritatem
1520 990 1725 1044 eligendi
1757 1002 1860 1032 con-

89 1078 267 1108 cessam
293 1066 362 1108 eis
388 1066 445 1108 ab
472 1066 683 1118 ecclesia,
711 1065 826 1107 sicut
851 1076 1070 1105 concessa
1096 1062 1183 1105 fuit
1209 1062 1462 1115 antiquitus
1489 1062 1688 1103 dominis
1715 1060 1860 1103 cardi-

89 1136 275 1179 nalibus
305 1148 398 1178 non
431 1149 455 1178 a
487 1136 586 1177 Deo
618 1139 688 1177 set
720 1135 777 1177 ab
808 1135 1010 1186 homine,
1042 1137 1091 1176 ut
1123 1134 1217 1186 illa,
1250 1146 1339 1186 que
1370 1133 1583 1174 homines
1613 1143 1860 1174 concerne—

89 1207 213 1260 bant,
238 1207 410 1249 clarius
435 1210 482 1249 et
506 1206 782 1259 diligencius
807 1208 1157 1258 exequerentur
1181 1207 1230 1246 ut
1255 1204 1387 1257 probi
1416 1203 1503 1244 viri
1529 1206 1574 1244 et
1598 1202 1719 1256 justi.

206 1278 370 1321 Utrum
411 1277 664 1330 imperator
707 1290 806 1318 cum
848 1276 965 1329 ipsis
1005 1276 1201 1328 prelatis
1243 1275 1317 1316 vel
1361 1274 1524 1316 saltem
1569 1273 1625 1315 de
1667 1272 1861 1315 consilio

91 1360 251 1390 eorum
274 1345 455 1401 eligat¹')
481 1360 667 1401 papam,
690 1350 739 1389 ut
763 1347 879 1389 alias
904 1346 1074 1388 factum
1098 1346 1187 1387 fuit
1211 1349 1256 1387 et
1278 1348 1327 1386 ut
1351 1345 1397 1386 in
1426 1344 1724 1397 Martinana¹)
1751 1342 1861 1396 legi-

90 1421 178 1472 tur,
209 1418 354 1460 eciam
387 1418 655 1460 auctoritate
690 1417 903 1460 absoluta
935 1429 1083 1470 papas
1116 1415 1331 1469 deposuit
1364 1418 1409 1457 et
1440 1415 1594 1468 elegit,
1629 1413 1707 1467 qui
1739 1413 1860 1455 bene

35 1545 37 1547 Ι
91 1501 142 1531 se
172 1488 450 1532 habuerunt.
496 1489 551 1531 Et
582 1489 667 1531 hoc
699 1488 882 1530 videtur
913 1501 998 1541 pro
1029 1500 1153 1529 nunc
1186 1486 1436 1538 salubrius,
1470 1488 1519 1527 ut
1549 1497 1642 1527 non
1676 1484 1860 1526 eveniat

91 1572 238 1611 casus,
270 1560 388 1613 quic)
422 1561 581 1601 evenit
614 1560 659 1601 in
691 1559 845 1601 Ytalia
877 1558 1121 1600 ordinante
1155 1557 1387 1610 quondam
1420 1555 1645 1598 cardinali
1678 1555 1863 1597 Ambia-

90 1630 282 1684 nensi,²)
313 1631 390 1684 qui
422 1632 571 1672 motus
600 1629 850 1683 cupiditate
878 1632 924 1671 et
954 1629 1212 1671 ambicione
1240 1627 1445 1670 habendi
1473 1629 1693 1680 papatum
1724 1625 1861 1667 aliam

92 1701 375 1743 eleccionem
413 1700 677 1743 immediate
714 1701 992 1753 procuravit.
1042 1700 1098 1741 Et
1134 1700 1198 1740 sic
1236 1699 1402 1741 scisma
1439 1709 1638 1751 presens
1677 1696 1862 1739 intravit

93 1783 178 1825 per
217 1771 520 1823 Clementem,
562 1784 698 1824 quem
737 1773 1011 1824 prosecutus
1050 1774 1123 1812 est
1163 1770 1328 1811 Petrus
1370 1769 1426 1810 de
1469 1768 1612 1820 Luna,
1654 1766 1862 1808 Parisius

93 1840 265 1894 dicens,
299 1842 422 1894 quod
455 1855 541 1895 pro
571 1829 743 1883 unione
776 1841 849 1884 via
883 1841 1109 1883 cessionis
1142 1844 1243 1882 erat
1276 1853 1361 1892 per
1392 1851 1499 1881 eum
1534 1836 1862 1890 attemptanda,

93 1925 229 1965 quam
258 1925 345 1966 pro
373 1925 424 1955 se
453 1914 707 1966 acceptavit
735 1925 843 1955 casu
872 1913 1037 1965 posito,
1068 1911 1190 1964 quod
1219 1915 1264 1953 et
1293 1923 1414 1963 papa
1443 1910 1711 1962 eligeretur,
1742 1907 1863 1960 quod

95 1995 280 2037 semper
306 1984 461 2026 renuit
486 1983 621 2036 facto,
649 1982 873 2036 quidquid
900 1983 1169 2036 promiserit
1194 1981 1339 2023 verbo
1363 1983 1409 2022 et
1434 1979 1618 2032 scripto,
1645 1982 1714 2021 set
1739 1981 1863 2031 puto,

95 2053 217 2107 quod
253 2067 330 2097 cor
365 2054 465 2097 eius
501 2066 594 2096 non
630 2053 718 2096 erit
752 2066 873 2095 nunc
910 2053 1244 2094 mollificatum.
1295 2052 1350 2093 Et
1384 2051 1449 2094 sic
1485 2063 1585 2092 cum
1622 2049 1863 2102 iniquitate

95 2125 291 2167 aliorum
323 2138 410 2178 pro
441 2124 582 2167 dubio
614 2137 780 2177 magno
810 2127 962 2175 tene0‚
995 2123 1132 2176 quod,
1165 2123 1256 2164 nisi
1290 2122 1335 2163 in
1367 2122 1453 2163 hoc
1478 2121 1584 2177 ¹loco
1617 2120 1864 2162 auctoritas

97 2195 405 2249 imperatoris,
433 2196 510 2249 qui
540 2195 701 2248 ligabit
730 2209 778 2238 se
806 2207 907 2236 cum
934 2193 1226 2246 principibus
1253 2196 1411 2234 contra
1440 2192 1551 2234 istos
1578 2194 1688 2242 tres,
1717 2191 1864 2232 locum

98 2266 233 2309 modo
267 2266 452 2318 habeat,
489 2278 581 2307 non
620 2265 706 2307 fiet
741 2278 833 2319 pax
872 2265 918 2306 in
957 2264 1153 2307 ecclesia
1193 2264 1292 2315 Dei,
1332 2275 1469 2316 quam
1509 2261 1759 2315 querimus,
1811 2260 1865 2302 Et

97 2337 229 2390 quasi
266 2336 432 2379 similis
466 2349 600 2379 casus
636 2337 791 2378 evenit
828 2336 872 2377 in
908 2335 1143 2377 eleccione
1180 2334 1353 2376 domini
1389 2334 1535 2375 nostri
1571 2331 1783 2374 moderni
1819 2331 1864 2372 in

97 2407 305 2450 Bononia
339 2406 460 2449 inter
495 2408 621 2461 ipsos
656 2407 866 2449 dominos
902 2405 1178 2448 cardinales.
1226 2405 1425 2446 Narrent
1458 2402 1561 2456 ipsi,
1595 2403 1672 2456 qui
1709 2402 1864 2444 dicere

97 2480 315 2520 tenentur
339 2477 474 2520 modo
500 2477 756 2520 veritatem.

215 2549 377 2591 Utrum
428 2560 549 2601 papa
598 2551 812 2590 teneatur
861 2547 1037 2589 habere
1088 2545 1482 2597 elemosinarium,
1534 2544 1611 2596 qui
1664 2543 1866 2596 inquirat

99 2619 416 2673 hospitalaria,
451 2619 711 2672 leprosoria
746 2621 791 2660 et
824 2617 1008 2669 similia,
1045 2617 1159 2660 sicut
1191 2615 1333 2658 habet
1365 2615 1637 2657 collectores
1673 2613 1729 2655 ad
1765 2625 1866 2654 con-

99 2689 398 2743 gregandum,
426 2689 734 2731 cubicularios
762 2689 821 2731 ad
849 2687 1162 2739 serviendum,
1191 2685 1467 2729 secretarios
1495 2684 1553 2727 ad
1582 2684 1701 2726 male
1731 2695 1866 2736 agen-

205 2818 235 2849 a)
258 2818 302 2843 lla
324 2823 395 2850 qne.
452 2817 482 2845 l»)
508 2818 551 2843 lls
573 2816 707 2850 eligant.
764 2818 792 2847 c)
817 2816 860 2841 m
883 2815 965 2848 fol-q!
988 2821 1051 2841 non
1073 2813 1280 2846 iilwrsliissiq.
1321 2812 1363 2839 Oh
1385 2813 1463 2839 sture
1485 2810 1601 2837 niodo?

220 2878 250 2919 ¹)
281 2877 324 2911 Ι).
353 2877 386 2911 h.
415 2877 452 2911 in
479 2878 548 2910 cler
575 2876 745 2910 (vn-:mik
770 2877 838 2909 <les
866 2875 1054 2909 Martinus
1081 2873 1257 2907 polanus.

226 2936 257 2975 2)
299 2934 371 2975 l'ql.
403 2934 496 2967 iiber
523 2935 655 2967 diesen
686 2933 871 2966 Knrdinal
899 2933 970 2970 (La
1001 2932 1172 2973 (r'rnnsse)
1211 2930 1343 2964 salvis.
1374 2930 1423 2963 La
1454 2930 1595 2962 Franco
1624 2929 1658 2961 el
1688 2928 1722 2960 Ie
1750 2924 1868 2966 strand

103 2993 267 3028 schisma
293 2992 321 3029 1,
345 2993 389 3027 159
413 2992 455 3036 ῘῘ.
503 2991 575 3033 l'ql.
601 2991 693 3025 auch
722 2990 896 3034 Reqisler
922 2990 986 3025 Bcl.
1013 2988 1060 3023 II.
