2102 3444
281 135 366 178 256
816 135 841 169 Ι.
868 135 1078 170 Abschnitt.
1118 135 1518 180 Konzilstagebiicher.

282 254 529 295 terminum
571 257 727 296 mutue
768 254 1031 307 personalis
1073 255 1400 297 convencionis
1438 268 1587 308 usque
1631 256 1687 298 ad
1729 259 1936 297 octavum
1978 257 2050 298 vel

283 324 509 366 decimum
543 324 664 366 diem
695 325 895 378 proximi
930 326 1104 367 mensis
1137 326 1330 378 Augusti
1363 327 1619 380 prorogari.
1666 326 1837 367 Verum
1869 338 2053 380 quoque

283 408 367 438 nos
391 408 482 437 non
507 396 797 438 obstantibus
820 399 978 438 nostre
1003 399 1046 437 et
1070 396 1280 438 comitive
1305 409 1611 450 personarum
1637 396 2054 450 defatigacionibus

283 478 602 520 equorumque
643 467 1036 526 destructionibus
1076 468 1315 510 fueramus
1355 467 1491 510 firma
1530 469 1776 510 tenacitate
1816 470 1861 511 et
1899 467 2052 511 stabili

284 538 649 591 promptitudine
686 538 835 591 parati
873 538 919 579 in
956 538 1172 581 Narbona
1209 539 1267 580 ad
1302 539 1550 580 terminum
1588 539 1858 592 deputatum
1893 540 2052 592 procul

284 608 423 650 dubio
457 608 670 650 constitui
704 612 749 650 et
783 609 1035 662 applicare.
1082 609 1415 653 Nichilominus
1448 613 1603 652 tamen
1637 609 1877 663 potissime
1912 612 2056 652 atten-

284 679 448 721 dentes
488 679 872 733 impedimentum
911 693 1134 733 corporee
1175 680 1461 723 infirmitatis
1499 682 1602 723 fore
1643 681 1898 734 legitimum
1936 681 2055 723 votis

256 788 258 790 ,
283 750 493 792 eiusdem
518 751 643 803 regis
668 750 727 792 ad
752 751 1134 804 prorogacionem
1161 752 1206 794 in
1232 752 1316 794 hac
1340 756 1472 805 parte
1498 752 1714 794 duximus
1740 751 2055 805 annuendum,

284 834 342 862 ne
381 825 512 874 parte
551 822 696 864 nostri
736 822 940 875 quidque
980 822 1187 864 deficere
1226 823 1452 875 videatur,
1492 824 1640 865 dietas
1679 827 1834 865 tamen
1874 822 2054 865 itineris

285 892 429 934 nostri
452 893 663 946 quamvis
687 894 822 936 solito
844 897 890 935 et
911 894 1123 936 inchoato
1144 907 1271 936 more
1295 907 1387 936 non
1409 898 1500 936 tam
1524 894 1804 936 festinanter
1827 897 1896 937 set
1918 893 2056 936 lenci-

284 964 443 1006 oribus
467 963 683 1017 equidem
707 964 925 1018 passibus
948 965 1006 1007 ad
1030 967 1177 1007 locum
1202 965 1520 1019 presignatum
1544 966 1645 1007 sine
1670 964 2055 1019 interpollacione

284 1035 620 1088 continuamus,
657 1035 992 1078 contendentes
1028 1036 1166 1078 aliam
1202 1039 1381 1090 partem
1420 1036 1607 1078 omnino
1640 1035 1905 1090 prevenire.
1955 1035 2054 1078 Dat.

284 1105 512 1159 Sysseron
550 1106 766 1149 XXVIII.
805 1107 880 1149 die
918 1107 1030 1149 Julii
1069 1120 1318 1161 regnorum
1355 1111 1620 1150 nostrorum
1658 1120 1780 1150 anno
1817 1107 2055 1161 Hungarie

284 1180 366 1219 etc.
395 1177 637 1231 XXVIIII,
665 1177 858 1219 Romani
887 1190 999 1220 vero
1026 1178 1188 1232 primo.

401 1248 562 1289 Revmo
595 1249 642 1290 in
677 1248 783 1291 Chr.
817 1261 860 1302 p.
895 1249 937 1290 d.
972 1249 1107 1291 fratri
1142 1250 1343 1291 Johanni
1377 1249 1619 1303 Dominici,
1652 1249 1958 1292 miseracione
1993 1249 2057 1291 di-

284 1320 392 1362 vina
421 1320 541 1361 tituli
573 1320 717 1362 sancti
747 1319 863 1362 Sixti
891 1320 1169 1373 presbytero
1199 1320 1424 1362 cardinali
1454 1320 1639 1363 domino
1668 1323 1827 1363 nostro
1857 1320 2057 1374 singula-

287 1390 484 1433 rissimo.
1808 1447 1812 1451 ι

401 1461 562 1502 Revme
595 1462 642 1503 in
677 1461 782 1504 Chr.
815 1475 858 1515 p.
893 1465 937 1504 et
971 1462 1028 1515 d„
1062 1462 1104 1504 d.
1139 1462 1528 1515 singularissime!
1577 1462 1685 1504 Post
1718 1461 2057 1505 recomendaci-

285 1545 434 1575 onem.
479 1533 758 1586 Recepimus
792 1532 970 1576 litteras
1005 1534 1046 1575 d.
1081 1547 1120 1576 v.
1155 1534 1353 1587 coll-egio
1384 1536 1545 1576 nostro
1578 1533 1791 1586 directas,
1822 1545 1909 1587 per
1942 1544 2058 1586 quas

286 1605 406 1645 inter
437 1604 553 1646 alias
584 1604 719 1647 nobis
751 1604 984 1657 significat
1015 1618 1054 1647 e.
1085 1605 1126 1648 d.
1158 1618 1199 1647 v.
1231 1604 1411 1646 concilii
1444 1603 1831 1647 autorizacionem
1861 1617 1947 1658 per
1975 1616 2058 1646 vos

286 1674 453 1717 factam
488 1679 533 1717 et
567 1675 974 1718 renunciacionem
1009 1675 1177 1718 factam
1212 1688 1298 1730 per
1333 1675 1631 1729 magnificum
1667 1675 1709 1717 d.
1747 1675 1965 1718 Carolum
2000 1674 2056 1717 de

287 1745 542 1789 Malatestis
571 1747 892 1799 procuratorio
922 1747 1111 1789 nomine
1143 1747 1252 1789 olim
1285 1747 1326 1789 d.
1358 1747 1505 1789 nostri
1538 1746 1722 1800 aliaque
1754 1759 1891 1800 quam
1921 1746 2058 1800 plura

287 1817 345 1858 ad
370 1818 741 1860 consolacionem
766 1821 973 1860 nostram
997 1817 1258 1860 tendencia.
1298 1818 1365 1860 De
1391 1830 1587 1871 quarum
1614 1818 1875 1859 litterarum
1901 1829 2059 1870 recep-

286 1887 411 1930 tione
437 1889 689 1930 maximum
716 1892 1008 1932 assumentes
1033 1889 1252 1942 gaudium
1278 1888 1462 1942 prefate
1489 1901 1584 1930 rev.
1613 1888 1654 1930 d.
1682 1901 1737 1942 v.,
1764 1891 1986 1942 quantum
2011 1887 2058 1929 in

287 1959 421 2002 nobis
460 1960 749 2012 possibilitas
788 1960 979 2002 extendi
1019 1963 1185 2013 potest,
1226 1973 1284 2002 ex
1324 1961 1462 2002 corde
1504 1959 1756 2002 referimus
1795 1959 2058 2002 uberrimas

287 2029 547 2083 graciarum
582 2031 801 2083 actiones,
835 2033 1137 2084 expectantes
1172 2031 1346 2084 dietim,
1381 2034 1430 2073 ut
1463 2044 1488 2073 a
1523 2043 1655 2073 sacro
1685 2029 1880 2073 concilio
1912 2030 1987 2072 vel
2023 2042 2058 2072 r.

289 2101 330 2143 d.
371 2114 411 2144 v.
451 2102 587 2144 nobis
628 2101 855 2144 scribatur
897 2102 1074 2155 aliquid
1114 2102 1171 2144 de
1212 2102 1369 2144 futuro
1410 2102 1612 2144 adventu
1651 2104 1815 2144 nostro
1851 2100 1961 2143 illuc
2001 2100 2060 2143 ad

290 2184 471 2214 sacrum
509 2172 753 2214 concilium
788 2173 1085 2226 prelibatum,
1124 2177 1201 2215 aut
1237 2173 1348 2226 quid
1385 2173 1443 2215 ad
1481 2175 1685 2215 sanctam
1720 2171 1918 2214 ecclesie
1956 2184 2060 2225 per—

289 2243 539 2285 ficiendam
579 2246 716 2297 atque
756 2244 1078 2297 compl-endam
1117 2245 1352 2297 unionem,
1393 2256 1530 2297 quam
1569 2243 1822 2286 affectione
1859 2242 2060 2285 maxima

291 2327 478 2368 semper
515 2314 788 2367 optavimus,
826 2327 986 2357 sumus
1022 2316 1181 2357 acturi.
1231 2315 1361 2366 Quod
1398 2315 1436 2356 si
1472 2314 1657 2368 prefata
1693 2327 1729 2357 r.
1767 2314 1810 2357 d.
1847 2327 1888 2356 v.
1924 2312 2061 2356 nobis

290 2385 473 2438 scribet,
503 2397 641 2439 quam
668 2384 920 2438 plurimum
949 2385 1329 2438 gratificabimini
1357 2385 1475 2429 votis
1503 2385 1676 2428 nostris
1704 2385 1845 2438 idque
1874 2383 2062 2427 ascribi-

290 2468 392 2499 mus
416 2458 646 2510 perpetuo
673 2456 731 2498 ad
756 2456 958 2510 graciam
985 2456 1282 2509 singularem.
1324 2457 1424 2499 Dat.
1453 2456 1500 2498 in
1526 2459 1677 2499 castro
1706 2455 2060 2508 Montisflorum‚

292 2527 366 2569 die
403 2527 459 2570 ΙΙ.
491 2527 700 2580 Augusti.

408 2598 630 2641 Eiusdem
658 2610 693 2640 r.
721 2597 762 2640 d.
790 2610 830 2639 v.
856 2597 946 2639 filii
975 2601 1020 2640 et
1046 2598 1299 2641 servitores
1327 2598 1378 2639 A.
1406 2597 1731 2650 Bononiensis,
1757 2597 1810 2640 G.
1837 2596 2061 2640 Senensis

292 2668 568 2712 cardinales.

407 2740 568 2782 Revme
601 2740 648 2782 in
681 2739 786 2782 Chr.
819 2752 862 2793 p.
895 2742 940 2781 et
973 2739 1014 2781 d.
1049 2739 1109 2781 mi
1139 2738 1531 2792 singularissime!
1578 2739 1688 2782 Post
1717 2737 2062 2781 recommenda-

292 2811 470 2853 cionem
498 2814 542 2854 et
569 2811 771 2854 animum
800 2811 858 2853 ad
884 2811 1010 2853 iussa
1037 2813 1264 2863 paratum.
1302 2809 1473 2863 Recepi
1500 2810 1680 2853 litteras
1707 2823 1742 2852 r.
1770 2822 1813 2863 p.
1840 2823 1880 2852 v.
1908 2809 1965 2852 de
1991 2820 2062 2851 re-

290 2882 594 2924 nunciacione
629 2881 749 2924 facta
782 2882 1086 2934 continentes,
1121 2881 1177 2922 de
1212 2893 1301 2933 qua
1335 2881 1548 2934 plenarie
1580 2880 1827 2923 habuimus
1859 2892 1945 2934 per
1977 2879 2062 2922 Ser

293 2952 561 3006 Thomeum,
592 2953 922 2995 cancellarium
953 2951 1188 3006 magnifici
1218 2955 1265 2993 et
1293 2951 1467 2993 excelsi
1500 2951 1541 2994 d.
1573 2951 1615 2993 d.
1648 2951 1803 2994 Caroli
1834 2951 1892 2993 de
1927 2950 2063 2993 Mala-

295 3024 424 3066 testis
461 3025 549 3066 huc
585 3024 897 3077 applicantem
934 3023 991 3066 de
1027 3025 1160 3065 nocte
1197 3022 1318 3064 inter
1355 3022 1579 3064 decimam
1615 3034 1785 3065 nonam
1820 3024 1867 3064 et
1901 3021 2062 3064 vicesi-
