2227 3434
496 172 539 207 A.
580 171 779 208 Fillastres
807 171 923 208 Gesta
949 173 1100 209 concilii
1127 172 1442 210 Constantiensis.
1798 178 1852 221 31

205 290 420 334 Crastino
452 294 607 334 autem
641 304 776 334 mane
810 293 932 334 circa
966 296 1117 335 ortum
1151 294 1265 336 solis
1297 294 1437 336 XXV.
1470 294 1662 348 Aprilis,
1697 295 1745 336 in
1779 295 1854 336 die

84 362 230 404 sancti
261 361 414 415 Marci,
439 375 533 404 non
559 362 665 405 dato
691 375 920 416 responso
945 366 990 405 et
1016 363 1278 406 insalutatis
1304 365 1486 407 nunciis
1512 368 1558 407 et
1584 365 1756 418 insciis,
1784 378 1854 407 re—

85 432 225 475 cessit
252 433 310 475 de
338 433 560 476 Brisacho
587 437 633 476 et
660 434 718 475 de
747 434 955 487 hospicio
984 435 1112 477 solus
1139 438 1184 476 et
1212 435 1359 488 pedes
1386 448 1487 477 cum
1515 449 1607 478 uno
1634 436 1855 478 familiari

85 515 179 545 non
204 505 329 558 suoa)
356 505 567 557 porrexit
592 505 650 547 ad
673 508 876 558 pontem,
901 505 1100 549 credens
1125 507 1341 548 transire.
1379 506 1457 549 Set
1482 506 1570 548 fuit
1593 507 1855 560 prohibitus

86 577 132 617 et
154 573 318 617 ductus
341 587 427 629 per
450 575 606 627 alium,
629 575 707 628 qui
731 577 1017 629 supervenit,
1041 576 1100 618 ad
1124 576 1262 618 aliam
1285 577 1406 619 viam
1429 577 1476 618 in
1500 578 1687 631 longum
1710 578 1856 619 flumi-

85 646 160 688 nis
184 646 402 699 superius
426 649 472 688 et
498 646 623 689 stetit
646 647 694 688 in
720 659 813 689 una
838 648 1032 700 grangia
1057 659 1179 700 pene
1207 648 1334 690 solus
1360 652 1614 701 expectans
1640 661 1786 701 equos
1812 652 1857 691 et

87 717 368 760 societatem.
422 717 598 769 Quibus
639 717 810 760 habitis
852 718 1014 760 ductus
1056 721 1126 760 est
1166 731 1251 772 per
1291 722 1454 772 gentes
1497 719 1626 762 ducis
1668 721 1856 761 Austrie

22 779 26 781 ’
86 788 305 841 superius
341 800 507 831 versus
545 788 779 831 Basileam
817 789 876 831 ad
914 789 1102 842 opidum
1141 790 1517 843 Nommburgum
1557 791 1614 832 de
1654 791 1856 832 dominio

85 858 230 913 ducis,
253 859 333 901 ubi
358 872 451 901 non
476 862 548 901 est
572 872 704 912 pons.
742 860 798 901 Et
822 860 886 901 ibi
911 860 1131 902 credebat
1156 873 1241 913 per
1266 873 1411 903 naves
1436 861 1615 903 Renum
1641 861 1856 913 transire,

85 932 156 972 set
179 942 273 972 non
298 930 525 983 transivit,
550 930 846 983 curialesque
872 930 1004 972 illum
1032 932 1216 984 sequuti
1244 934 1363 973 sunt.

202 1012 378 1054 Eodem
416 1013 492 1055 die
531 1013 670 1055 circa*
690 1016 897 1055 octavam
935 1017 1039 1067 post
1078 1013 1323 1055 meridiem
1362 1014 1486 1056 cives
1525 1027 1576 1056 ac
1614 1015 1764 1057 incole
1805 1027 1855 1057 se

85 1087 385 1126 armaverunt
407 1087 453 1125 et
476 1083 563 1126 fuit
585 1084 809 1126 tumultus
833 1088 878 1126 et
900 1097 1072 1136 rumor,
1097 1085 1221 1137 quod
1243 1084 1531 1127 Basileensis
1556 1086 1613 1127 de
1639 1085 1856 1127 mandato

84 1155 210 1208 regis
234 1154 547 1196 Romanorum
572 1155 824 1197 veniebant
850 1155 909 1197 ad
933 1155 1297 1208 expugnandum
1322 1156 1439 1197 illud
1465 1156 1666 1209 opidum.
1705 1157 1856 1198 Vene-

84 1228 285 1279 runtque
312 1225 371 1268 ad
394 1238 563 1279 papam
587 1229 751 1279 gentes
778 1226 907 1268 ducis
932 1227 1120 1268 Austrie
1147 1227 1355 1269 dicentes
1380 1227 1479 1279 hec,
1505 1230 1549 1268 et
1575 1227 1699 1280 quod
1724 1240 1856 1280 opor-

83 1296 210 1339 tebat
236 1309 406 1350 papam
434 1297 657 1339 recedere
687 1300 732 1339 et
759 1297 917 1339 redire
946 1297 1232 1339 Brisachum.

200 1379 377 1421 Verum
407 1382 479 1422 est
510 1383 679 1432 autem,
711 1380 835 1433 quod
866 1393 952 1422 rex
982 1380 1294 1422 Romanorum
1326 1383 1454 1423 stans
1485 1380 1533 1422 in
1567 1380 1856 1432 Constancia‚

84 1463 186 1492 cum
216 1450 391 1493 audivit
420 1463 591 1504 papam
620 1452 744 1493 velle
775 1451 844 1493 ire
875 1451 934 1493 ad
963 1451 1207 1493 Franciam
1237 1455 1282 1493 et
1310 1455 1499 1504 paratas
1529 1454 1692 1505 gentes
1722 1452 1857 1493 armi-

83 1532 222 1574 geras
246 1521 306 1564 ad
331 1520 656 1563 deducendum
682 1534 803 1575 eum,
829 1522 1110 1564 deliberavit
1136 1522 1365 1575 impedire
1391 1525 1437 1564 et
1463 1522 1586 1575 fecit,
1614 1522 1737 1575 quod
1763 1522 1857 1563 dux

85 1591 282 1634 Bavarie
309 1592 584 1646 Ludovicus‚
610 1593 759 1635 frater
785 1594 947 1646 regine
976 1593 1172 1635 Francie
1200 1596 1245 1635 et
1269 1593 1483 1635 eiusdem
1509 1593 1633 1646 regis
1660 1593 1858 1634 nuncius

85 1663 146 1706 ad
166 1663 410 1706 concilium
433 1664 693 1707 destinatus
715 1667 1029 1717 cognatusque
1051 1676 1302 1717 germanus
1325 1664 1454 1706 ducis
1474 1664 1677 1716 Austrie,
1698 1667 1857 1717 utpote

84 1735 181 1777 nati
213 1747 273 1776 ex
306 1734 487 1777 duabus
521 1735 775 1788 sororibus,
809 1738 853 1777 et
886 1735 966 1788 qui
997 1735 1278 1788 procurabat
1310 1747 1472 1788 pacem
1507 1735 1636 1777 ducis
1669 1734 1856 1776 Austrie

86 1805 211 1859 apud
231 1818 339 1848 eum
361 1818 535 1860 regem,
559 1807 744 1859 scripsit
766 1806 1047 1848 festinanter
1070 1806 1175 1847 duci
1195 1806 1399 1859 Austrie,
1423 1806 1547 1859 quod
1569 1807 1701 1848 nullo
1722 1805 1857 1847 modo

85 1889 255 1930 papam
295 1877 426 1919 abire
467 1878 772 1931 permitteret.
826 1877 880 1919 Et
919 1880 1238 1930 pervenerunt
1278 1877 1432 1919 littere
1473 1878 1553 1918 ille
1595 1877 1653 1919 ad
1693 1876 1855 1918 ducem

85 1947 206 1991 circa
232 1948 362 1990 illam
389 1949 566 1990 horam.
608 1948 662 1990 Et
690 1949 775 1990 hec
803 1947 892 1990 fuit
920 1961 1060 1990 causa
1087 1947 1369 1990 retencionis
1397 1960 1534 2001 pape,
1564 1948 1671 2001 quia
1699 1960 1857 1989 rumor

86 2018 168 2061 ille
191 2019 250 2062 de
274 2019 615 2062 Basiliensibus
637 2017 810 2073 fictusb)
836 2019 937 2061 suit.
972 2019 1120 2061 Nichil
1144 2019 1270 2060 enim
1294 2022 1395 2061 erat
1419 2019 1467 2060 in
1490 2031 1556 2060 re.

209 2101 294 2145 Illa
322 2103 461 2155 igitur
489 2101 619 2144 VIII.
647 2101 763 2144 hora
791 2102 849 2143 de
877 2105 1009 2144 nocte
1038 2104 1222 2144 coactus
1251 2105 1322 2144 est
1349 2114 1472 2155 papa
1501 2113 1672 2154 equum
1701 2113 1859 2143 ascen-

87 2172 200 2216 dere
233 2174 280 2215 in
310 2173 473 2216 habitu
503 2172 622 2225 laici,
654 2173 701 2214 in
731 2172 972 2226 jupponno
1003 2173 1111 2215 albo
1142 2176 1187 2214 et
1218 2173 1424 2226 desuper
1453 2172 1571 2214 huca
1602 2173 1736 2225 nigra
1766 2171 1858 2213 fixa

88 2247 194 2287 ante
218 2247 264 2287 et
288 2247 428 2297 retro,
451 2244 514 2286 ita
538 2244 661 2297 quod
684 2243 874 2297 patebat
895 2243 1039 2286 vestis
1063 2243 1170 2286 alba
1193 2243 1387 2297 jupponi
1412 2243 1584 2285 brevis.
1622 2243 1676 2284 Et
1701 2255 1858 2284 ascen-

88 2314 154 2357 dit
177 2327 320 2369 super
341 2327 513 2368 equum
535 2327 731 2368 parvum
754 2315 952 2368 nigrum,
974 2317 1112 2368 prout
1133 2315 1287 2357 testati
1312 2317 1432 2367 sunt,
1456 2315 1534 2367 qui
1558 2313 1788 2365 viderunt,
1813 2316 1857 2354 et

86 2389 218 2428 nocte
250 2386 351 2429 sine
384 2386 610 2439 sompnio‚
642 2386 721 2439 qui
752 2398 839 2428 nec
870 2388 1003 2427 nocte
1036 2385 1307 2439 precedenti
1341 2384 1607 2437 dormierat,
1640 2384 1857 2426 reductus

86 2460 158 2500 est
185 2457 456 2500 Brisachum
485 2457 661 2503 relictis
688 2457 904 2499 omnibus
933 2457 1089 2498 rebus.
1131 2456 1185 2498 Et
1213 2457 1357 2498 secuti
1387 2459 1493 2498 sunt
1521 2468 1626 2497 eum
1656 2455 1857 2496 curiales

88 2540 250 2570 omnes
270 2531 465 2581 repente
487 2531 534 2571 et
552 2527 803 2570 inordinati
825 2528 1032 2569 multum.
1068 2527 1294 2580 Fugiebat
1312 2527 1438 2568 enim
1458 2539 1595 2579 papa,
1617 2526 1858 2579 fugiebant

0 2602 8 2655 'k
86 2600 230 2642 ceteri
259 2602 306 2642 et
336 2599 394 2641 de
424 2602 557 2641 nocte
590 2599 691 2641 sine
723 2599 1070 2652 persecucione.
1116 2598 1171 2640 Et
1200 2601 1304 2650 post
1335 2597 1537 2639 mediam
1568 2599 1748 2638 noctem
1781 2609 1858 2649 ap-

87 2671 351 2724 plicuerunt
380 2670 652 2712 Brisachum
682 2672 728 2712 et
756 2672 1120 2723 expectaverunt
1151 2668 1211 2710 ad
1239 2671 1420 2722 portam
1449 2680 1535 2721 per
1564 2668 1726 2709 horam
1756 2679 1857 2708 cum

0 2735 9 2744 ⁷
87 2740 281 2784 dimidia
311 2744 357 2784 et
388 2740 519 2783 missi
551 2743 658 2783 sunt
690 2740 747 2782 de
780 2752 873 2782 una
905 2743 1038 2793 porta
1070 2739 1130 2781 ad
1162 2740 1371 2781 alteram.
1417 2738 1624 2780 Tandem
1658 2736 1856 2791 ingressi

88 2815 208 2855 sunt.
246 2812 410 2854 Nuncii
438 2812 588 2866 veross)
621 2811 742 2854 dicta
770 2811 845 2853 die
874 2811 992 2853 iovis
1020 2810 1078 2852 de
1108 2822 1244 2852 mane
1274 2809 1431 2852 audito
1459 2812 1505 2851 et
1534 2809 1760 2851 admirato
1788 2820 1857 2849 re-

87 2895 223 2926 cessu
245 2895 368 2936 pape
393 2882 776 2924 deliberaverunt
800 2881 973 2923 reverti
999 2881 1322 2923 Constanciam
1348 2883 1393 2922 et
1417 2882 1735 2933 pervenerunt
1763 2878 1857 2920 Fri-

31 2998 38 3004 ,
87 2953 286 3008 burgum
310 2953 413 3007 ipsa
436 2953 511 2995 die
538 2953 670 3006 iovis,
695 2952 932 3006 desperati
959 2952 1017 2994 de
1042 2951 1208 2993 effectu
1234 2950 1486 3004 legacionis
1511 2950 1732 3003 predicte.

202 3100 232 3127 a)
253 3101 288 3121 so
310 3094 348 3127 B,
370 3094 400 3120 (J,
474 3092 506 3125 b)
528 3092 556 3118 Β
576 3091 694 3119 faetus.
768 3096 797 3125 c)
817 3091 898 3125 fehlt
922 3092 958 3118 Β.
