2102 3444
240 149 326 192 358
777 148 800 181 I.
828 146 1037 182 Abschnitt.
1078 145 1476 190 Konzilstagebiicher.

241 267 398 309 ciones
432 267 536 309 aliis
569 266 842 308 nacionibus
875 265 1281 307 communicarent.
1328 265 1383 307 Et
1413 265 1600 308 tandem
1634 265 1893 309 deliberata
1925 278 2010 320 per

242 337 386 380 dictas
411 337 528 380 duas
551 336 773 378 naciones
797 348 883 389 per
908 335 1093 377 modum
1119 334 1425 378 advisamenti
1451 335 1641 378 fuerunt
1666 337 1796 379 lecta.
1835 336 2010 388 Quibus

243 408 373 450 lectis
405 407 492 449 fuit
522 406 810 460 requisitum,
844 406 966 459 quod
999 405 1288 459 recederent,
1322 406 1437 449 sicut
1468 410 1514 449 et
1546 406 1772 449 fecerunt.
1818 407 1873 450 Et
1903 408 2010 460 quia

242 478 283 519 (l.
318 479 571 531 imperator
602 477 745 519 vellet
776 489 1022 518 remanere
1056 489 1158 518 cum
1192 490 1276 520 suo
1304 478 1515 530 consilio,
1549 477 1590 519 d.
1625 477 1885 520 Ludovicus
1918 477 2011 520 dux

243 549 438 591 Bavarie
478 549 534 590 de
574 560 805 590 consensu
842 548 1039 590 aliorum
1078 548 1463 590 ambassiatorum
1502 548 1626 590 venit
1665 548 1723 591 ad
1760 548 1931 591 dictum
1967 549 2010 590 d.

243 619 569 672 imperatorem
603 622 647 661 et
678 619 724 659 in
757 631 869 660 aure
902 618 1134 661 submissa
1164 631 1274 661 voce
1308 619 1415 661 dicit
1446 619 1549 672 sibi,
1581 619 1704 672 quod
1734 619 1838 662 eius
1864 618 2013 662 consi-

243 690 352 731 lium
381 689 640 742 recederet3
670 690 726 731 de
755 702 846 742 quo
872 689 1020 732 dictus
1047 689 1089 731 d.
1118 690 1371 743 imperator
1397 689 1485 732 fuit
1512 689 1778 743 aliqualiter
1806 689 2012 732 irritatus

242 764 287 803 et
327 763 447 802 totus
488 759 739 803 iracundus
781 760 973 803 recessit
1016 761 1193 802 dicens:
1249 761 1345 814 Ego
1386 760 1569 814 videbo,
1612 760 1716 814 quis
1757 761 2014 804 removebit

242 831 376 873 michi
403 831 629 873 honorem
656 844 823 873 meum.
862 831 973 874 Post
999 831 1101 873 eius
1128 844 1365 874 recessum
1392 831 1433 873 d.
1461 831 1711 884 presidens
1738 831 1910 886 incepit
1934 844 2013 886 pe-

241 905 339 944 tere
368 904 472 944 vota
500 902 703 944 omnium
731 905 777 944 et
802 902 954 956 primo
981 902 1022 944 d.
1052 901 1360 945 cardinalium
1387 905 1431 944 et
1458 915 1560 944 cum
1589 902 1630 944 d.
1659 902 1911 946 cardinalis
1937 902 2014 945 Vi—

243 973 473 1016 x‘ariensis
510 973 686 1016 diceret
724 973 1119 1015 deliberacionem
1158 986 1301 1026 suam,
1340 973 1381 1015 d.
1422 973 1674 1026 imperator
1710 973 1835 1016 misit
1870 986 2013 1016 unum

241 1044 494 1087 notabilem
524 1043 672 1086 virum
702 1044 758 1086 de
788 1044 982 1087 consilio
1011 1058 1108 1097 suo,
1138 1057 1223 1098 per
1252 1057 1389 1097 quem
1419 1044 1667 1098 mandavit,
1697 1044 1833 1098 quod,
1864 1045 1902 1087 si
1933 1045 2014 1087 ali-

241 1115 344 1168 quis
381 1115 427 1157 in
463 1114 582 1157 dicta
617 1115 996 1168 congregacione,
1032 1116 1109 1169 qui
1145 1128 1238 1157 non
1273 1118 1398 1158 esset
1433 1115 1489 1157 de
1524 1115 1719 1158 nacione
1755 1114 2012 1168 Gallicana,

241 1185 392 1228 statim
419 1185 617 1228 haberet
643 1185 866 1228 recedere
896 1186 953 1228 de
983 1186 1102 1228 dicta
1130 1186 1509 1239 congregacione,
1537 1185 1661 1239 quod
1689 1186 1731 1228 d.
1760 1186 2013 1240 imperator

242 1257 533 1310 precipiebat
567 1256 653 1300 sub
688 1257 823 1311 penis
858 1257 1037 1310 magnis
1073 1260 1117 1299 et
1153 1257 1276 1310 quod
1311 1256 1429 1299 dicta
1462 1256 1596 1299 nacio
1630 1256 1931 1311 deliberaret,
1966 1260 2016 1299 ut

242 1327 330 1369 sibi
355 1327 606 1372 videretur.
645 1327 755 1370 Post
777 1328 902 1381 quod
925 1328 967 1370 d.
993 1327 1244 1371 cardinalis
1270 1328 1562 1370 Vivariensis
1586 1328 1750 1371 vol-ens
1774 1327 1944 1371 melius
1967 1331 2014 1370 et

241 1398 389 1441 tucius
415 1398 681 1441 deliberare
707 1399 909 1441 asseruit
931 1402 979 1441 et
1004 1398 1132 1452 dixit,
1158 1399 1281 1452 quod
1307 1411 1438 1441 suam
1462 1398 1858 1441 deliberacionem
1883 1398 2015 1441 daret

245 1470 289 1511 in
320 1470 503 1523 scriptis
532 1482 618 1523 per
645 1472 786 1512 totam
816 1469 944 1512 illam
975 1470 1112 1512 diem.
1159 1469 1271 1511 Item
1301 1470 1342 1511 d.
1370 1469 1625 1512 cardinalis
1656 1483 1690 1513 s.
1722 1469 1878 1523 Marci,
1908 1469 2015 1512 licet

242 1540 493 1593 incepisset
526 1541 680 1583 dicere
714 1553 844 1583 suam
878 1540 1287 1594 deliberacionem,
1319 1540 1428 1594 quia
1456 1553 1543 1594 per
1575 1540 1758 1594 aliquos
1788 1539 1877 1583 fuit
1907 1540 2015 1584 sibi-

242 1612 376 1664 latus,
406 1611 555 1654 noluit
584 1611 819 1665 perficere
852 1624 982 1654 suam
1016 1611 1426 1664 deliberacionem,
1459 1611 1543 1654 sed
1576 1611 1792 1654 similiter
1823 1610 1933 1654 dicit
1963 1623 2014 1654 se

244 1682 355 1724 dare
386 1683 433 1724 in
462 1682 659 1736 scriptis.
701 1683 831 1734 Quod
859 1683 1004 1725 eciam
1034 1682 1248 1725 fecerunt
1277 1682 1355 1725 alii
1384 1682 1475 1725 duo
1503 1681 1766 1725 cardinales
1795 1685 1840 1725 et
1867 1694 2016 1725 came-

242 1754 394 1796 rarius
424 1754 466 1796 d.
495 1766 630 1807 pape.

364 1824 475 1866 Item
509 1825 550 1867 d.
585 1824 946 1868 ambassiatores
978 1825 1352 1867 christianissimi
1386 1825 1512 1878 regis
1544 1825 1738 1867 Francie
1769 1837 1856 1878 per
1886 1837 2015 1878 orga-

244 1908 352 1937 num
392 1895 433 1938 d.
473 1896 679 1949 episcopi
716 1896 1105 1938 Carcassonensis
1144 1896 1540 1948 deliberaverunt,
1578 1899 1715 1949 prout
1752 1895 1798 1937 in
1835 1895 2015 1948 cedula,

242 1979 331 2018 que
360 1966 582 2019 sequitur,
611 1967 885 2009 continetur.
925 1967 1020 2018 Que
1051 1968 1168 2010 lecta
1196 1967 1370 2008 ibidem
1397 1966 1487 2008 fuit
1511 1979 1598 2020 per
1623 1966 1795 2009 dictum
1822 1966 1864 2008 d.
1892 1967 2014 2020 epis-

243 2049 420 2089 copum.
464 2037 666 2093 Quorum
697 2038 905 2091 opinioni
937 2037 1223 2080 adheserunt
1252 2038 1408 2079 nuncii
1442 2038 1483 2079 d.
1515 2037 1646 2080 ducis
1673 2036 1941 2091 Burgundie
1971 2039 2017 2079 et

243 2108 372 2149 multi
403 2108 494 2150 alii.
543 2108 654 2150 Item
684 2108 967 2151 universitas
998 2109 1280 2151 Parisiensis
1310 2112 1458 2151 mater
1487 2111 1645 2151 nostra
1675 2121 1761 2162 per
1790 2120 2014 2162 organum

245 2179 449 2232 magistri
494 2179 731 2221 Benedicti
774 2179 998 2222 Genciani
1043 2180 1259 2222 similiter
1302 2179 1697 2222 deliberacionem
1741 2191 1871 2222 suam
1911 2191 2016 2233 pro-

243 2250 410 2302 posuit,
454 2253 501 2292 ut
544 2251 690 2292 eciam
734 2251 779 2292 in
824 2251 989 2293 cedula
1033 2251 1330 2304 infrascripta
1374 2250 1691 2304 continemr¹)‚
1735 2263 1824 2304 que
1866 2249 2012 2292 eciam

245 2320 468 2373 sequitur.

364 2391 476 2434 Item
501 2392 642 2435 ceteri
664 2393 834 2446 prelati
858 2395 903 2434 et
927 2393 1021 2446 alii,
1045 2394 1153 2446 quia
1177 2396 1277 2435 erat
1300 2393 1433 2435 tarda
1456 2393 1585 2445 hora,
1609 2395 1654 2434 et
1675 2391 1744 2434 eis
1767 2391 2012 2435 videbatur

242 2462 409 2505 melius
438 2462 550 2505 dare
580 2464 626 2504 in
656 2463 852 2517 scriptis,
881 2464 1130 2505 voluerunt
1157 2467 1203 2505 et
1230 2463 1566 2506 ordinaverunt
1593 2476 1754 2505 eorum
1783 2462 2013 2505 delibera-

241 2532 419 2575 cionem
453 2533 564 2575 dare
599 2534 645 2575 in
679 2534 878 2587 scriptis.
924 2534 1015 2576 Pro
1046 2534 1215 2587 quibus
1248 2533 1531 2588 recipiendis
1561 2537 1657 2576 tota
1688 2534 1770 2577 illa
1803 2533 1878 2576 die
1908 2536 2013 2588 post

244 2604 491 2657 prandium
534 2608 579 2647 et
622 2605 725 2646 aliis
770 2604 936 2648 diebus
979 2605 1284 2658 sequentibus
1326 2605 1518 2648 fuerunt
1560 2604 1759 2647 ordinati
1805 2603 2012 2659 deputati

242 2675 464 2728 nacionis,
494 2675 662 2728 quibus
691 2675 882 2717 fuerunt
911 2675 1113 2718 adiuncti
1141 2675 1233 2718 duo
1261 2689 1320 2718 ex
1350 2675 1766 2719 ambassiatoribus
1794 2675 1836 2718 d.
1865 2675 2010 2719 nostri

244 2746 366 2799 regis
397 2749 441 2788 et
471 2758 594 2789 unus
626 2746 683 2788 de
715 2745 1018 2789 universitate
1052 2746 1320 2788 Parisiensi.
1364 2746 1449 2799 Qui
1481 2746 1669 2800 quidem
1701 2746 1907 2800 deputati
1937 2758 2012 2788 va-

243 2820 404 2859 carunt
438 2820 483 2859 et
515 2817 782 2860 institerunt
815 2818 935 2860 circa
966 2817 1157 2860 cedulas
1191 2817 1486 2871 recipiendas
1520 2817 1600 2860 illa
1633 2817 1708 2860 die
1740 2820 1846 2871 post
1878 2829 2013 2871 pran-

244 2887 369 2929 dium
401 2891 447 2930 et
478 2888 639 2931 martis
672 2888 911 2941 sequentis
941 2901 1027 2941 per
1059 2891 1198 2930 totam
1233 2887 1368 2931 diem.

347 2999 376 3017 a>
401 2992 443 3018 Ils
466 2994 630 3018 vocarunt
652 2994 715 3018 mul
738 2992 851 3018 cin-cas.

360 3051 391 3093 ¹)
416 3051 512 3095 fehlt
537 3052 638 3087 aber.

2083 3363 2102 3444 {fb-i
