2102 3444
326 213 410 254 633
760 206 824 240 ΙΙΙ.
856 203 1064 239 Abscliiiitt.
1108 200 1259 236 Reform
1292 199 1368 233 und
1402 197 1649 243 Verfassung.

330 342 410 382 per
451 326 774 380 expectativas‚
815 324 912 365 sive
953 334 1037 374 per
1077 318 1372 371 eleccionem,
1413 318 1510 360 sive
1551 316 1866 371 provi-sionem
1906 319 2087 371 aposto-

332 400 457 440 licam
488 396 840 450 p1·‹)videatur···),
870 393 986 435 alias
1015 392 1143 432 nulla
1172 391 1229 433 sit
1257 388 1475 442 provisio.
1516 388 1754 430 Habeatur
1780 391 1936 431 tamen
1964 387 2088 430 racio

329 469 576 510 nobilitatis
607 471 694 508 tam
727 465 782 507 ad
813 463 1105 515 episcopatus
1135 473 1271 513 quam
1302 460 1360 502 ad
1386 460 1508 501 alias
1539 458 1802 512 dignitates,
1832 458 2086 501 seeundum

327 541 444 592 quod
473 537 700 579 videbitur
727 534 964 587 expedire.
1008 533 1117 574 ltem
1141 531 1460 573 consideracio
1486 529 1726 583 regionum
1752 532 1800 571 ut
1826 527 2024 584 su=pra.¹‘)

447 610 545 661 l)o·)
581 606 746 659 graciis
778 603 1081 657 expectativis
1115 602 1311 655 videtur,
1345 600 1468 654 quod
1499 612 1623 654 papa
1653 600 1977 654 principaliter
2008 600 2086 642 det

325 679 499 731 grai-ias
541 679 582 718 in
621 676 846 718 communi
887 675 1035 715 forma
1072 685 1331 726 pauperum
1371 672 1416 713 in
1455 671 1574 713 datis
1608 671 1845 714 *consuetis
1880 674 1926 714 et
1962 671 2086 725 quod

327 750 512 803 pai-ilius
537 733 719 789 iii-datis
741 746 1040 800 preferantur
1063 743 1265 796 litterati,
1289 742 1411 796 quod
1431 745 1541 785 >sunt
1563 742 1742 784 iusticie
1764 741 1925 796 pocius
1947 754 2085 796 quam

323 819 486 870 grai-io.

443 890 551 931 item
584 888 640 929 de
673 888 848 929 rotulos
879 886 1116 928 ordinatos
1147 897 1232 938 pro
1265 883 1579 926 familiaribus
1611 884 1723 938 suis,
1755 896 1841 937 pro
1871 882 2085 926 officiali-

324 961 420 1009 bus,
447 973 529 1013 pro
556 959 757 1012 regibus,
784 971 867 1011 pro
895 956 1288 1008 universitatibus,
1314 967 1401 1008 pro
1425 954 1739 998 familiaribus
1764 954 2084 1008 cardinalium,

323 1045 404 1084 pro
429 1030 619 1071 ducibus
647 1033 691 1071 et
717 1029 818 1071 aliis
846 1028 1092 1080 consuetis,
1120 1026 1202 1069 sed
1231 1027 1277 1067 in
1304 1028 1430 1068 certo
1453 1038 1650 1067 numero
1675 1029 1719 1069 et
1742 1038 1847 1068 cum
1875 1025 2084 1068 mod-era-

322 1102 440 1142 mine
489 1100 641 1142 debito
690 1099 941 1141 secundum
989 1097 1252 1140 ordinatum
1301 1096 1599 1138 observatum
1645 1099 1856 1150 tempore
1903 1096 2082 1139 Urbani

320 1172 461 1224 quinti
495 1175 539 1213 et
571 1170 781 1223 Gregorii
815 1170 892 1211 XI.
939 1169 993 1211 Et
1023 1169 1144 1210 ultra
1177 1168 1352 1211 rotulos
1382 1180 1471 1221 per
1501 1170 1646 1210 totum
1677 1167 1878 1221 primum
1910 1179 2082 1210 annum

320 1246 473 1294 posset
510 1241 760 1283 secundum
798 1240 1084 1293 exigenciam
1124 1239 1394 1281 meritorum
1432 1241 1478 1281 et
1514 1241 1681 1281 statum
1719 1238 1835 1281 dare
1868 1241 2082 1292 expecta-

319 1314 432 1354 tivas
468 1312 510 1353 in
545 1311 706 1365 primis
740 1311 871 1363 datis,
907 1310 1158 1351 secundum
1190 1309 1318 1362 quod
1351 1309 1588 1352 moderate
1624 1309 1712 1351 sibi
1747 1309 1945 1363 videtur,
1978 1311 2082 1363 post

318 1395 486 1424 annum
512 1395 622 1424 vero
646 1382 844 1435 primum
868 1381 999 1423 nulla
1024 1381 1114 1422 nisi
1141 1380 1226 1422 sub
1253 1380 1359 1422 data
1385 1381 1604 1422 currenti.

436 1455 546 1496 Item
583 1453 704 1506 quod
738 1465 831 1494 non
867 1452 1034 1494 dentur
1071 1451 1360 1504 expectative
1395 1451 1488 1493 nisi
1524 1451 1583 1493 ad
1617 1463 1760 1493 unum
1795 1450 2080 1493 beneficium

319 1527 486 1566 tantum
518 1527 562 1565 et
591 1536 729 1565 unam
760 1523 1059 1565 collacionem
1090 1526 1280 1576 tantum,
1310 1522 1402 1564 nisi
1433 1525 1559 1564 esset
1589 1521 1714 1564 infra
1745 1534 1971 1565 summam
2001 1521 2080 1563 XL

316 1595 614 1647 florenorum,
646 1598 691 1637 et
721 1597 826 1636 tunc
859 1593 917 1635 ad
949 1594 1053 1646 duo,
1086 1593 1160 1634 vel
1189 1592 1536 1646 distinguantur
1569 1593 1801 1646 region-es,
1833 1592 1912 1634 ubi
1945 1592 2080 1635 detur

315 1666 371 1707 ad
395 1678 533 1707 unum
557 1666 631 1706 vel
655 1665 744 1707 duo
768 1665 841 1706 vel
866 1664 1002 1717 plura
1026 1663 1279 1706 secundum
1300 1667 1550 1707 consuetas
1572 1665 1762 1717 regulas
1782 1663 2077 1706 cancellarie.

434 1736 543 1777 Item
574 1748 666 1777 non
697 1735 864 1777 dentur
892 1733 1226 1791 expectatived)
1262 1735 1320 1777 ad
1350 1735 1600 1788 prioratus,
1631 1735 1963 1778 conventuales
1992 1745 2079 1776 nec

314 1807 368 1848 ad
398 1806 643 1859 dignitates
670 1806 901 1848 electivas.

432 1878 543 1919 Item
580 1877 662 1919 fiat
696 1876 977 1930 constitucio,
1015 1876 1137 1929 quod
1172 1879 1325 1919 certus
1361 1877 1489 1918 locus
1525 1879 1766 1919 remaneat
1800 1876 1922 1918 liber
1957 1875 2078 1918 ordi-

314 1947 470 2000 nariis,
498 1947 578 1989 sed
606 1948 727 2000 quod
753 1947 901 2000 pluris
929 1948 1127 1989 sciencie
1155 1947 1412 2001 conferant,
1438 1951 1487 1990 ut
1514 1960 1656 2001 supra
1683 1951 1728 1991 et
1755 1947 1847 1990 alia
1869 1947 2078 2000 provisio

314 2017 368 2059 sit
395 2018 535 2060 nulla.

435 2089 544 2130 Item
583 2089 704 2141 quod
743 2089 888 2131 maior
927 2090 973 2130 in
1009 2089 1156 2143 gradu
1196 2089 1394 2132 sciencie
1429 2089 1703 2143 preferatur
1742 2089 1789 2131 in
1826 2089 1930 2143 pari
1970 2087 2076 2131 data

314 2162 355 2200 et
380 2158 653 2201 diocesanus
675 2172 765 2201 non
790 2159 1050 2203 diocesano.

434 2230 542 2271 Item
584 2230 827 2272 beneficiis
868 2231 1138 2274 vacantibus
1179 2231 1438 2274 minoribus
1477 2234 1633 2274 utatur
1675 2231 1824 2273 solum
1865 2242 2077 2273 reserva-

313 2299 520 2342 cionibus
541 2300 651 2341 iuris
674 2301 831 2353 scripti
853 2304 898 2343 et
919 2302 1264 2355 extravagantis
1286 2302 1360 2355 ‚ad
1379 2302 1618 2356 regimen‘,
1640 2314 1730 2355 que
1753 2302 1814 2344 ita
1836 2301 2075 2344 moderata

313 2374 380 2411 ost
404 2374 445 2412 et
469 2375 699 2424 consueta,
720 2372 842 2424 quod
863 2385 948 2425 pro
967 2372 1070 2414 iure
1094 2374 1206 2415 satis
1229 2373 1437 2426 reputari
1459 2373 1618 2426 possit.
1657 2373 1708 2414 In
1729 2372 2076 2426 episcopatibus

313 2445 355 2482 ot
382 2441 585 2482 abbaciis
612 2442 866 2485 minoribus
891 2456 1038 2496 usque
1066 2443 1122 2486 ad
1149 2443 1182 2486 C
1209 2443 1419 2486 florenos
1446 2444 1597 2486 libera
1620 2443 1681 2486 sit
1703 2443 1878 2486 eleccio
1903 2446 1948 2486 et
1972 2455 2075 2485 con-

315 2511 521 2553 firmacio
567 2512 829 2566 ordinariis,
880 2514 926 2554 in
975 2514 1230 2557 maioribus
1279 2515 1430 2557 libera
1480 2514 1538 2557 3.st
1584 2514 1772 2568 eleccio,
1821 2513 1906 2556 sed
1952 2525 2075 2567 papa

312 2580 566 2623 confirmet.

429 2651 695 2695 Communia
719 2654 913 2697 servicia
935 2655 1220 2708 prelatorum
1245 2656 1361 2699 solvi
1384 2669 1478 2698 non
1499 2655 1681 2709 possint
1701 2655 1846 2698 eciam
1869 2667 1896 2698 a
1917 2655 2074 2698 volen-

313 2720 432 2761 tibus
456 2725 560 2763 ante
583 2736 765 2766 annum.
800 2725 854 2767 Et
875 2726 959 2767 fiat
979 2726 1085 2768 talis
1109 2726 1391 2780 constitu-cio,
1415 2726 1538 2780 quod
1559 2729 1772 2769 servetur
1793 2739 1853 2769 ex
1872 2725 2073 2768 necessi-

312 2792 414 2832 tate.
463 2792 509 2832 In
543 2793 638 2835 fine
671 2795 793 2848 anni,
825 2808 849 2837 a
881 2795 954 2837 die
985 2796 1142 2839 habite
1174 2797 1501 2851 possessionis,
1532 2798 1740 2840 solvatur
1770 2796 1998 2840 medietas
2027 2797 2073 2838 et

415 2962 444 2979 a»
468 2955 548 2979 ΗΜ
574 2956 604 2982 12¹.
644 2957 675 2988 b)
693 2958 717 2982 lv:
737 2967 786 2983 am
812 2959 923 2985 uanae
945 2959 1166 2986 communiter
1186 2958 1297 2993 placet
1312 2959 1377 2986 ista
1391 2959 1558 2994 particula
1571 2959 1724 2987 omnibus
1738 2958 1794 2991 ita,
1809 2958 1897 2993 quod
1911 2957 2074 2985 habeatur

311 3000 542 3029 consi-ivianus».
564 3003 647 3035 qum!
671 3004 809 3031 ecclesia·
831 3005 896 3031 sint
911 3006 1116 3033 sufficientes
1130 3006 1171 3033 ad
1187 3006 1257 3034 hoc.
1314 3008 1342 3039 e)
1365 3008 1391 3033 E
1410 3015 1461 3033 am
1485 3007 1612 3034 Ranae:
1633 3006 1728 3034 Varie
1742 3006 1878 3034 fuerunt
1892 3005 2074 3042 opiniones,

314 3047 391 3072 lei-1·
413 3048 486 3073 :iliis
512 3051 543 3074 vt
564 3050 677 3076 maiori
701 3052 785 3085 parti
809 3052 935 3086 placuit
956 3054 1075 3083 textus.
1097 3053 1182 3086 aliis,
1209 3053 1297 3087 quod
1320 3053 1518 3087 limitantur,
1544 3053 1630 3087 aliis,
1655 3053 1743 3088 quod
1764 3053 1903 3081 materia
1924 3058 2072 3088 pronunc

312 3097 473 3121 remaneat
497 3095 689 3124 indiscussa.
729 3099 765 3125 lit
787 3099 833 3126 sic
859 3100 1001 3127 finaliter
1021 3101 1083 3127 fuit
1105 3100 1310 3134 conclusum,
1330 3101 1417 3134 quod
1439 3100 1621 3128 differatur.
1677 3100 1710 3135 d)
1731 3100 1818 3128 Femt
1838 3101 1875 3128 E.
