2227 3434
634 222 672 256 B.
718 220 964 255 Avisamente
998 220 1067 254 der
1098 218 1414 253 Reformatorien.

139 354 232 384 non
262 339 454 394 recipiat
484 352 571 393 pro
599 351 706 387 exa-

139 412 262 454 mine
314 412 437 453 ultra
489 409 702 462 rectama)

139 480 348 536 taxam.¹’)

141 599 188 652 C,
217 599 266 653 E,
294 599 337 642 S.

202 670 314 712 Item
338 668 461 722 quod
483 667 705 720 deinceps

138 753 231 783 non
255 740 374 783 fiant
397 739 604 793 magistri
630 739 704 780 vel

142 811 354 854 doctores
395 823 484 864 per
527 809 704 851 bullam

138 880 437 936 apostolicam
467 881 569 922 sine
599 892 706 922 exa-

138 953 264 994 mine
300 956 373 996 set
408 951 458 993 ·in
498 949 701 1004 studiisss)

137 1020 480 1077 generalibusd)
523 1034 609 1075 per
648 1020 705 1063 ri-

136 1094 334 1147 goreme)
366 1092 610 1135 examinis.
651 1092 706 1134 Et

138 1164 176 1207 si
209 1163 410 1207 studium
442 1163 527 1206 fiat
556 1163 602 1205 in
631 1176 705 1205 cu-

137 1235 221 1288 ria,
266 1235 397 1277 sicud
441 1234 703 1277 ordinatum

136 1309 220 1359 est,
249 1306 433 1359 possint
463 1305 573 1348 fieri
604 1305 705 1348 doc-

138 1379 264 1426 tores
284 1377 401 1420 sicut
418 1376 468 1418 in
487 1376 593 1419 aliis
614 1379 705 1420 stu-

137 1447 228 1490 diis
262 1447 578 1501 generalibus.
627 1447 705 1490 Set

137 1518 222 1561 fiat
252 1531 452 1561 examen
484 1531 570 1572 per
602 1531 705 1560 can-

133 1589 376 1632 cellarium
397 1589 552 1643 studii,
568 1601 705 1643 quem

136 1673 258 1714 papa
297 1660 538 1714 deputabit
578 1661 705 1703 adhi-

137 1730 232 1774 bita
256 1732 585 1786 solempnitate
614 1745 705 1774 ma-

134 1802 385 1855 gistrorum
402 1805 450 1845 et
465 1803 704 1846 'doctorum

138 1872 185 1914 in
221 1873 453 1926 examine,
492 1874 620 1916 sricud
658 1874 704 1916 in
740 1877 742 1933 ᾖ

138 1942 244 1986 aliis
299 1944 465 1987 studiis
521 1950 593 1989 est
647 1945 742 2000 de}

140 2012 318 2068 moref)

247 2466 276 2489 a)
301 2461 326 2487 Ε
345 2462 483 2493 οετιειιη;
516 2460 596 2493 fehlt
624 2460 655 2487 V.

741 337 742 379 l
779 339 974 391 stitucio‚
1018 337 1055 380 si
1098 336 1275 390 aliquid
1317 336 1373 378 de
1416 336 1501 378 hac
1543 338 1772 379 caveatur.

1823 217 1908 259 649

1829 334 1908 376 Sin

779 412 945 461 autem,
983 408 1117 450 detur
1153 420 1240 461 pro
1276 407 1484 460 quolibet
1521 419 1640 447 unus
1679 405 1909 456 Carlinus,

740 530 742 541 Ι
778 492 974 537 quor-um
1010 479 1169 521 decem
1205 478 1380 520 faciunt
1414 490 1556 518 unum
1592 476 1818 518 ducatum.

740 627 742 648 ι
780 596 873 650 D.¹)

867 667 933 708 De
968 666 1167 719 amplius
1198 679 1291 708 non
1321 665 1538 708 faciendo
1569 665 1781 707 doctores
1812 664 1911 705 bul-

779 738 954 791 latosg).
1001 738 1067 780 Eo
1100 735 1312 791 multosh)
1350 736 1439 778 iam
1470 735 1704 789 perduxit,
1738 738 1799 787 ut,
1833 734 1910 788 qui

778 807 952 861 primas
1004 808 1193 861 cupiant
1241 806 1490 850 cathedras
1543 807 1589 848 in
1642 806 1910 859 synagogis,

778 878 971 932 gradum
1007 878 1205 921 sciencie
1239 891 1332 920 non
1367 877 1527 920 labore
1562 880 1607 919 et
1642 876 1793 919 studio
1823 889 1912 929 per

779 949 1025 991 scienciam
1059 951 1270 1002 querant,
1304 948 1389 990 sed
1416 961 1445 990 a
1479 961 1656 990 summo
1689 947 1910 1000 pontifice

778 1032 864 1073 per
916 1019 1223 1062 ambicionem
1276 1019 1525 1072 impetrant
1577 1018 1911 1071 cupientesque

779 1090 932 1132 vocari
968 1090 1102 1133 rabbi
1139 1090 1251 1134 satis
1286 1090 1503 1142 habeant,
1536 1090 1577 1131 si
1615 1102 1701 1142 per
1735 1089 1911 1130 bullam

778 1162 1077 1215 apostolicam
1112 1160 1366 1214 magisterii
1403 1160 1474 1202 sui
1510 1160 1690 1214 signum
1726 1160 1912 1202 valeant

777 1235 1027 1274 ostentare.
1082 1230 1185 1286 Exi)
1229 1245 1321 1285 quo
1360 1230 1722 1284 contemptibilis
1764 1229 1912 1272 multi-

777 1303 972 1356 plicacio
998 1303 1323 1356 magistrorum
1347 1305 1396 1344 ¹et
1422 1302 1660 1344 doctorum
1688 1301 1912 1353 exoritur,

778 1374 978 1416 sciencie
1006 1373 1254 1427 margarita
1282 1372 1462 1416 vilescit
1484 1376 1530 1415 et
1556 1385 1713 1414 sermo
1741 1372 1825 1413 Dei
1852 1384 1912 1412 ex

778 1458 858 1487 ore
902 1445 1114 1498 prolatus
1159 1443 1476 1497 ignorancium
1518 1444 1682 1497 populi
1724 1442 1913 1484 indevo-

777 1515 909 1558 cione
932 1512 1348 1569 contempniturss).
1383 1515 1649 1567 Statuimus,
1672 1517 1720 1556 ut
1741 1526 1827 1555 nec
1850 1513 1913 1554 le-

777 1587 895 1641 gatis
913 1599 1000 1629 nec
1019 1586 1201 1629 nunciis
1221 1586 1489 1640 apostolicis
1506 1598 1593 1628 seu
1612 1585 1913 1639 generalibus

779 1657 995 1700 ordinum
1054 1662 1131 1701 aut
1189 1657 1324 1700 alteri
1383 1656 1652 1710 cuicumque
1710 1668 1912 1709 persone

775 1732 937 1782 preter
976 1729 1282 1772 cancellarios
1320 1729 1368 1770 in
1405 1727 1708 1782 generalibus
1747 1727 1913 1769 studiis

740 1800 742 1831 ἱ
776 1800 1030 1857 ordinatos,
1058 1800 1194 1842 detur
1220 1812 1305 1853 per
1332 1799 1491 1842 sedem
1518 1798 1820 1852 apostolicam
1847 1797 1913 1839 fa-

779 1872 927 1914 cultas
969 1871 1152 1924 aliquos
1194 1870 1252 1913 ad
1293 1870 1489 1924 gradum
1530 1868 1785 1923 magisterii
1829 1881 1913 1910 seu

775 1942 1042 1986 doctoratus
1063 1941 1109 1983 in
1129 1954 1419 1995 quacum-que
1440 1941 1661 1983 facultate
1680 1940 1739 1982 de
1758 1942 1913 1982 cetero

781 2012 1056 2055 licenci'andi
1094 2014 1168 2055 vel
1208 2012 1491 2055 assumendi.
1547 2012 1598 2053 In
1635 2011 1764 2053 curia
1803 2023 1914 2052 vero

780 2084 1000 2137 Romana,
1039 2097 1128 2137 que
1164 2084 1463 2137 privilegium
1502 2082 1641 2124 studii
1679 2081 1915 2136 generalis

781 2158 999 2197 censetur
1042 2154 1233 2206 habere,
1277 2153 1341 2196 ita
1387 2153 1572 2195 demum
1619 2153 1677 2195 ad
1721 2152 1914 2206 gradum

782 2225 1039 2279 predictum
1078 2225 1314 2268 licenciari
1351 2228 1397 2267 et
1430 2225 1607 2267 vassumi
1644 2224 1839 2278 possint,
1877 2223 1914 2265 si

781 2296 825 2338 in
875 2296 1027 2339 studio
1072 2296 1192 2338 dicte
1240 2295 1365 2338 curie
1412 2308 1597 2337 cursum
1644 2296 1914 2337 consuetum

783 2367 1041 2409 audicionis
1089 2370 1136 2409 et
1184 2363 1435 2420 leccionisl)
1487 2365 1822 2419 repeticionum
1869 2367 1915 2406 et

740 2460 771 2489 b)
797 2461 890 2486 Imm
912 2461 942 2489 (¹,
966 2460 1001 2487 Ε,
1022 2458 1047 2487 S
1076 2458 1189 2485 Placet
1216 2460 1250 2485 et
1276 2458 1427 2489 addatur,
1455 2458 1542 2492 quod
1565 2458 1608 2484 sit
1629 2458 1747 2485 doctor
1768 2459 1800 2484 et
1824 2451 1913 2491 quod

143 2508 340 2535 adhibeatur
360 2507 503 2542 diligens
524 2507 655 2534 cautela
674 2507 706 2534 in
727 2506 955 2537 examinando,
975 2507 1011 2533 nt
1033 2513 1116 2533 unus
1137 2513 1200 2533 non
1222 2505 1324 2532 faciat
1344 2512 1379 2532 se
1394 2505 1575 2532 examinari
1592 2512 1651 2539 pro
1666 2505 1741 2532 alio.
1775 2505 1814 2531 Et
1828 2504 1913 2542 quod

143 2556 350 2583 examinator
370 2562 428 2589 per
448 2562 483 2581 sc
503 2555 611 2590 ipsum
639 2556 671 2581 ct
704 2561 767 2581 non
797 2561 856 2589 per
882 2553 982 2580 alium
1004 2554 1158 2580 exerceat
1178 2552 1324 2580 officinm
1345 2554 1378 2579 et
1398 2552 1590 2580 subscribat
1611 2552 1745 2587 propria
1765 2559 1860 2579 manu
1882 2546 1914 2578 in

142 2603 270 2630 cedula.
308 2603 348 2630 Et
369 2602 454 2636 quoti
483 2602 523 2629 de
543 2603 622 2630 taxa
655 2601 837 2628 solucionis
858 2601 1019 2628 examinis
1050 2600 1275 2634 respiciantur
1302 2599 1572 2627 constituciones.
1611 2600 1649 2626 Et
1665 2600 1691 2626 si
1708 2594 1917 2634 reperiantur

142 2650 273 2677 diverse
294 2652 369 2677 taxe
390 2649 573 2684 recipiatur
593 2649 708 2676 minor.
750 2649 790 2675 V:
813 2649 924 2675 Placet
944 2650 1066 2679 textus,
1093 2647 1155 2675 nisi
1181 2647 1268 2681 qnod
1292 2647 1346 2674 nbi
1369 2647 1450 2674 (licit
1473 2647 1656 2678 ,examinct‘
1681 2646 1836 2673 adulatur:
1857 2653 1915 2679 pur

143 2705 177 2725 sc
199 2699 231 2724 et
253 2702 315 2725 non
337 2704 396 2732 per
416 2697 644 2724 substitutum.
686 2697 723 2723 Et
743 2696 774 2723 in
798 2695 916 2723 cedula
937 2695 1098 2722 examinis
1125 2702 1160 2721 se
1191 2694 1383 2721 subscribat
1403 2695 1437 2721 et
1457 2694 1648 2727 diligentem
1673 2693 1835 2720 cantelam
1859 2692 1913 2718 ad-

142 2744 264 2777 hibeat,
291 2752 329 2771 ne
353 2752 435 2771 unus
463 2744 564 2771 faciat
585 2752 619 2771 se
640 2743 820 2771 examinari
845 2750 902 2777 pro
925 2743 1001 2770 alio.
1042 2742 1122 2769 Item
1143 2742 1295 2774 adulatur,
1322 2741 1409 2775 quod
1431 2741 1475 2767 sit
1496 2742 1622 2768 doctor.
1698 2746 1726 2769 c)
1748 2740 1772 2767 S
1793 2739 1914 2766 studio.

143 2793 175 2821 dl
198 2792 281 2818 Fortu
304 2793 338 2820 S.
416 2797 444 2824 e)
475 2792 499 2819 S
531 2799 603 2818 cum
636 2791 758 2825 riporc.
835 2794 861 2819 li
892 2792 915 2818 C
939 2791 1025 2816 daza
1060 2790 1188 2823 Placvt;
1228 2789 1253 2815 ι’
1269 2790 1325 2815 hut.
1349 2790 1486 2821 (ιτιῃεῃριι
1509 2789 1549 2814 im
1578 2789 1668 2814 Tea-l:
1698 2788 1780 2814 Nota
1803 2787 1854 2813 bic
1875 2778 1914 2812 cie

143 2839 337 2866 doctoribus
367 2847 429 2866 non
458 2838 575 2866 fiendis
605 2838 635 2865 in
669 2838 769 2868 curia,
799 2838 876 2872 quia
905 2844 1005 2871 snper
1035 2837 1094 2864 boc
1124 2838 1210 2863 facta
1240 2838 1290 2863 est
1320 2835 1530 2865 constitucio.
1550 2842 1613 2868 qnae
1635 2834 1751 2868 incipit
1775 2841 1822 2863 ,eo
1850 2830 1910 2859 iain

145 2887 284 2919 multos:
314 2888 347 2913 ct
367 2887 453 2914 infra
474 2886 635 2920 sss-quitur.
699 2892 730 2916 gg)
760 2886 783 2912 ι’
804 2885 927 2911 (ῙνὼιΙει
948 2884 1098 2911 exhibita
1119 2891 1176 2919 per
1197 2884 1225 2910 d.
1250 2883 1400 2910 Pisanum
1423 2883 1475 2909 «lic
1496 2883 1586 2909 iovis
1608 2882 1682 2908 xlx.
1705 2880 1914 2915 Septembris.

147 2934 190 2961 ΗΘ
216 2934 411 2961 doctoribus
440 2936 472 2960 ct
505 2933 673 2967 magistris
701 2940 763 2960 non
791 2932 943 2960 creandis
965 2940 1021 2966 per
1049 2932 1173 2958 bnllam
1201 2931 1434 2965 apostolicaim
1472 2931 1504 2959 ΙἸ,
1530 2931 1567 2956 S:
1607 2929 1700 2962 Quod
1723 2936 1780 2962 per
1804 2928 1912 2955 sodon]

145 2981 362 3015 apostolicam
395 2981 476 3008 nulli
507 2981 604 3008 detur
637 2981 780 3008 facultas
813 2980 852 3006 «lc
883 2981 993 3007 cetero
1025 2979 1218 3006 liccnciandi
1251 2979 1381 3012 aliquos
1411 2978 1451 3004 ad
1482 2977 1617 3008 gradum
1647 2975 1826 3007 magisterii
1856 2982 1912 3000 sva

145 3028 348 3056 doctoratns.
433 3028 464 3059 Ιι)
487 3029 523 3057 Ε,
544 3028 578 3061 S,
606 3028 714 3061 Vfolfst
737 3027 808 3054 iam.
879 3027 900 3060 i)
930 3027 953 3053 ι’
971 3029 1012 3053 et.
1093 3027 1126 3054 k)
1151 3027 1184 3057 lx',
1206 3027 1239 3053 S.
1269 3026 1376 3058 Vs'olgs!
1409 3025 1562 3051 Veientes
1583 3023 1684 3055 igitur
1704 3023 1779 3049 buic
1801 3022 1915 3048 inorbo

145 3075 325 3103 salubriter
346 3075 528 3109 providere.
585 3075 606 3104 li
631 3075 715 3101 Fehlr
744 3075 774 3101 ι’.

265 3125 296 3167 ¹)
318 3124 457 3160 Kollat.
478 3125 546 3159 mit
570 3125 640 3159 der
662 3123 951 3167 selbsliindiyen
975 3122 1119 3157 Cednla
1146 3121 1173 3155 Ε
1195 3120 1221 3164 ff.
1246 3122 1302 3161 91,
1326 3120 1349 3153 ,δ’
1372 3120 1398 3163 Ῐ.
1424 3120 1497 3159 741),
1534 3118 1556 3151 V
1577 3119 1603 3162 Ϊ.
1627 3118 1706 3153 403.
