<?xml version="1.0" encoding="UTF-8"?>
<!DOCTYPE html PUBLIC "-//W3C//DTD XHTML 1.0 Transitional//EN"
    "http://www.w3.org/TR/xhtml1/DTD/xhtml1-transitional.dtd">
<html xmlns="http://www.w3.org/1999/xhtml" xml:lang="en" lang="en">
 <head>
  <title>
</title>
<meta http-equiv="Content-Type" content="text/html;charset=utf-8" />
  <meta name='ocr-system' content='tesseract 3.04.00' />
  <meta name='ocr-capabilities' content='ocr_page ocr_carea ocr_par ocr_line ocrx_word'/>
</head>
<body>
  <div class='ocr_page' id='page_1' title='image "./actaconciliicons02counuoft/actaconciliicons02counuoft_0504.png"; bbox 0 0 2102 3444; ppageno 0'>
   <div class='ocr_carea' id='block_1_1' title="bbox 157 157 1576 202">
    <p class='ocr_par' dir='ltr' id='par_1_1' title="bbox 157 157 1576 202">
     <span class='ocr_line' id='line_1_1' title="bbox 157 157 1576 202; baseline 0 -9"><span class='ocrx_word' id='word_1_1' title='bbox 157 160 241 202; x_wconf 73' lang='lat'>490</span> <span class='ocrx_word' id='word_1_2' title='bbox 510 160 555 193; x_wconf 90' lang='lat' dir='ltr'>ll.</span> <span class='ocrx_word' id='word_1_3' title='bbox 588 159 798 194; x_wconf 81' lang='lat' dir='ltr'>Abschnitt.</span> <span class='ocrx_word' id='word_1_4' title='bbox 841 158 1046 193; x_wconf 84' lang='lat' dir='ltr'>Sermones</span> <span class='ocrx_word' id='word_1_5' title='bbox 1077 157 1226 193; x_wconf 73' lang='lat' dir='ltr'>concilii</span> <span class='ocrx_word' id='word_1_6' title='bbox 1256 157 1576 194; x_wconf 80' lang='lat' dir='ltr'>constanciensis.</span> 
     </span>
    </p>
   </div>
   <div class='ocr_carea' id='block_1_2' title="bbox 152 277 1928 2960">
    <p class='ocr_par' dir='ltr' id='par_1_2' title="bbox 152 277 1928 2960">
     <span class='ocr_line' id='line_1_2' title="bbox 159 277 1927 329; baseline 0.002 -10"><span class='ocrx_word' id='word_1_7' title='bbox 159 277 413 320; x_wconf 86' lang='lat' dir='ltr'>auxiliante</span> <span class='ocrx_word' id='word_1_8' title='bbox 438 278 622 319; x_wconf 88' lang='lat' dir='ltr'>domino</span> <span class='ocrx_word' id='word_1_9' title='bbox 648 277 691 318; x_wconf 93' lang='lat' dir='ltr'>in</span> <span class='ocrx_word' id='word_1_10' title='bbox 716 278 798 318; x_wconf 87' lang='lat' dir='ltr'>hoc</span> <span class='ocrx_word' id='word_1_11' title='bbox 822 289 953 318; x_wconf 87' lang='lat' dir='ltr'>sacro</span> <span class='ocrx_word' id='word_1_12' title='bbox 976 277 1171 318; x_wconf 91' lang='lat' dir='ltr'>concilio</span> <span class='ocrx_word' id='word_1_13' title='bbox 1192 278 1417 329; x_wconf 88' lang='lat' dir='ltr'>generali.</span> <span class='ocrx_word' id='word_1_14' title='bbox 1453 278 1549 319; x_wconf 93' lang='lat' dir='ltr'>Hec</span> <span class='ocrx_word' id='word_1_15' title='bbox 1573 281 1677 320; x_wconf 91' lang='lat' dir='ltr'>sunt</span> <span class='ocrx_word' id='word_1_16' title='bbox 1698 278 1927 324; x_wconf 74' lang='lat' dir='ltr'><strong>scismatis</strong></span> 
     </span>
     <span class='ocr_line' id='line_1_3' title="bbox 157 347 1926 402; baseline 0.002 -14"><span class='ocrx_word' id='word_1_17' title='bbox 157 348 470 400; x_wconf 78' lang='lat' dir='ltr'>lieresumque</span> <span class='ocrx_word' id='word_1_18' title='bbox 495 348 764 400; x_wconf 83' lang='lat' dir='ltr'>extirpacio,</span> <span class='ocrx_word' id='word_1_19' title='bbox 789 348 985 389; x_wconf 80' lang='lat' dir='ltr'>ecclesie</span> <span class='ocrx_word' id='word_1_20' title='bbox 1010 347 1300 398; x_wconf 82' lang='lat' dir='ltr'>reformacio,</span> <span class='ocrx_word' id='word_1_21' title='bbox 1324 347 1444 389; x_wconf 91' lang='lat' dir='ltr'>unici</span> <span class='ocrx_word' id='word_1_22' title='bbox 1470 351 1514 390; x_wconf 91' lang='lat' dir='ltr'>et</span> <span class='ocrx_word' id='word_1_23' title='bbox 1540 348 1782 391; x_wconf 75' lang='lat' dir='ltr'>indubitati</span> <span class='ocrx_word' id='word_1_24' title='bbox 1804 361 1926 402; x_wconf 87' lang='lat' dir='ltr'>pape</span> 
     </span>
     <span class='ocr_line' id='line_1_4' title="bbox 157 413 1926 477; baseline 0.002 -19"><span class='ocrx_word' id='word_1_25' title='bbox 157 419 350 477; x_wconf 13' lang='lat' dir='ltr'>eleccio;y</span> <span class='ocrx_word' id='word_1_26' title='bbox 379 423 488 471; x_wconf 87' lang='lat' dir='ltr'>quot</span> <span class='ocrx_word' id='word_1_27' title='bbox 516 419 638 459; x_wconf 90' lang='lat' dir='ltr'>enim</span> <span class='ocrx_word' id='word_1_28' title='bbox 670 418 847 459; x_wconf 86' lang='lat' dir='ltr'>artibus</span> <span class='ocrx_word' id='word_1_29' title='bbox 877 418 966 460; x_wconf 88' lang='lat' dir='ltr'>hiis</span> <span class='ocrx_word' id='word_1_30' title='bbox 997 418 1130 460; x_wconf 86' lang='lat' dir='ltr'>bonis</span> <span class='ocrx_word' id='word_1_31' title='bbox 1161 418 1436 460; x_wconf 84' lang='lat' dir='ltr'>adversatus</span> <span class='ocrx_word' id='word_1_32' title='bbox 1468 413 1608 462; x_wconf 77' lang='lat' dir='ltr'>fuerit</span> <span class='ocrx_word' id='word_1_33' title='bbox 1638 423 1682 461; x_wconf 90' lang='lat' dir='ltr'>et</span> <span class='ocrx_word' id='word_1_34' title='bbox 1711 419 1926 461; x_wconf 84' lang='lat' dir='ltr'>continue</span> 
     </span>
     <span class='ocr_line' id='line_1_5' title="bbox 157 489 1927 543; baseline 0.001 -13"><span class='ocrx_word' id='word_1_35' title='bbox 157 489 442 531; x_wconf 70' lang='lat' dir='ltr'>adversetur.</span> <span class='ocrx_word' id='word_1_36' title='bbox 479 490 589 531; x_wconf 81' lang='lat' dir='ltr'>satis</span> <span class='ocrx_word' id='word_1_37' title='bbox 623 492 746 541; x_wconf 86' lang='lat' dir='ltr'>patet</span> <span class='ocrx_word' id='word_1_38' title='bbox 777 489 1077 530; x_wconf 84' lang='lat' dir='ltr'>considerare</span> <span class='ocrx_word' id='word_1_39' title='bbox 1108 489 1372 531; x_wconf 83' lang='lat' dir='ltr'>volentibus</span> <span class='ocrx_word' id='word_1_40' title='bbox 1405 523 1412 531; x_wconf 92' lang='lat'>.</span> <span class='ocrx_word' id='word_1_41' title='bbox 1450 524 1457 531; x_wconf 95' lang='lat'><strong><em>.</em></strong></span> <span class='ocrx_word' id='word_1_42' title='bbox 1494 524 1501 531; x_wconf 96' lang='lat'><strong>.</strong></span> <span class='ocrx_word' id='word_1_43' title='bbox 1546 490 1599 532; x_wconf 90' lang='lat' dir='ltr'>Et</span> <span class='ocrx_word' id='word_1_44' title='bbox 1632 491 1739 532; x_wconf 88' lang='lat' dir='ltr'>licet</span> <span class='ocrx_word' id='word_1_45' title='bbox 1768 503 1927 543; x_wconf 88' lang='lat' dir='ltr'>presu-</span> 
     </span>
     <span class='ocr_line' id='line_1_6' title="bbox 158 560 1927 612; baseline 0.002 -12"><span class='ocrx_word' id='word_1_46' title='bbox 158 560 374 601; x_wconf 82' lang='lat' dir='ltr'>mendum</span> <span class='ocrx_word' id='word_1_47' title='bbox 406 560 475 611; x_wconf 89' lang='lat' dir='ltr'>sit,</span> <span class='ocrx_word' id='word_1_48' title='bbox 507 560 627 612; x_wconf 86' lang='lat' dir='ltr'>quod</span> <span class='ocrx_word' id='word_1_49' title='bbox 661 563 887 611; x_wconf 85' lang='lat' dir='ltr'>ponentes</span> <span class='ocrx_word' id='word_1_50' title='bbox 918 560 1204 602; x_wconf 77' lang='lat' dir='ltr'>avisamenta</span> <span class='ocrx_word' id='word_1_51' title='bbox 1235 560 1279 601; x_wconf 92' lang='lat' dir='ltr'>in</span> <span class='ocrx_word' id='word_1_52' title='bbox 1310 560 1394 602; x_wconf 91' lang='lat' dir='ltr'>hoc</span> <span class='ocrx_word' id='word_1_53' title='bbox 1424 573 1555 603; x_wconf 90' lang='lat' dir='ltr'>sacro</span> <span class='ocrx_word' id='word_1_54' title='bbox 1584 561 1778 603; x_wconf 88' lang='lat' dir='ltr'>concilio</span> <span class='ocrx_word' id='word_1_55' title='bbox 1807 561 1927 603; x_wconf 89' lang='lat' dir='ltr'>circa</span> 
     </span>
     <span class='ocr_line' id='line_1_7' title="bbox 158 631 1928 674; baseline 0.002 -4"><span class='ocrx_word' id='word_1_56' title='bbox 158 631 327 672; x_wconf 83' lang='lat' dir='ltr'>bonum</span> <span class='ocrx_word' id='word_1_57' title='bbox 356 634 521 672; x_wconf 83' lang='lat' dir='ltr'>statum</span> <span class='ocrx_word' id='word_1_58' title='bbox 550 634 593 672; x_wconf 89' lang='lat' dir='ltr'>et</span> <span class='ocrx_word' id='word_1_59' title='bbox 622 631 1010 672; x_wconf 75' lang='lat' dir='ltr'>rei’ormacionem</span> <span class='ocrx_word' id='word_1_60' title='bbox 1039 631 1236 672; x_wconf 81' lang='lat' dir='ltr'>ecclesie</span> <span class='ocrx_word' id='word_1_61' title='bbox 1267 634 1422 673; x_wconf 89' lang='lat' dir='ltr'>sancta</span> <span class='ocrx_word' id='word_1_62' title='bbox 1453 631 1714 673; x_wconf 87' lang='lat' dir='ltr'>intencione</span> <span class='ocrx_word' id='word_1_63' title='bbox 1743 644 1928 674; x_wconf 88' lang='lat' dir='ltr'>moven-</span> 
     </span>
     <span class='ocr_line' id='line_1_8' title="bbox 156 701 1926 756; baseline 0.001 -13"><span class='ocrx_word' id='word_1_64' title='bbox 156 706 242 751; x_wconf 93' lang='lat' dir='ltr'>tur,</span> <span class='ocrx_word' id='word_1_65' title='bbox 272 701 601 743; x_wconf 79' lang='lat' dir='ltr'>nichilominus</span> <span class='ocrx_word' id='word_1_66' title='bbox 632 706 785 744; x_wconf 85' lang='lat' dir='ltr'>tamen</span> <span class='ocrx_word' id='word_1_67' title='bbox 817 701 1281 754; x_wconf 81' lang='lat' dir='ltr'>circumspiciendum</span> <span class='ocrx_word' id='word_1_68' title='bbox 1312 705 1395 754; x_wconf 90' lang='lat' dir='ltr'>est,</span> <span class='ocrx_word' id='word_1_69' title='bbox 1427 715 1485 744; x_wconf 92' lang='lat' dir='ltr'>ne</span> <span class='ocrx_word' id='word_1_70' title='bbox 1517 702 1602 745; x_wconf 90' lang='lat' dir='ltr'>sub</span> <span class='ocrx_word' id='word_1_71' title='bbox 1633 702 1787 756; x_wconf 89' lang='lat' dir='ltr'>specie</span> <span class='ocrx_word' id='word_1_72' title='bbox 1816 702 1926 745; x_wconf 93' lang='lat' dir='ltr'>boni</span> 
     </span>
     <span class='ocr_line' id='line_1_9' title="bbox 156 772 1924 827; baseline 0.002 -14"><span class='ocrx_word' id='word_1_73' title='bbox 156 785 246 813; x_wconf 93' lang='lat' dir='ltr'>non</span> <span class='ocrx_word' id='word_1_74' title='bbox 275 774 362 825; x_wconf 84' lang='lat' dir='ltr'>ipsi</span> <span class='ocrx_word' id='word_1_75' title='bbox 390 773 676 814; x_wconf 77' lang='lat' dir='ltr'>avisamenta</span> <span class='ocrx_word' id='word_1_76' title='bbox 701 775 930 825; x_wconf 86' lang='lat' dir='ltr'>ponentes</span> <span class='ocrx_word' id='word_1_77' title='bbox 957 772 1037 815; x_wconf 92' lang='lat' dir='ltr'>sed</span> <span class='ocrx_word' id='word_1_78' title='bbox 1066 773 1229 814; x_wconf 89' lang='lat' dir='ltr'>sathan</span> <span class='ocrx_word' id='word_1_79' title='bbox 1257 772 1465 815; x_wconf 89' lang='lat' dir='ltr'>intendat</span> <span class='ocrx_word' id='word_1_80' title='bbox 1492 773 1613 816; x_wconf 89' lang='lat' dir='ltr'>mala</span> <span class='ocrx_word' id='word_1_81' title='bbox 1637 773 1924 827; x_wconf 84' lang='lat' dir='ltr'>gravissima.</span> 
     </span>
     <span class='ocr_line' id='line_1_10' title="bbox 154 843 1926 898; baseline 0.001 -14"><span class='ocrx_word' id='word_1_82' title='bbox 154 843 355 896; x_wconf 76' lang='lat' dir='ltr'>Reperio</span> <span class='ocrx_word' id='word_1_83' title='bbox 391 843 528 896; x_wconf 89' lang='lat' dir='ltr'>enim,</span> <span class='ocrx_word' id='word_1_84' title='bbox 566 843 688 896; x_wconf 93' lang='lat' dir='ltr'>quod</span> <span class='ocrx_word' id='word_1_85' title='bbox 725 843 889 886; x_wconf 89' lang='lat' dir='ltr'>sathan</span> <span class='ocrx_word' id='word_1_86' title='bbox 927 878 934 885; x_wconf 96' lang='lat'>.</span> <span class='ocrx_word' id='word_1_87' title='bbox 972 878 979 886; x_wconf 94' lang='lat'>.</span> <span class='ocrx_word' id='word_1_88' title='bbox 1016 878 1023 885; x_wconf 93' lang='lat'>.</span> <span class='ocrx_word' id='word_1_89' title='bbox 1062 844 1119 885; x_wconf 91' lang='lat' dir='ltr'>de</span> <span class='ocrx_word' id='word_1_90' title='bbox 1157 843 1364 896; x_wconf 90' lang='lat' dir='ltr'>presenti</span> <span class='ocrx_word' id='word_1_91' title='bbox 1402 843 1656 897; x_wconf 90' lang='lat' dir='ltr'>aliqu-ando</span> <span class='ocrx_word' id='word_1_92' title='bbox 1690 844 1926 898; x_wconf 89' lang='lat' dir='ltr'>pretendit</span> 
     </span>
     <span class='ocr_line' id='line_1_11' title="bbox 156 914 1926 968; baseline 0.001 -12"><span class='ocrx_word' id='word_1_93' title='bbox 156 915 395 956; x_wconf 86' lang='lat' dir='ltr'>dexteram</span> <span class='ocrx_word' id='word_1_94' title='bbox 436 915 564 967; x_wconf 82' lang='lat' dir='ltr'>pacis</span> <span class='ocrx_word' id='word_1_95' title='bbox 604 918 648 957; x_wconf 91' lang='lat' dir='ltr'>et</span> <span class='ocrx_word' id='word_1_96' title='bbox 687 914 945 966; x_wconf 75' lang='lat' dir='ltr'>concordie,</span> <span class='ocrx_word' id='word_1_97' title='bbox 984 918 1032 956; x_wconf 90' lang='lat' dir='ltr'>ut</span> <span class='ocrx_word' id='word_1_98' title='bbox 1072 914 1334 966; x_wconf 82' lang='lat' dir='ltr'>interficiat,</span> <span class='ocrx_word' id='word_1_99' title='bbox 1376 914 1617 956; x_wconf 89' lang='lat' dir='ltr'>dexteram</span> <span class='ocrx_word' id='word_1_100' title='bbox 1655 915 1843 968; x_wconf 81' lang='lat' dir='ltr'>pietatis</span> <span class='ocrx_word' id='word_1_101' title='bbox 1881 918 1926 958; x_wconf 89' lang='lat' dir='ltr'>et</span> 
     </span>
     <span class='ocr_line' id='line_1_12' title="bbox 158 984 1927 1039; baseline 0.001 -13"><span class='ocrx_word' id='word_1_102' title='bbox 158 985 489 1035; x_wconf 81' lang='lat' dir='ltr'>misericordie,</span> <span class='ocrx_word' id='word_1_103' title='bbox 512 989 562 1028; x_wconf 87' lang='lat' dir='ltr'>ut</span> <span class='ocrx_word' id='word_1_104' title='bbox 585 985 837 1027; x_wconf 87' lang='lat' dir='ltr'>crudeliter</span> <span class='ocrx_word' id='word_1_105' title='bbox 861 986 1021 1035; x_wconf 87' lang='lat' dir='ltr'>seviat,</span> <span class='ocrx_word' id='word_1_106' title='bbox 1046 985 1203 1028; x_wconf 83' lang='lat' dir='ltr'>foveat</span> <span class='ocrx_word' id='word_1_107' title='bbox 1225 984 1466 1028; x_wconf 81' lang='lat' dir='ltr'>dexteram</span> <span class='ocrx_word' id='word_1_108' title='bbox 1491 986 1709 1039; x_wconf 82' lang='lat' dir='ltr'>equitatis</span> <span class='ocrx_word' id='word_1_109' title='bbox 1732 989 1778 1028; x_wconf 92' lang='lat' dir='ltr'>et</span> <span class='ocrx_word' id='word_1_110' title='bbox 1802 987 1927 1030; x_wconf 85' lang='lat' dir='ltr'>iusti-</span> 
     </span>
     <span class='ocr_line' id='line_1_13' title="bbox 154 1056 1926 1111; baseline 0.002 -14"><span class='ocrx_word' id='word_1_111' title='bbox 154 1057 235 1104; x_wconf 81' lang='lat' dir='ltr'>cie,</span> <span class='ocrx_word' id='word_1_112' title='bbox 278 1060 324 1098; x_wconf 90' lang='lat' dir='ltr'>ut</span> <span class='ocrx_word' id='word_1_113' title='bbox 365 1056 485 1098; x_wconf 80' lang='lat' dir='ltr'>viam</span> <span class='ocrx_word' id='word_1_114' title='bbox 525 1057 677 1110; x_wconf 81' lang='lat' dir='ltr'>gracie</span> <span class='ocrx_word' id='word_1_115' title='bbox 718 1056 1039 1109; x_wconf 87' lang='lat' dir='ltr'>peccatoribus</span> <span class='ocrx_word' id='word_1_116' title='bbox 1080 1056 1277 1109; x_wconf 89' lang='lat' dir='ltr'>claudat,</span> <span class='ocrx_word' id='word_1_117' title='bbox 1319 1056 1561 1099; x_wconf 86' lang='lat' dir='ltr'>dexteram</span> <span class='ocrx_word' id='word_1_118' title='bbox 1601 1057 1926 1111; x_wconf 72' lang='lat' dir='ltr'>prosperitatis</span> 
     </span>
     <span class='ocr_line' id='line_1_14' title="bbox 157 1127 1926 1182; baseline 0.001 -13"><span class='ocrx_word' id='word_1_119' title='bbox 157 1132 201 1169; x_wconf 91' lang='lat' dir='ltr'>et</span> <span class='ocrx_word' id='word_1_120' title='bbox 246 1127 575 1181; x_wconf 86' lang='lat' dir='ltr'>intelligencie,</span> <span class='ocrx_word' id='word_1_121' title='bbox 619 1131 668 1169; x_wconf 92' lang='lat' dir='ltr'>ut</span> <span class='ocrx_word' id='word_1_122' title='bbox 712 1128 1026 1170; x_wconf 85' lang='lat' dir='ltr'>curiositatem</span> <span class='ocrx_word' id='word_1_123' title='bbox 1073 1128 1257 1170; x_wconf 88' lang='lat' dir='ltr'>inducat</span> <span class='ocrx_word' id='word_1_124' title='bbox 1301 1131 1344 1170; x_wconf 90' lang='lat' dir='ltr'>et</span> <span class='ocrx_word' id='word_1_125' title='bbox 1387 1129 1622 1181; x_wconf 86' lang='lat' dir='ltr'>negotium</span> <span class='ocrx_word' id='word_1_126' title='bbox 1665 1128 1926 1182; x_wconf 86' lang='lat' dir='ltr'>principale</span> 
     </span>
     <span class='ocr_line' id='line_1_15' title="bbox 153 1198 1925 1252; baseline 0.002 -13"><span class='ocrx_word' id='word_1_127' title='bbox 153 1198 386 1251; x_wconf 90' lang='lat' dir='ltr'>impediat.</span> <span class='ocrx_word' id='word_1_128' title='bbox 426 1198 522 1240; x_wconf 91' lang='lat' dir='ltr'>Hac</span> <span class='ocrx_word' id='word_1_129' title='bbox 550 1202 648 1241; x_wconf 88' lang='lat' dir='ltr'>arte</span> <span class='ocrx_word' id='word_1_130' title='bbox 678 1198 878 1241; x_wconf 84' lang='lat' dir='ltr'>fortasse</span> <span class='ocrx_word' id='word_1_131' title='bbox 908 1199 1086 1251; x_wconf 89' lang='lat' dir='ltr'>sathan,</span> <span class='ocrx_word' id='word_1_132' title='bbox 1113 1199 1303 1241; x_wconf 87' lang='lat' dir='ltr'>humani</span> <span class='ocrx_word' id='word_1_133' title='bbox 1332 1200 1520 1252; x_wconf 85' lang='lat' dir='ltr'>generis</span> <span class='ocrx_word' id='word_1_134' title='bbox 1550 1198 1777 1252; x_wconf 89' lang='lat' dir='ltr'>inimicus,</span> <span class='ocrx_word' id='word_1_135' title='bbox 1804 1212 1925 1242; x_wconf 89' lang='lat' dir='ltr'>nunc</span> 
     </span>
     <span class='ocr_line' id='line_1_16' title="bbox 155 1269 1927 1322; baseline 0.001 -11"><span class='ocrx_word' id='word_1_136' title='bbox 155 1270 309 1322; x_wconf 90' lang='lat' dir='ltr'>utitur,</span> <span class='ocrx_word' id='word_1_137' title='bbox 336 1282 439 1312; x_wconf 90' lang='lat' dir='ltr'>cum</span> <span class='ocrx_word' id='word_1_138' title='bbox 469 1270 515 1311; x_wconf 89' lang='lat' dir='ltr'>in</span> <span class='ocrx_word' id='word_1_139' title='bbox 545 1269 914 1312; x_wconf 85' lang='lat' dir='ltr'>destruccionem</span> <span class='ocrx_word' id='word_1_140' title='bbox 944 1270 1159 1312; x_wconf 89' lang='lat' dir='ltr'>ordinum</span> <span class='ocrx_word' id='word_1_141' title='bbox 1190 1269 1556 1312; x_wconf 88' lang='lat' dir='ltr'>mendicancium</span> <span class='ocrx_word' id='word_1_142' title='bbox 1585 1297 1640 1301; x_wconf 96' lang='lat'><strong>—</strong></span> <span class='ocrx_word' id='word_1_143' title='bbox 1668 1269 1927 1312; x_wconf 86' lang='lat' dir='ltr'>cuiusmodi</span> 
     </span>
     <span class='ocr_line' id='line_1_17' title="bbox 155 1340 1926 1395; baseline 0.001 -14"><span class='ocrx_word' id='word_1_144' title='bbox 155 1345 260 1383; x_wconf 76' lang='lat' dir='ltr'>sunt</span> <span class='ocrx_word' id='word_1_145' title='bbox 287 1340 654 1394; x_wconf 77' lang='lat' dir='ltr'>Praedicatores,</span> <span class='ocrx_word' id='word_1_146' title='bbox 683 1341 1070 1394; x_wconf 72' lang='lat' dir='ltr'>Augustinenses,</span> <span class='ocrx_word' id='word_1_147' title='bbox 1103 1340 1319 1394; x_wconf 83' lang='lat' dir='ltr'>Minores,</span> <span class='ocrx_word' id='word_1_148' title='bbox 1349 1340 1598 1383; x_wconf 90' lang='lat' dir='ltr'>Carmelite</span> <span class='ocrx_word' id='word_1_149' title='bbox 1628 1368 1683 1372; x_wconf 97' lang='lat'><strong>—</strong></span> <span class='ocrx_word' id='word_1_150' title='bbox 1711 1341 1796 1384; x_wconf 92' lang='lat' dir='ltr'>sub</span> <span class='ocrx_word' id='word_1_151' title='bbox 1821 1354 1926 1395; x_wconf 89' lang='lat' dir='ltr'>pre-</span> 
     </span>
     <span class='ocr_line' id='line_1_18' title="bbox 154 1411 1925 1466; baseline 0.001 -13"><span class='ocrx_word' id='word_1_152' title='bbox 154 1415 282 1454; x_wconf 81' lang='lat' dir='ltr'>textu</span> <span class='ocrx_word' id='word_1_153' title='bbox 305 1412 432 1465; x_wconf 83' lang='lat' dir='ltr'>pacis</span> <span class='ocrx_word' id='word_1_154' title='bbox 454 1415 499 1454; x_wconf 91' lang='lat' dir='ltr'>et</span> <span class='ocrx_word' id='word_1_155' title='bbox 521 1411 876 1454; x_wconf 83' lang='lat' dir='ltr'>reformacionis</span> <span class='ocrx_word' id='word_1_156' title='bbox 900 1412 1096 1454; x_wconf 88' lang='lat' dir='ltr'>ecclesie</span> <span class='ocrx_word' id='word_1_157' title='bbox 1120 1412 1422 1454; x_wconf 85' lang='lat' dir='ltr'>machinatur.</span> <span class='ocrx_word' id='word_1_158' title='bbox 1458 1412 1632 1466; x_wconf 90' lang='lat' dir='ltr'>Nempe</span> <span class='ocrx_word' id='word_1_159' title='bbox 1654 1412 1704 1454; x_wconf 87' lang='lat' dir='ltr'>in</span> <span class='ocrx_word' id='word_1_160' title='bbox 1727 1412 1925 1466; x_wconf 89' lang='lat' dir='ltr'>quodam</span> 
     </span>
     <span class='ocr_line' id='line_1_19' title="bbox 152 1483 1925 1537; baseline 0 -11"><span class='ocrx_word' id='word_1_161' title='bbox 152 1486 347 1526; x_wconf 87' lang='lat' dir='ltr'>tractatu</span> <span class='ocrx_word' id='word_1_162' title='bbox 380 1483 438 1526; x_wconf 90' lang='lat' dir='ltr'>de</span> <span class='ocrx_word' id='word_1_163' title='bbox 472 1483 812 1526; x_wconf 81' lang='lat' dir='ltr'>reformacione</span> <span class='ocrx_word' id='word_1_164' title='bbox 847 1483 1042 1525; x_wconf 85' lang='lat' dir='ltr'>ecclesie</span> <span class='ocrx_word' id='word_1_165' title='bbox 1077 1483 1123 1525; x_wconf 94' lang='lat' dir='ltr'>in</span> <span class='ocrx_word' id='word_1_166' title='bbox 1155 1483 1240 1525; x_wconf 92' lang='lat' dir='ltr'>hoc</span> <span class='ocrx_word' id='word_1_167' title='bbox 1275 1496 1408 1526; x_wconf 88' lang='lat' dir='ltr'>sacro</span> <span class='ocrx_word' id='word_1_168' title='bbox 1439 1483 1648 1537; x_wconf 84' lang='lat' dir='ltr'>concilio,</span> <span class='ocrx_word' id='word_1_169' title='bbox 1680 1486 1731 1526; x_wconf 93' lang='lat' dir='ltr'>ut</span> <span class='ocrx_word' id='word_1_170' title='bbox 1760 1483 1925 1536; x_wconf 84' lang='lat' dir='ltr'>fertur,</span> 
     </span>
     <span class='ocr_line' id='line_1_20' title="bbox 153 1553 1924 1608; baseline 0.001 -14"><span class='ocrx_word' id='word_1_171' title='bbox 153 1555 405 1607; x_wconf 83' lang='lat' dir='ltr'>composito</span> <span class='ocrx_word' id='word_1_172' title='bbox 432 1558 478 1597; x_wconf 86' lang='lat' dir='ltr'>et</span> <span class='ocrx_word' id='word_1_173' title='bbox 507 1555 595 1597; x_wconf 89' lang='lat' dir='ltr'>iam</span> <span class='ocrx_word' id='word_1_174' title='bbox 625 1568 649 1597; x_wconf 88' lang='lat' dir='ltr'>a</span> <span class='ocrx_word' id='word_1_175' title='bbox 678 1567 815 1607; x_wconf 90' lang='lat' dir='ltr'>quam</span> <span class='ocrx_word' id='word_1_176' title='bbox 843 1554 1057 1608; x_wconf 88' lang='lat' dir='ltr'>plurimis</span> <span class='ocrx_word' id='word_1_177' title='bbox 1086 1554 1264 1608; x_wconf 91' lang='lat' dir='ltr'>copiato</span> <span class='ocrx_word' id='word_1_178' title='bbox 1293 1558 1339 1597; x_wconf 89' lang='lat' dir='ltr'>et</span> <span class='ocrx_word' id='word_1_179' title='bbox 1365 1554 1423 1597; x_wconf 89' lang='lat' dir='ltr'>ad</span> <span class='ocrx_word' id='word_1_180' title='bbox 1449 1555 1620 1597; x_wconf 88' lang='lat' dir='ltr'>multas</span> <span class='ocrx_word' id='word_1_181' title='bbox 1646 1558 1807 1608; x_wconf 90' lang='lat' dir='ltr'>partes</span> <span class='ocrx_word' id='word_1_182' title='bbox 1832 1553 1924 1597; x_wconf 78' lang='lat' dir='ltr'>iam</span> 
     </span>
     <span class='ocr_line' id='line_1_21' title="bbox 154 1625 1924 1680; baseline 0.001 -13"><span class='ocrx_word' id='word_1_183' title='bbox 154 1625 308 1668; x_wconf 85' lang='lat' dir='ltr'>delato</span> <span class='ocrx_word' id='word_1_184' title='bbox 346 1626 467 1668; x_wconf 92' lang='lat' dir='ltr'>inter</span> <span class='ocrx_word' id='word_1_185' title='bbox 505 1625 595 1668; x_wconf 86' lang='lat' dir='ltr'>alia</span> <span class='ocrx_word' id='word_1_186' title='bbox 635 1625 801 1668; x_wconf 88' lang='lat' dir='ltr'>dicitur</span> <span class='ocrx_word' id='word_1_187' title='bbox 840 1626 920 1668; x_wconf 89' lang='lat' dir='ltr'>sic:</span> <span class='ocrx_word' id='word_1_188' title='bbox 973 1625 1174 1669; x_wconf 88' lang='lat' dir='ltr'>maxime</span> <span class='ocrx_word' id='word_1_189' title='bbox 1211 1626 1397 1668; x_wconf 86' lang='lat' dir='ltr'>videtur</span> <span class='ocrx_word' id='word_1_190' title='bbox 1432 1625 1765 1679; x_wconf 87' lang='lat' dir='ltr'>necessarium,</span> <span class='ocrx_word' id='word_1_191' title='bbox 1802 1625 1924 1680; x_wconf 88' lang='lat' dir='ltr'>quod</span> 
     </span>
     <span class='ocr_line' id='line_1_22' title="bbox 154 1696 1925 1751; baseline 0.001 -14"><span class='ocrx_word' id='word_1_192' title='bbox 154 1696 526 1739; x_wconf 87' lang='lat' dir='ltr'>diminuerentur</span> <span class='ocrx_word' id='word_1_193' title='bbox 556 1732 563 1739; x_wconf 92' lang='lat'><strong><em>.</em></strong></span> <span class='ocrx_word' id='word_1_194' title='bbox 600 1731 607 1739; x_wconf 91' lang='lat'><strong>.</strong></span> <span class='ocrx_word' id='word_1_195' title='bbox 645 1697 693 1751; x_wconf 79' lang='lat'>.¹)</span> <span class='ocrx_word' id='word_1_196' title='bbox 738 1697 805 1739; x_wconf 81' lang='lat' dir='ltr'>Ex</span> <span class='ocrx_word' id='word_1_197' title='bbox 834 1698 1004 1750; x_wconf 90' lang='lat' dir='ltr'>quibus</span> <span class='ocrx_word' id='word_1_198' title='bbox 1032 1697 1216 1739; x_wconf 87' lang='lat' dir='ltr'>videtur</span> <span class='ocrx_word' id='word_1_199' title='bbox 1245 1697 1499 1739; x_wconf 88' lang='lat' dir='ltr'>secundum</span> <span class='ocrx_word' id='word_1_200' title='bbox 1525 1697 1611 1740; x_wconf 89' lang='lat' dir='ltr'>hoc</span> <span class='ocrx_word' id='word_1_201' title='bbox 1636 1697 1740 1739; x_wconf 83' lang='lat' dir='ltr'>fore</span> <span class='ocrx_word' id='word_1_202' title='bbox 1767 1709 1925 1739; x_wconf 84' lang='lat' dir='ltr'>neces-</span> 
     </span>
     <span class='ocr_line' id='line_1_23' title="bbox 154 1767 1923 1822; baseline 0.001 -13"><span class='ocrx_word' id='word_1_203' title='bbox 154 1768 326 1809; x_wconf 84' lang='lat' dir='ltr'>sarium</span> <span class='ocrx_word' id='word_1_204' title='bbox 351 1768 561 1821; x_wconf 77' lang='lat' dir='ltr'>prefatos</span> <span class='ocrx_word' id='word_1_205' title='bbox 587 1768 776 1811; x_wconf 85' lang='lat' dir='ltr'>ordines</span> <span class='ocrx_word' id='word_1_206' title='bbox 803 1769 978 1810; x_wconf 90' lang='lat' dir='ltr'>debere</span> <span class='ocrx_word' id='word_1_207' title='bbox 1005 1768 1198 1810; x_wconf 90' lang='lat' dir='ltr'>diminui</span> <span class='ocrx_word' id='word_1_208' title='bbox 1226 1769 1271 1810; x_wconf 89' lang='lat' dir='ltr'>in</span> <span class='ocrx_word' id='word_1_209' title='bbox 1297 1768 1602 1811; x_wconf 89' lang='lat' dir='ltr'>conventibus</span> <span class='ocrx_word' id='word_1_210' title='bbox 1626 1771 1673 1811; x_wconf 89' lang='lat' dir='ltr'>et</span> <span class='ocrx_word' id='word_1_211' title='bbox 1694 1767 1923 1822; x_wconf 81' lang='lat' dir='ltr'>personis,</span> 
     </span>
     <span class='ocr_line' id='line_1_24' title="bbox 153 1839 1925 1893; baseline 0.001 -13"><span class='ocrx_word' id='word_1_212' title='bbox 153 1839 260 1891; x_wconf 90' lang='lat' dir='ltr'>quia</span> <span class='ocrx_word' id='word_1_213' title='bbox 285 1840 331 1881; x_wconf 93' lang='lat' dir='ltr'>in</span> <span class='ocrx_word' id='word_1_214' title='bbox 356 1839 447 1883; x_wconf 86' lang='lat' dir='ltr'>hiis</span> <span class='ocrx_word' id='word_1_215' title='bbox 474 1839 705 1883; x_wconf 83' lang='lat' dir='ltr'>excedunt</span> <span class='ocrx_word' id='word_1_216' title='bbox 730 1844 776 1882; x_wconf 90' lang='lat' dir='ltr'>et</span> <span class='ocrx_word' id='word_1_217' title='bbox 801 1843 909 1882; x_wconf 91' lang='lat' dir='ltr'>sunt</span> <span class='ocrx_word' id='word_1_218' title='bbox 933 1839 1202 1882; x_wconf 91' lang='lat' dir='ltr'>hominibus</span> <span class='ocrx_word' id='word_1_219' title='bbox 1226 1840 1447 1882; x_wconf 90' lang='lat' dir='ltr'>honerosi</span> <span class='ocrx_word' id='word_1_220' title='bbox 1474 1843 1520 1882; x_wconf 91' lang='lat' dir='ltr'>et</span> <span class='ocrx_word' id='word_1_221' title='bbox 1542 1839 1925 1893; x_wconf 83' lang='lat' dir='ltr'>preiudiciabiles</span> 
     </span>
     <span class='ocr_line' id='line_1_25' title="bbox 153 1910 1922 1964; baseline 0.001 -13"><span class='ocrx_word' id='word_1_222' title='bbox 153 1911 276 1951; x_wconf 87' lang='lat' dir='ltr'>omni</span> <span class='ocrx_word' id='word_1_223' title='bbox 305 1910 500 1953; x_wconf 77' lang='lat' dir='ltr'>ecclesie</span> <span class='ocrx_word' id='word_1_224' title='bbox 531 1912 682 1963; x_wconf 84' lang='lat' dir='ltr'>statui,</span> <span class='ocrx_word' id='word_1_225' title='bbox 712 1912 843 1964; x_wconf 87' lang='lat' dir='ltr'>quasi</span> <span class='ocrx_word' id='word_1_226' title='bbox 874 1911 1061 1963; x_wconf 91' lang='lat' dir='ltr'>diceret,</span> <span class='ocrx_word' id='word_1_227' title='bbox 1089 1911 1212 1964; x_wconf 92' lang='lat' dir='ltr'>quod</span> <span class='ocrx_word' id='word_1_228' title='bbox 1240 1911 1468 1954; x_wconf 89' lang='lat' dir='ltr'>ierarchie</span> <span class='ocrx_word' id='word_1_229' title='bbox 1496 1910 1808 1954; x_wconf 87' lang='lat' dir='ltr'>ecclesiastice</span> <span class='ocrx_word' id='word_1_230' title='bbox 1833 1913 1922 1954; x_wconf 89' lang='lat' dir='ltr'>tur·</span> 
     </span>
     <span class='ocr_line' id='line_1_26' title="bbox 153 1980 1924 2036; baseline 0.001 -15"><span class='ocrx_word' id='word_1_231' title='bbox 153 1981 265 2023; x_wconf 90' lang='lat' dir='ltr'>bant</span> <span class='ocrx_word' id='word_1_232' title='bbox 290 1981 500 2023; x_wconf 88' lang='lat' dir='ltr'>ordinem</span> <span class='ocrx_word' id='word_1_233' title='bbox 529 1985 665 2035; x_wconf 88' lang='lat' dir='ltr'>atque</span> <span class='ocrx_word' id='word_1_234' title='bbox 692 1995 867 2036; x_wconf 89' lang='lat' dir='ltr'>pacem.</span> <span class='ocrx_word' id='word_1_235' title='bbox 906 1982 1137 2035; x_wconf 88' lang='lat' dir='ltr'>Numquid</span> <span class='ocrx_word' id='word_1_236' title='bbox 1164 1995 1299 2025; x_wconf 90' lang='lat' dir='ltr'>casus</span> <span class='ocrx_word' id='word_1_237' title='bbox 1326 1982 1474 2025; x_wconf 81' lang='lat' dir='ltr'>dictu-s</span> <span class='ocrx_word' id='word_1_238' title='bbox 1499 1982 1558 2024; x_wconf 90' lang='lat' dir='ltr'>de</span> <span class='ocrx_word' id='word_1_239' title='bbox 1584 1980 1924 2025; x_wconf 74' lang='lat' dir='ltr'>interficiendis</span> 
     </span>
     <span class='ocr_line' id='line_1_27' title="bbox 154 2052 1922 2107; baseline 0.001 -15"><span class='ocrx_word' id='word_1_240' title='bbox 154 2052 318 2095; x_wconf 73' lang='lat' dir='ltr'>‚Iudeis</span> <span class='ocrx_word' id='word_1_241' title='bbox 345 2053 391 2094; x_wconf 92' lang='lat' dir='ltr'>in</span> <span class='ocrx_word' id='word_1_242' title='bbox 420 2066 565 2106; x_wconf 78' lang='lat' dir='ltr'>regno</span> <span class='ocrx_word' id='word_1_243' title='bbox 592 2053 766 2096; x_wconf 78' lang='lat' dir='ltr'>Assero</span> <span class='ocrx_word' id='word_1_244' title='bbox 792 2057 838 2095; x_wconf 91' lang='lat' dir='ltr'>et</span> <span class='ocrx_word' id='word_1_245' title='bbox 865 2067 999 2097; x_wconf 86' lang='lat' dir='ltr'>casus</span> <span class='ocrx_word' id='word_1_246' title='bbox 1025 2053 1100 2097; x_wconf 87' lang='lat' dir='ltr'>isti</span> <span class='ocrx_word' id='word_1_247' title='bbox 1129 2053 1345 2096; x_wconf 87' lang='lat' dir='ltr'>vide-ntur</span> <span class='ocrx_word' id='word_1_248' title='bbox 1374 2053 1461 2096; x_wconf 89' lang='lat' dir='ltr'>sibi</span> <span class='ocrx_word' id='word_1_249' title='bbox 1491 2053 1669 2107; x_wconf 90' lang='lat' dir='ltr'>aliquid</span> <span class='ocrx_word' id='word_1_250' title='bbox 1696 2052 1922 2096; x_wconf 79' lang='lat' dir='ltr'>attinere?</span> 
     </span>
     <span class='ocr_line' id='line_1_28' title="bbox 152 2123 1923 2178; baseline 0 -13"><span class='ocrx_word' id='word_1_251' title='bbox 152 2123 409 2176; x_wconf 87' lang='lat' dir='ltr'>Utrobique</span> <span class='ocrx_word' id='word_1_252' title='bbox 443 2125 565 2165; x_wconf 90' lang='lat' dir='ltr'>enim</span> <span class='ocrx_word' id='word_1_253' title='bbox 601 2137 841 2167; x_wconf 79' lang='lat' dir='ltr'>servorum</span> <span class='ocrx_word' id='word_1_254' title='bbox 876 2125 960 2166; x_wconf 83' lang='lat' dir='ltr'>Dei</span> <span class='ocrx_word' id='word_1_255' title='bbox 995 2124 1253 2167; x_wconf 88' lang='lat' dir='ltr'>destruccio</span> <span class='ocrx_word' id='word_1_256' title='bbox 1284 2124 1508 2178; x_wconf 87' lang='lat' dir='ltr'>queritur,</span> <span class='ocrx_word' id='word_1_257' title='bbox 1540 2124 1763 2167; x_wconf 91' lang='lat' dir='ltr'>utrolibet</span> <span class='ocrx_word' id='word_1_258' title='bbox 1793 2123 1923 2178; x_wconf 88' lang='lat' dir='ltr'>quasi</span> 
     </span>
     <span class='ocr_line' id='line_1_29' title="bbox 153 2194 1926 2249; baseline 0.001 -15"><span class='ocrx_word' id='word_1_259' title='bbox 153 2194 320 2236; x_wconf 84' lang='lat' dir='ltr'>similis</span> <span class='ocrx_word' id='word_1_260' title='bbox 351 2207 488 2237; x_wconf 88' lang='lat' dir='ltr'>causa</span> <span class='ocrx_word' id='word_1_261' title='bbox 519 2195 824 2248; x_wconf 87' lang='lat' dir='ltr'>pretenditur.</span> <span class='ocrx_word' id='word_1_262' title='bbox 868 2195 945 2238; x_wconf 86' lang='lat' dir='ltr'>Set</span> <span class='ocrx_word' id='word_1_263' title='bbox 976 2196 1117 2249; x_wconf 84' lang='lat' dir='ltr'>dices,</span> <span class='ocrx_word' id='word_1_264' title='bbox 1149 2196 1271 2249; x_wconf 91' lang='lat' dir='ltr'>quod</span> <span class='ocrx_word' id='word_1_265' title='bbox 1302 2196 1364 2238; x_wconf 92' lang='lat' dir='ltr'>ibi</span> <span class='ocrx_word' id='word_1_266' title='bbox 1395 2195 1651 2238; x_wconf 81' lang='lat' dir='ltr'>Judeorum</span> <span class='ocrx_word' id='word_1_267' title='bbox 1680 2195 1926 2249; x_wconf 83' lang='lat' dir='ltr'>petebatur</span> 
     </span>
     <span class='ocr_line' id='line_1_30' title="bbox 154 2265 1924 2320; baseline 0.001 -14"><span class='ocrx_word' id='word_1_268' title='bbox 154 2265 425 2318; x_wconf 87' lang='lat' dir='ltr'>destruccio,</span> <span class='ocrx_word' id='word_1_269' title='bbox 458 2266 530 2307; x_wconf 84' lang='lat' dir='ltr'>hic</span> <span class='ocrx_word' id='word_1_270' title='bbox 565 2270 716 2309; x_wconf 87' lang='lat' dir='ltr'>autem</span> <span class='ocrx_word' id='word_1_271' title='bbox 750 2280 842 2309; x_wconf 93' lang='lat' dir='ltr'>non</span> <span class='ocrx_word' id='word_1_272' title='bbox 874 2268 1049 2320; x_wconf 90' lang='lat' dir='ltr'>petitur</span> <span class='ocrx_word' id='word_1_273' title='bbox 1081 2267 1296 2309; x_wconf 89' lang='lat' dir='ltr'>ordinum</span> <span class='ocrx_word' id='word_1_274' title='bbox 1329 2267 1620 2320; x_wconf 81' lang='lat' dir='ltr'>prefatorum</span> <span class='ocrx_word' id='word_1_275' title='bbox 1650 2266 1924 2318; x_wconf 81' lang='lat' dir='ltr'>destruccio,</span> 
     </span>
     <span class='ocr_line' id='line_1_31' title="bbox 155 2335 1924 2391; baseline 0.001 -14"><span class='ocrx_word' id='word_1_276' title='bbox 155 2340 224 2378; x_wconf 87' lang='lat' dir='ltr'>set</span> <span class='ocrx_word' id='word_1_277' title='bbox 252 2335 502 2379; x_wconf 91' lang='lat' dir='ltr'>diminucio</span> <span class='ocrx_word' id='word_1_278' title='bbox 535 2372 542 2379; x_wconf 93' lang='lat'><strong>.</strong></span> <span class='ocrx_word' id='word_1_279' title='bbox 579 2372 586 2379; x_wconf 93' lang='lat'><strong><em>.</em></strong></span> <span class='ocrx_word' id='word_1_280' title='bbox 623 2375 629 2381; x_wconf 87' lang='lat'>.</span> <span class='ocrx_word' id='word_1_281' title='bbox 675 2338 840 2390; x_wconf 82' lang='lat' dir='ltr'>Credo,</span> <span class='ocrx_word' id='word_1_282' title='bbox 872 2339 1008 2391; x_wconf 90' lang='lat' dir='ltr'>quod,</span> <span class='ocrx_word' id='word_1_283' title='bbox 1039 2338 1147 2380; x_wconf 90' lang='lat' dir='ltr'>licet</span> <span class='ocrx_word' id='word_1_284' title='bbox 1177 2338 1347 2381; x_wconf 91' lang='lat' dir='ltr'>dictum</span> <span class='ocrx_word' id='word_1_285' title='bbox 1379 2339 1715 2381; x_wconf 90' lang='lat' dir='ltr'>avisamentum</span> <span class='ocrx_word' id='word_1_286' title='bbox 1744 2349 1924 2391; x_wconf 87' lang='lat' dir='ltr'>ponens</span> 
     </span>
     <span class='ocr_line' id='line_1_32' title="bbox 155 2407 1924 2463; baseline 0 -14"><span class='ocrx_word' id='word_1_287' title='bbox 155 2407 216 2449; x_wconf 82' lang='lat' dir='ltr'>sic</span> <span class='ocrx_word' id='word_1_288' title='bbox 247 2407 456 2460; x_wconf 89' lang='lat' dir='ltr'>intendit,</span> <span class='ocrx_word' id='word_1_289' title='bbox 484 2413 532 2451; x_wconf 89' lang='lat' dir='ltr'>ut</span> <span class='ocrx_word' id='word_1_290' title='bbox 562 2409 623 2450; x_wconf 92' lang='lat' dir='ltr'>ibi</span> <span class='ocrx_word' id='word_1_291' title='bbox 657 2409 888 2461; x_wconf 88' lang='lat' dir='ltr'>scribitur,</span> <span class='ocrx_word' id='word_1_292' title='bbox 916 2412 1070 2452; x_wconf 90' lang='lat' dir='ltr'>tamen</span> <span class='ocrx_word' id='word_1_293' title='bbox 1103 2410 1203 2462; x_wconf 89' lang='lat' dir='ltr'>ipse</span> <span class='ocrx_word' id='word_1_294' title='bbox 1234 2410 1397 2452; x_wconf 82' lang='lat' dir='ltr'>sathan</span> <span class='ocrx_word' id='word_1_295' title='bbox 1427 2422 1513 2463; x_wconf 89' lang='lat' dir='ltr'>per</span> <span class='ocrx_word' id='word_1_296' title='bbox 1539 2409 1660 2452; x_wconf 85' lang='lat' dir='ltr'>hanc</span> <span class='ocrx_word' id='word_1_297' title='bbox 1689 2407 1924 2451; x_wconf 89' lang='lat' dir='ltr'>diminuci-</span> 
     </span>
     <span class='ocr_line' id='line_1_33' title="bbox 155 2478 1923 2532; baseline 0.001 -13"><span class='ocrx_word' id='word_1_298' title='bbox 155 2491 289 2520; x_wconf 92' lang='lat' dir='ltr'>onem</span> <span class='ocrx_word' id='word_1_299' title='bbox 337 2478 530 2520; x_wconf 82' lang='lat' dir='ltr'>finalem</span> <span class='ocrx_word' id='word_1_300' title='bbox 580 2480 784 2532; x_wconf 88' lang='lat' dir='ltr'>ipsorum</span> <span class='ocrx_word' id='word_1_301' title='bbox 835 2479 1202 2522; x_wconf 90' lang='lat' dir='ltr'>destruccionem</span> <span class='ocrx_word' id='word_1_302' title='bbox 1252 2480 1461 2523; x_wconf 91' lang='lat' dir='ltr'>intendit.</span> <span class='ocrx_word' id='word_1_303' title='bbox 1525 2479 1757 2523; x_wconf 87' lang='lat' dir='ltr'>Mutilacio</span> <span class='ocrx_word' id='word_1_304' title='bbox 1802 2478 1923 2522; x_wconf 87' lang='lat' dir='ltr'>enim</span> 
     </span>
     <span class='ocr_line' id='line_1_34' title="bbox 155 2550 1922 2605; baseline 0.002 -16"><span class='ocrx_word' id='word_1_305' title='bbox 155 2562 266 2602; x_wconf 83' lang='lat' dir='ltr'>sepe</span> <span class='ocrx_word' id='word_1_306' title='bbox 298 2553 490 2592; x_wconf 90' lang='lat' dir='ltr'>mortem</span> <span class='ocrx_word' id='word_1_307' title='bbox 524 2550 720 2593; x_wconf 88' lang='lat' dir='ltr'>adducit.</span> <span class='ocrx_word' id='word_1_308' title='bbox 766 2551 1035 2593; x_wconf 90' lang='lat' dir='ltr'>Destruccio</span> <span class='ocrx_word' id='word_1_309' title='bbox 1064 2564 1176 2594; x_wconf 83' lang='lat' dir='ltr'>vero</span> <span class='ocrx_word' id='word_1_310' title='bbox 1207 2552 1497 2605; x_wconf 77' lang='lat' dir='ltr'>prefatorum</span> <span class='ocrx_word' id='word_1_311' title='bbox 1528 2551 1756 2604; x_wconf 76' lang='lat' dir='ltr'>ordinum,</span> <span class='ocrx_word' id='word_1_312' title='bbox 1788 2562 1922 2604; x_wconf 85' lang='lat' dir='ltr'>quam</span> 
     </span>
     <span class='ocr_line' id='line_1_35' title="bbox 153 2621 1921 2675; baseline 0.001 -14"><span class='ocrx_word' id='word_1_313' title='bbox 153 2621 315 2662; x_wconf 80' lang='lat' dir='ltr'>nociva</span> <span class='ocrx_word' id='word_1_314' title='bbox 343 2625 469 2663; x_wconf 85' lang='lat' dir='ltr'>esset</span> <span class='ocrx_word' id='word_1_315' title='bbox 494 2623 668 2674; x_wconf 89' lang='lat' dir='ltr'>populo</span> <span class='ocrx_word' id='word_1_316' title='bbox 695 2622 961 2673; x_wconf 87' lang='lat' dir='ltr'>christiano,</span> <span class='ocrx_word' id='word_1_317' title='bbox 990 2623 1092 2675; x_wconf 91' lang='lat' dir='ltr'>quis</span> <span class='ocrx_word' id='word_1_318' title='bbox 1122 2622 1417 2665; x_wconf 81' lang='lat' dir='ltr'>sufficienter</span> <span class='ocrx_word' id='word_1_319' title='bbox 1443 2622 1674 2666; x_wconf 83' lang='lat' dir='ltr'>edisserat</span> <span class='ocrx_word' id='word_1_320' title='bbox 1697 2622 1796 2675; x_wconf 90' lang='lat' dir='ltr'>hec,</span> <span class='ocrx_word' id='word_1_321' title='bbox 1823 2633 1921 2663; x_wconf 87' lang='lat' dir='ltr'>cum</span> 
     </span>
     <span class='ocr_line' id='line_1_36' title="bbox 153 2690 1922 2747; baseline 0 -15"><span class='ocrx_word' id='word_1_322' title='bbox 153 2691 350 2744; x_wconf 90' lang='lat' dir='ltr'>quisque</span> <span class='ocrx_word' id='word_1_323' title='bbox 377 2691 642 2746; x_wconf 84' lang='lat' dir='ltr'>intelligere</span> <span class='ocrx_word' id='word_1_324' title='bbox 669 2693 851 2746; x_wconf 89' lang='lat' dir='ltr'>poterit,</span> <span class='ocrx_word' id='word_1_325' title='bbox 880 2694 933 2746; x_wconf 92' lang='lat' dir='ltr'>si,</span> <span class='ocrx_word' id='word_1_326' title='bbox 962 2694 1005 2735; x_wconf 93' lang='lat' dir='ltr'>in</span> <span class='ocrx_word' id='word_1_327' title='bbox 1034 2694 1157 2747; x_wconf 93' lang='lat' dir='ltr'>quali</span> <span class='ocrx_word' id='word_1_328' title='bbox 1187 2697 1305 2736; x_wconf 92' lang='lat' dir='ltr'>statu</span> <span class='ocrx_word' id='word_1_329' title='bbox 1334 2694 1420 2736; x_wconf 76' lang='lat' dir='ltr'>fu-it</span> <span class='ocrx_word' id='word_1_330' title='bbox 1447 2694 1644 2736; x_wconf 84' lang='lat' dir='ltr'>ecclesia</span> <span class='ocrx_word' id='word_1_331' title='bbox 1672 2696 1779 2736; x_wconf 92' lang='lat' dir='ltr'>ante</span> <span class='ocrx_word' id='word_1_332' title='bbox 1805 2690 1922 2735; x_wconf 85' lang='lat' dir='ltr'>ordi-</span> 
     </span>
     <span class='ocr_line' id='line_1_37' title="bbox 154 2763 1920 2817; baseline -0.001 -13"><span class='ocrx_word' id='word_1_333' title='bbox 154 2775 263 2804; x_wconf 93' lang='lat' dir='ltr'>num</span> <span class='ocrx_word' id='word_1_334' title='bbox 287 2763 616 2816; x_wconf 90' lang='lat' dir='ltr'>predictorum,</span> <span class='ocrx_word' id='word_1_335' title='bbox 641 2764 863 2817; x_wconf 90' lang='lat' dir='ltr'>precipue</span> <span class='ocrx_word' id='word_1_336' title='bbox 889 2764 1236 2807; x_wconf 88' lang='lat' dir='ltr'>Predicatorum</span> <span class='ocrx_word' id='word_1_337' title='bbox 1263 2768 1309 2807; x_wconf 91' lang='lat' dir='ltr'>et</span> <span class='ocrx_word' id='word_1_338' title='bbox 1335 2765 1562 2807; x_wconf 92' lang='lat' dir='ltr'>Minorum</span> <span class='ocrx_word' id='word_1_339' title='bbox 1588 2764 1835 2807; x_wconf 90' lang='lat' dir='ltr'>adventum</span> <span class='ocrx_word' id='word_1_340' title='bbox 1861 2797 1870 2805; x_wconf 90' lang='lat'><strong>.</strong></span> <span class='ocrx_word' id='word_1_341' title='bbox 1887 2795 1920 2804; x_wconf 92' lang='lat'>..</span> 
     </span>
     <span class='ocr_line' id='line_1_38' title="bbox 157 2833 1921 2889; baseline 0 -14"><span class='ocrx_word' id='word_1_342' title='bbox 157 2837 449 2887; x_wconf 90' lang='lat' dir='ltr'>quantusque</span> <span class='ocrx_word' id='word_1_343' title='bbox 494 2835 672 2878; x_wconf 76' lang='lat' dir='ltr'>fructus</span> <span class='ocrx_word' id='word_1_344' title='bbox 715 2835 886 2877; x_wconf 90' lang='lat' dir='ltr'>nedum</span> <span class='ocrx_word' id='word_1_345' title='bbox 932 2836 1055 2888; x_wconf 88' lang='lat' dir='ltr'>apud</span> <span class='ocrx_word' id='word_1_346' title='bbox 1101 2836 1323 2879; x_wconf 79' lang='lat' dir='ltr'>infideles</span> <span class='ocrx_word' id='word_1_347' title='bbox 1366 2835 1661 2889; x_wconf 89' lang='lat' dir='ltr'>processerit,</span> <span class='ocrx_word' id='word_1_348' title='bbox 1705 2833 1921 2889; x_wconf 83' lang='lat' dir='ltr'>procedat</span> 
     </span>
     <span class='ocr_line' id='line_1_39' title="bbox 156 2904 802 2960; baseline 0.008 -17"><span class='ocrx_word' id='word_1_349' title='bbox 156 2904 300 2946; x_wconf 85' lang='lat' dir='ltr'>eciam</span> <span class='ocrx_word' id='word_1_350' title='bbox 333 2905 389 2947; x_wconf 92' lang='lat' dir='ltr'>de</span> <span class='ocrx_word' id='word_1_351' title='bbox 422 2906 630 2957; x_wconf 82' lang='lat' dir='ltr'>presenti</span> <span class='ocrx_word' id='word_1_352' title='bbox 664 2939 671 2947; x_wconf 93' lang='lat'><strong>.</strong></span> <span class='ocrx_word' id='word_1_353' title='bbox 709 2940 715 2947; x_wconf 96' lang='lat'>.</span> <span class='ocrx_word' id='word_1_354' title='bbox 752 2906 802 2960; x_wconf 89' lang='lat'>.²)</span> 
     </span>
    </p>
   </div>
   <div class='ocr_carea' id='block_1_3' title="bbox 270 3010 1716 3112">
    <p class='ocr_par' dir='ltr' id='par_1_3' title="bbox 270 3010 1716 3112">
     <span class='ocr_line' id='line_1_40' title="bbox 272 3010 1716 3056; baseline 0.003 -15"><span class='ocrx_word' id='word_1_355' title='bbox 272 3010 303 3051; x_wconf 84' lang='grc'>1)</span> <span class='ocrx_word' id='word_1_356' title='bbox 340 3010 413 3051; x_wconf 75' lang='lat' dir='ltr'>l&#39;ql.</span> <span class='ocrx_word' id='word_1_357' title='bbox 441 3011 559 3045; x_wconf 74' lang='lat' dir='ltr'>Ilm-(lt</span> <span class='ocrx_word' id='word_1_358' title='bbox 585 3011 612 3044; x_wconf 89' lang='grc' dir='ltr'>Ι.</span> <span class='ocrx_word' id='word_1_359' title='bbox 637 3012 706 3045; x_wconf 63' lang='grc'>493</span> <span class='ocrx_word' id='word_1_360' title='bbox 732 3011 930 3046; x_wconf 63' lang='grc' dir='ltr'>ΑὑεΓῙιηίΗ</span> <span class='ocrx_word' id='word_1_361' title='bbox 964 3014 975 3045; x_wconf 92' lang='grc'><em>1</em></span> <span class='ocrx_word' id='word_1_362' title='bbox 1003 3012 1058 3044; x_wconf 77' lang='lat' dir='ltr'>De</span> <span class='ocrx_word' id='word_1_363' title='bbox 1085 3022 1158 3054; x_wconf 84' lang='lat' dir='ltr'>qua</span> <span class='ocrx_word' id='word_1_364' title='bbox 1184 3012 1343 3046; x_wconf 84' lang='lat' dir='ltr'>materia</span> <span class='ocrx_word' id='word_1_365' title='bbox 1368 3038 1374 3045; x_wconf 90' lang='lat'><strong>.</strong></span> <span class='ocrx_word' id='word_1_366' title='bbox 1404 3039 1410 3045; x_wconf 87' lang='lat'>.</span> <span class='ocrx_word' id='word_1_367' title='bbox 1439 3039 1444 3045; x_wconf 90' lang='lat'>.</span> <span class='ocrx_word' id='word_1_368' title='bbox 1472 3011 1716 3056; x_wconf 80' lang='lat' dir='ltr'>scripserunt.</span> 
     </span>
     <span class='ocr_line' id='line_1_41' title="bbox 270 3069 1086 3112; baseline 0.002 -10"><span class='ocrx_word' id='word_1_369' title='bbox 270 3069 300 3105; x_wconf 67' lang='lat'>²)</span> <span class='ocrx_word' id='word_1_370' title='bbox 331 3069 470 3108; x_wconf 63' lang='lat' dir='ltr'>Famem</span> <span class='ocrx_word' id='word_1_371' title='bbox 501 3069 691 3112; x_wconf 63' lang='lat' dir='ltr'>Bvispivle</span> <span class='ocrx_word' id='word_1_372' title='bbox 717 3080 785 3103; x_wconf 67' lang='lat' dir='ltr'>aus</span> <span class='ocrx_word' id='word_1_373' title='bbox 813 3070 947 3104; x_wconf 76' lang='lat' dir='ltr'>Isidor.</span> <span class='ocrx_word' id='word_1_374' title='bbox 975 3070 1086 3104; x_wconf 72' lang='lat' dir='ltr'>Beda.</span> 
     </span>
    </p>
   </div>
  </div>
 </body>
</html>
