2227 3434
540 198 584 233 A.
624 199 821 233 Fillastres
850 199 965 251 Gesta
992 200 1143 234 concilii
1169 200 1484 236 Constantiensis.
1813 205 1893 247 101

133 317 259 360 iuris.
309 317 430 370 Sepe
466 317 591 358 enim
629 316 744 358 dixit
782 329 880 369 rex,
918 317 1041 370 quod
1080 317 1204 360 infra
1242 318 1385 360 breve
1423 322 1607 372 tempus
1642 320 1896 363 haberetur

132 399 265 440 papa.
309 387 363 429 Et
391 387 505 428 exiit
535 399 689 428 sermo
719 387 840 428 inter
868 387 1045 440 plureS‚
1076 388 1199 440 quod
1230 388 1276 429 in
1307 389 1382 430 die
1413 389 1652 432 eiectionis
1685 391 1809 432 Petri
1839 391 1895 433 de

133 457 261 499 Luna
295 458 448 499 statim
484 457 542 499 ad
577 469 735 499 vocem
770 470 1059 499 communem
1094 471 1214 500 unus
1248 459 1563 501 nominabitur
1599 473 1721 514 papa
1755 465 1800 503 et
1835 461 1896 504 ita

132 530 406 570 assumetur.

249 597 334 639 Die
370 597 485 640 iovis
521 597 641 651 VI.³)
684 598 788 639 Maii
824 598 1128 641 commissarii
1165 599 1212 640 in
1247 612 1386 642 causa
1422 604 1581 643 contra
1616 601 1803 643 Petrum
1839 602 1896 643 de

132 667 261 710 Luna
291 666 600 710 decreverunt
630 668 899 710 citacionem
930 672 1089 712 contra
1119 669 1321 712 eundem
1352 671 1540 712 Petrum
1570 671 1897 724 publicandam

132 739 177 781 in
211 737 455 781 audiencia
487 738 874 781 contradictarum
907 740 980 781 vel
1017 741 1063 781 in
1095 740 1243 782 valvis
1277 741 1473 783 ecclesie
1508 741 1897 794 Constanciensis‚

132 821 221 862 que
246 811 442 862 utroque
471 809 570 851 loco
596 809 683 851 fuit
709 810 943 862 publicata
970 810 1028 852 ad
1056 810 1180 852 diem
1207 811 1316 853 lune
1346 815 1619 865 sequentem
1647 813 1705 855 ad
1730 813 1898 866 produ-

131 879 327 921 cendum
357 892 443 932 pro
472 883 605 932 parte
638 880 743 921 dicti
777 880 902 922 Petri
933 893 1114 922 necnon
1145 881 1204 923 ad
1233 881 1485 924 videndum
1516 883 1709 936 produci
1740 887 1898 926 contra

132 962 237 992 eum
270 949 578 992 instrumenta
612 954 657 992 et
691 951 846 993 omnia
881 951 972 993 alia
1007 964 1296 1005 quecumque
1331 953 1404 994 hic
1440 953 1547 995 inde
1584 954 1897 1007 producenda,

132 1024 178 1063 et
214 1020 466 1062 videndum
506 1021 696 1074 probari
737 1022 869 1075 signa
906 1022 1193 1064 notariorum
1233 1023 1291 1064 ad
1330 1023 1453 1065 diem
1492 1024 1603 1066 lune
1644 1025 1898 1078 sequentis,

132 1090 297 1134 decimi
324 1092 500 1134 mensis
532 1091 650 1135 Maii.

250 1161 333 1204 Die
362 1162 472 1204 lune
501 1162 555 1204 X.
586 1162 695 1204 Maii
725 1162 948 1205 sederunt
977 1164 1280 1206 commissarii
1309 1165 1355 1206 in
1385 1165 1484 1207 loco
1513 1169 1734 1208 consueto
1762 1167 1899 1209 sessi-

132 1232 233 1274 onis
259 1235 305 1274 et
330 1232 565 1285 productis
593 1233 895 1276 citacionibus
922 1234 1136 1287 exequtis
1165 1235 1212 1276 in
1241 1235 1483 1278 audiencia
1512 1236 1898 1278 contradictarum

132 1306 177 1345 et
204 1302 251 1344 in
280 1303 427 1345 valvis
457 1304 654 1346 ecclesie
686 1303 1062 1347 Constanciensis
1091 1309 1250 1347 contra
1282 1306 1468 1348 Petrum
1500 1306 1557 1348 de
1587 1307 1717 1349 Luna
1747 1308 1898 1360 ipsum

133 1385 297 1416 vocare
332 1373 545 1416 fecerunt
581 1387 690 1416 voce
728 1376 945 1428 preconis
981 1375 1039 1418 ad
1075 1377 1236 1419 valvas
1271 1377 1468 1419 ecclesie
1507 1377 1897 1420 Constanciensis.

131 1444 228 1496 Quo
247 1457 341 1486 non
363 1445 679 1498 respondente
703 1446 834 1487 illum
857 1449 1193 1499 reputaverunt
1215 1451 1530 1489 contumacem
1553 1451 1598 1490 et
1619 1452 1899 1502 receperunt

132 1515 268 1568 plura
292 1515 599 1558 instrumenta
624 1516 847 1570 producta
872 1529 957 1570 per
983 1521 1345 1570 procuratorem,
1371 1531 1567 1571 quorum
1594 1519 1727 1572 signa
1752 1522 1797 1561 et
1821 1531 1900 1561 no-

131 1586 273 1629 tarios
304 1586 495 1639 probari
526 1586 740 1629 fecerunt
770 1591 815 1629 et
844 1588 1109 1630 habuerunt
1140 1601 1225 1641 pro
1256 1589 1464 1642 probatis
1496 1589 1899 1632 continuaverunt-

133 1669 222 1709 que
254 1656 378 1699 diem
411 1657 538 1700 illam
572 1658 629 1700 ad
663 1658 785 1700 diem
819 1659 980 1701 martis
1013 1659 1264 1712 sequentis.
1310 1659 1407 1711 Qua
1442 1660 1517 1702 die
1551 1660 1716 1702 iterum
1752 1661 1899 1702 valvis

134 1727 215 1770 illo
243 1731 402 1770 vocato
432 1731 478 1770 et
508 1732 720 1781 reputato
751 1732 1018 1771 contumace
1049 1730 1322 1782 productum
1353 1730 1441 1772 fuit
1471 1743 1556 1783 per
1587 1734 1898 1784 promotorem

134 1798 382 1840 Henricum
417 1799 473 1841 de
512 1799 617 1841 Piro
652 1812 794 1841 unum
828 1813 1044 1853 magnum
1081 1804 1315 1853 regestum
1351 1801 1408 1842 de
1444 1802 1586 1854 gestis
1621 1814 1706 1855 per
1742 1814 1899 1855 regem

133 1867 397 1922 Aragonum
426 1869 550 1923 apud
581 1870 768 1912 Petrum
799 1870 856 1912 de
888 1870 1017 1913 Luna
1047 1884 1132 1924 pro
1162 1872 1334 1913 unione
1364 1872 1562 1914 ecclesie
1594 1872 1821 1925 signatum
1853 1873 1899 1914 in

135 1938 230 1982 fine
265 1939 396 1993 signo
431 1944 477 1982 et
513 1941 860 1994 subscripcione
897 1942 1063 1983 notarii
1101 1945 1146 1983 et
1183 1943 1422 1984 secretarii
1460 1943 1583 1996 regis
1619 1943 1898 1996 Aragonum,

133 2022 269 2063 quem
300 2011 440 2064 legati
472 2011 578 2053 dicti
612 2012 735 2066 regis
767 2024 853 2065 per
885 2011 1236 2066 iuramentum'·)
1271 2013 1590 2066 deposuerunt
1621 2026 1727 2056 esse
1759 2014 1899 2056 talem

132 2082 178 2122 et
210 2081 311 2134 ipse
343 2081 551 2124 notarius
586 2083 851 2135 recognovit
885 2083 1066 2136 signum
1102 2096 1235 2125 suuni
1268 2087 1313 2126 et
1347 2084 1756 2137 subscripcionem.
1802 2084 1899 2135 Quo

134 2150 253 2194 facto
273 2152 578 2195 commissarii
602 2152 859 2195 decernunt
881 2153 1150 2195 citacionem
1175 2154 1222 2195 in
1245 2154 1490 2197 audiencia
1512 2155 1897 2197 contradictarum

134 2224 179 2263 et
214 2221 261 2264 in
300 2222 448 2265 valvis
487 2224 684 2265 ecclesie
726 2223 1103 2267 Constanciensis
1142 2225 1471 2277 publicandam
1512 2228 1669 2267 contra
1712 2225 1897 2267 Petrum

133 2291 190 2334 de
214 2291 342 2336 Luna
366 2294 425 2336 ad
449 2294 699 2336 crastinum
725 2294 899 2337 scilicet
924 2295 1046 2336 diem
1073 2295 1290 2337 mercurii
1316 2295 1430 2338 hora
1456 2296 1652 2349 septima
1678 2296 1735 2338 de
1761 2308 1896 2338 mane

133 2361 178 2403 in
207 2363 305 2406 loco
333 2364 558 2407 sessionis
586 2365 644 2407 ad
673 2364 957 2407 audiendum
987 2369 1031 2407 et
1059 2366 1310 2408 videndum
1340 2366 1569 2419 publicari
1599 2370 1756 2419 testes,
1784 2370 1896 2408 atte-

133 2432 359 2476 staciones
386 2438 431 2477 et
459 2435 577 2478 dicta
605 2435 790 2478 testium
820 2437 865 2477 in
893 2449 1032 2478 causa
1061 2440 1106 2478 et
1133 2437 1192 2478 ad
1220 2436 1503 2479 audiendum
1532 2437 1620 2479 sibi
1648 2437 1894 2479 terminum

134 2515 218 2556 per
238 2517 344 2546 eum
368 2505 596 2559 assignari
622 2506 678 2548 ad
703 2506 963 2559 dicendum,
988 2507 1281 2549 obiciendum
1304 2511 1350 2549 et
1374 2508 1743 2561 proponendum,
1767 2507 1896 2560 quid-

134 2574 243 2627 quid
278 2576 421 2618 vellet
458 2580 616 2619 contra
652 2580 810 2629 testes,
847 2590 1009 2619 eorum
1047 2578 1164 2620 dicta
1203 2581 1340 2631 atque
1378 2578 1684 2620 instrumenta
1721 2582 1766 2620 et
1805 2579 1895 2620 alia

135 2644 368 2696 producta.

250 2715 335 2758 Die
357 2718 574 2759 mercurii
596 2718 699 2759 XII.
727 2718 828 2760 Maii
853 2719 962 2760 anni
987 2718 1235 2761 millesimo
1257 2718 1541 2761 CCCCXVII
1565 2722 1610 2760 et
1633 2720 1762 2760 tercii
1786 2719 1892 2760 anni

134 2785 312 2828 concilii
344 2787 463 2829 sedit
494 2788 738 2830 concilium
769 2801 871 2830 cum
905 2789 1211 2831 solemnitate.
1256 2789 1470 2831 Presedit
1501 2788 1751 2831 cardinalis
1783 2788 1896 2831 Osti-

134 2854 260 2898 ensis
292 2861 511 2909 presente
547 2857 857 2900 Romanorum
893 2872 1002 2912 rege
1041 2860 1086 2900 in
1122 2863 1241 2901 statu
1277 2859 1522 2912 imperiali,
1559 2859 1766 2912 pluviali,
1801 2859 1896 2900 dal-

135 2926 311 2978 matico,
339 2938 522 2980 corona,
553 2932 735 2982 sceptro
764 2929 989 2971 mundiali
1020 2933 1064 2972 et
1094 2942 1207 2972 ense
1238 2930 1362 2972 nudo
1393 2930 1438 2971 in
1469 2929 1580 2972 sede
1611 2933 1786 2982 parata,
1817 2929 1891 2970 ubi

135 3005 254 3048 papa
280 2997 446 3039 sedere
472 2999 666 3050 solebat,
690 3002 735 3041 et
759 3012 861 3041 cum
887 3012 942 3042 eo
967 3000 1123 3042 multis
1148 3000 1356 3051 ducibus,
1382 2999 1726 3042 marchionibus
1750 3002 1794 3040 et
1820 2999 1895 3040 ba-

239 3103 270 3130 n.)
289 3099 315 3127 c'
330 3098 395 3129 VII.
432 3100 466 3134 b)
488 3107 547 3136 per
566 3101 627 3134 iur,
646 3101 726 3135 fehlt
748 3103 784 3129 Β.
