2227 3434
219 153 257 190 C.
298 154 376 190 Der
400 153 639 190 literarische
666 153 809 198 Kampf
834 165 895 189 um
924 154 987 190 die
1013 150 1186 198 Stellung
1212 156 1280 190 des
1307 155 1466 199 Papstes
1492 165 1575 189 zum
1605 155 1750 190 Konzil.
1785 153 1868 199 723

218 272 480 315 Secundum
515 274 821 315 correlarium
859 276 945 316 est:
985 273 1082 315 Non
1120 274 1347 326 sequitur:
1399 273 1656 316 Concilium
1693 273 1870 315 diffinit

101 347 146 385 et
172 335 369 396 p’recipit
393 347 440 385 et
464 343 650 385 nomine
679 344 826 396 ipsius
853 343 899 385 in
924 344 1090 386 eodem
1118 344 1305 386 decreta
1332 344 1465 387 mittit
1492 347 1536 386 et
1562 357 1655 386 non
1681 345 1868 386 nomine

101 426 223 466 pape
248 414 421 456 ibidem
446 414 650 467 legitime
674 414 942 466 residentis3
965 427 1078 467 ergo
1100 427 1193 456 non
1217 427 1357 468 pap-a3
1383 415 1500 457 sicut
1521 427 1614 456 non
1640 415 1867 468 sequitur:

102 483 215 525 Cum
247 483 487 527 audissent
519 485 715 537 apostoli
749 485 1056 537 Jerosolimis‚
1089 485 1197 538 quia
1229 484 1437 527 Samaria
1470 485 1646 538 recepit
1677 485 1869 526 verbum

102 554 202 608 Dei,
230 554 457 597 miserunt
483 554 541 597 ad
566 567 648 598 eos
675 555 861 596 Petrum
889 560 934 598 et
960 555 1239 607 Johannem3
1269 568 1380 609 ergo
1405 568 1499 598 non
1526 555 1651 597 Petri
1678 555 1871 597 auctori·-

102 627 208 667 tate.
260 625 373 666 Nam
413 625 503 667 alia
544 629 615 667 est
653 625 815 667 missio
854 625 1033 667 consilii
1075 629 1120 667 et
1162 625 1536 679 deliberacionis,
1579 625 1671 668 alia
1711 626 1870 668 missio

102 695 400 738 auctoritatis.

218 766 431 808 Tercium
461 765 764 808 correlarium
795 769 882 808 est:
926 766 1023 808 Non
1055 770 1182 808 tenet
1209 767 1294 808 hoc
1325 770 1664 820 argumentum:
1709 767 1870 809 Totum

100 836 309 889 qualibet
335 849 418 878 sua
445 839 577 890 parte
604 840 674 879 est
700 836 866 888 maius;
895 849 1008 890 ergo
1033 840 1240 889 potestas
1268 837 1448 879 concilii
1475 837 1622 880 maior
1647 840 1719 879 est
1745 841 1871 890 pote-

102 910 219 949 state
239 919 375 960 pape.
409 908 520 949 Nam
545 910 634 950 stat
654 907 936 950 antecedens
958 920 1063 950 esse
1088 920 1263 960 verum,
1287 908 1472 961 quando
1497 909 1671 950 scilicet
1694 908 1871 961 quanti-

101 980 171 1020 tas
195 978 340 1031 partis
366 977 601 1031 dependet
626 991 650 1020 a
676 978 929 1030 quantitate
955 978 1113 1030 tocius,
1139 982 1453 1031 consequente
1478 979 1708 1022 existente
1735 979 1871 1031 falso,

100 1048 286 1101 quando
305 1049 435 1091 nulla
455 1049 561 1090 talis
580 1052 651 1090 est
672 1049 1007 1101 dependencia,
1030 1049 1145 1092 sicut
1165 1052 1235 1091 est
1253 1050 1495 1102 potestatis
1516 1062 1636 1102 pape
1656 1052 1871 1102 respectu

102 1119 299 1161 ecclesie
323 1120 396 1160 vel
421 1119 616 1172 concilii,
640 1119 857 1172 quoniam
882 1132 907 1161 a
932 1119 1115 1161 Christo
1139 1132 1231 1161 non
1256 1121 1314 1162 ab
1336 1120 1523 1161 homine
1548 1120 1700 1173 quoad
1722 1120 1870 1173 ipsam

102 1192 392 1243 potestatem,
418 1189 628 1242 quamvis
655 1190 807 1242 quoad
833 1189 1166 1232 correctionem
1194 1191 1367 1233 abusus
1394 1190 1451 1232 ab
1477 1191 1675 1232 ecclesia
1700 1190 1873 1243 depen-

102 1259 313 1302 denciam
340 1260 511 1302 habeat
537 1261 610 1302 vel
639 1260 846 1302 concilio.
887 1260 1047 1302 Simile
1077 1260 1200 1303 enim
1229 1264 1550 1314 argumentum
1578 1261 1687 1302 fieri
1714 1264 1872 1314 posset

102 1330 159 1372 de
188 1330 385 1384 Christo,
414 1331 697 1384 quoniam,in
725 1334 946 1384 quantum
974 1332 1111 1374 homo
1137 1335 1220 1384 est,
1249 1332 1377 1374 dedit
1403 1332 1554 1385 ipsum
1583 1331 1708 1374 Deus
1737 1335 1872 1385 caput

102 1401 209 1444 fieri
244 1413 386 1455 super
418 1414 602 1444 omnem
636 1402 880 1444 ecclesiam
914 1415 965 1444 ac
997 1414 1082 1455 per
1115 1402 1199 1444 hoc
1231 1415 1342 1455 pars
1374 1406 1446 1445 est
1478 1403 1626 1456 ipsius
1660 1402 1871 1454 ecclesie,

102 1472 226 1525 quod
253 1475 410 1514 tamen
441 1476 618 1515 constat
646 1485 740 1514 non
771 1473 1063 1525 concludere,
1096 1485 1196 1514 cum
1227 1473 1377 1515 omnis
1409 1473 1580 1516 Christi
1611 1473 1872 1526 auctoritas,

104 1543 151 1585 in
176 1547 397 1596 quantum
421 1543 559 1586 homo
582 1543 653 1597 sit,
677 1544 882 1585 totaliter
907 1557 932 1586 a
959 1544 1074 1596 De0;
1103 1556 1162 1585 ex
1188 1557 1279 1597 quo
1303 1544 1489 1586 tandem
1516 1547 1724 1597 apparet,
1750 1544 1872 1597 quod

102 1626 255 1667 neque
293 1614 464 1657 falsum
502 1627 655 1667 neque
693 1614 871 1656 fatuum
908 1617 978 1656 est
1014 1618 1192 1667 tenere,
1230 1614 1354 1668 quod
1388 1618 1593 1667 potestas
1630 1615 1872 1656 executiva

101 1697 223 1738 pape
250 1685 455 1738 legitime
483 1684 768 1738 presidentis
797 1688 841 1727 et
868 1685 1119 1727 residentis
1147 1685 1204 1728 sit
1231 1685 1443 1727 absolute
1472 1686 1618 1728 maior
1645 1688 1872 1739 potestate

102 1755 283 1797 concilii
309 1755 559 1809 generalis,
584 1759 632 1798 ut
657 1756 845 1809 quidam
872 1755 1041 1798 dicunt.

218 1826 313 1868 Hec
332 1826 646 1880 scripserima)
673 1827 802 1869 salvo
826 1839 1012 1879 semper
1034 1826 1208 1869 saniori
1223 1826 1394 1868 iudicio
1408 1829 1570 1868 etcum
1585 1826 1872 1869 correctione

102 1897 271 1940 melius
295 1896 534 1950 sapientis.

219 1968 316 2021 Ego
354 1967 502 2010 frater
540 1968 814 2011 Leonardus
853 1968 909 2010 de
951 1968 1194 2010 Florencia
1236 1968 1456 2022 magister
1493 1968 1672 2011 ordinis
1713 1968 1892 2010 Predi-‘

102 2040 307 2080 catorum
337 2038 573 2091 generalis
604 2041 688 2081 etc.

740 2121 762 2145 *
1209 2121 1232 2147 ιιι

975 2167 999 2194 *

217 2248 258 2292 4.
297 2249 445 2304 Post¹)
475 2248 631 2302 dubia,
657 2261 746 2302 que
773 2249 893 2291 movi
921 2250 1041 2292 circa
1067 2249 1358 2292 asserciones
1386 2249 1743 2303 suprascriptaS,
1770 2261 1871 2290 cum

101 2331 182 2362 eas
214 2319 357 2361 habui
392 2320 493 2362 sine
528 2320 889 2373 probacionibus
924 2323 970 2362 et
1005 2320 1176 2362 deinde
1211 2321 1331 2363 circa
1366 2320 1676 2373 probaciones
1710 2331 1870 2361 earum

102 2401 202 2431 cum
223 2390 493 2433 correlariis
518 2390 728 2444 annexis,
752 2403 874 2432 nunc
898 2391 1094 2433 movebo
1118 2391 1274 2444 aliqua
1297 2391 1419 2433 circa
1442 2390 1697 2433 earundem
1722 2402 1869 2432 asser-

99 2460 282 2502 cionum
326 2464 371 2503 et
411 2461 742 2514 probacionum
785 2461 1148 2514 declaraciones,
1191 2461 1445 2503 secundum
1488 2461 1611 2514 quod
1653 2460 1870 2514 superius

101 2529 332 2584 descripte
366 2534 485 2573 sunt.
532 2532 586 2574 Et
617 2532 767 2585 primo
799 2532 919 2574 circa
952 2532 1335 2585 declaracionem,
1368 2544 1469 2574 cum
1504 2531 1671 2573 dicitur
1704 2543 1870 2584 suppo-

101 2601 270 2654 nendo,
292 2601 415 2654 quod
438 2601 635 2644 ecclesia
657 2602 826 2645 habeat
849 2602 1229 2655 iurisdictionem,
1253 2602 1376 2655 quod
1397 2614 1502 2644 eam
1523 2601 1665 2644 habet
1686 2601 1869 2653 insepe-

102 2671 315 2715 rabiliter
344 2684 404 2714 ex
434 2685 504 2725 eo,
536 2673 659 2725 quod
688 2685 926 2726 nunquam
959 2673 1146 2716 deficiet
1176 2673 1224 2714 in
1256 2673 1367 2714 fide.
1412 2670 1599 2714 Cer‘tum
1631 2674 1701 2713 est
1731 2670 1868 2722 enim,

102 2741 239 2795 quod,
271 2742 387 2784 sicut
419 2755 512 2785 non
546 2743 773 2795 sequitur:
827 2743 917 2786 Iste
950 2743 1091 2786 habet
1123 2743 1268 2784 fidem
1301 2746 1347 2784 et
1378 2742 1519 2784 habet
1553 2741 1868 2783 firmissimam

101 2811 260 2866 fidem,
292 2825 404 2866 ergo
433 2813 573 2856 habet
603 2813 982 2866 iurisdictionem,
1017 2815 1076 2856 ita
1107 2826 1200 2855 non
1233 2813 1459 2865 sequitur:
1511 2812 1600 2853 Iste
1632 2822 1867 2863 nunquam

102 2881 291 2926 deficiet
319 2882 366 2924 in
398 2882 495 2924 fide
528 2886 573 2926 et
602 2883 743 2926 habet
775 2884 1154 2937 iurisdictionem,
1185 2895 1297 2936 ergo
1329 2882 1468 2924 habet
1498 2894 1599 2924 eam
1632 2881 1868 2933 insepera-

207 3001 237 3029 a)
259 2998 305 3024 Hs
324 3004 368 3024 80.

218 3045 251 3088 1)
279 3045 408 3080 Neuer
432 3044 588 3090 Angriffff
612 3046 681 3080 des
708 3043 890 3088 Geyners.
1639 3099 1656 3117 *Ι

1578 3100 1633 3139 46
