2102 3444
192 164 278 207 456
548 164 592 197 II.
625 163 835 198 Absehnitt.
879 164 1083 196 Sermones
1114 163 1264 196 concilii
1294 162 1611 198 constanciensis.

194 294 279 334 per
314 281 572 333 ecclesiam,
609 281 732 333 quod
768 280 905 321 hodie
942 293 1033 321 non
1070 283 1139 323 est
1176 280 1430 323 iurisdictio
1466 294 1548 323 nec
1586 281 1840 323 dominium
1876 293 1960 323 nec

194 352 340 393 honor
385 364 469 393 nec
514 354 719 403 potestas
766 363 912 402 penes
959 350 1192 395 infideles,
1252 351 1553 394 Transfertur
1598 352 1722 394 enim
1768 363 1960 404 regnum

195 423 250 463 de
288 426 425 475 gente
466 423 508 463 in
547 425 730 474 gentem
769 425 960 474 propter
999 422 1253 464 iniusticias
1291 436 1398 464 suas
1435 422 1490 463 23
1528 435 1568 474 q.
1606 422 1785 464 ultimo:
1826 424 1863 464 si
1902 423 1959 464 de

195 487 358 543 rebus}
379 496 423 534 et
449 492 552 533 ideo
578 504 764 544 semper
789 495 858 533 est
884 492 1057 533 licitum
1083 493 1257 534 bellum
1284 497 1440 534 contra
1466 505 1546 535 eos
1571 496 1615 534 et
1639 493 1831 546 cogendi
1857 497 1961 536 sunt

193 563 249 604 ad
279 563 421 604 fidem
544 566 591 604 et
619 563 676 604 ad
706 562 854 604 libere
887 563 1208 605 dimittendum
1238 564 1371 605 nobis
1401 564 1597 616 patriam
1627 564 1787 616 jhesu,
1817 576 1842 606 a
1872 576 1960 617 qua

193 646 352 675 sumus
373 646 458 686 per
483 646 563 675 eos
586 646 671 686 per
695 633 969 675 violenciam
995 635 1178 686 spoliati
1207 669 1215 676 .
1252 668 1259 676 .
1296 668 1303 675 .
1331 635 1384 675 Et
1406 634 1489 675 hoc
1510 634 1577 675 sic
1602 634 1741 676 debet
1766 634 1959 677 iudicari

194 704 420 746 deffensio
459 707 503 745 et
542 717 633 745 non
674 704 854 746 invasio
894 738 901 746 .
938 742 944 748 .
982 738 990 746 .
1043 704 1128 746 Ubi
1171 708 1295 747 terra
1337 705 1423 747 fuit
1463 705 1715 757 aliquando
1753 705 1995 748 chri>stia-'

192 787 369 827 norum,
406 787 591 826 semper
626 778 695 816 est
730 774 902 816 licitum
938 775 1113 816 bellum
1149 779 1307 817 contra
1343 775 1577 817 infideles.
1625 775 1715 828 Set,
1750 779 1798 817 ut
1831 776 1961 818 multi

191 845 359 898 dicunt,
390 849 483 888 tota
513 849 639 888 terra
668 845 755 888 fuit
785 846 1157 899 christianorum,
1188 846 1295 899 quia
1328 847 1373 887 in
1404 859 1586 888 omnem
1617 849 1790 889 terram
1819 846 1962 889 exivit

193 929 332 958 sonus
369 917 697 969 apostolorum.
748 916 867 969 Erga
903 920 995 958 tota
1031 920 1157 959 terra
1192 920 1261 959 est
1298 917 1448 969 michi,
1487 917 1698 970 ecclesie,
1736 917 1841 960 data
1875 930 1961 971 per

192 987 438 1029 Christum.

308 1059 362 1100 Et
396 1058 502 1111 quia
539 1059 676 1100 Petro
711 1062 755 1100 et
792 1059 887 1101 suis
923 1059 1271 1101 successoribus
1308 1072 1470 1101 omnes
1505 1072 1615 1102 oves
1651 1059 1809 1101 mundi
1845 1072 1960 1102 com-

191 1128 311 1171 misit
343 1129 618 1182 pascendas,
652 1130 908 1172 monendas
943 1133 988 1171 et
1021 1129 1312 1183 ampliandas
1348 1130 1425 1183 (Jo
1459 1131 1538 1172 ult.
1572 1133 1617 1172 et
1649 1130 1764 1171 VIII
1797 1143 1826 1183 q
1863 1130 1880 1172 I
1914 1131 1960 1172 in

190 1199 451 1254 scripturis)
484 1200 589 1242 ideo
617 1213 718 1242 cum
743 1200 940 1253 decime,
969 1200 1178 1253 primicie
1209 1204 1254 1242 et
1280 1201 1514 1243 beneficia
1542 1201 1856 1243 ecclesiastica
1883 1202 1961 1244 tri-

191 1271 298 1312 buta
317 1271 409 1312 sint
429 1272 670 1324 egencium
692 1272 951 1313 ammarum
975 1272 1050 1325 (26
1073 1285 1099 1324 q
1123 1272 1157 1312 I:
1181 1272 1397 1325 decime),
1420 1271 1524 1313 ideo
1545 1271 1608 1314 sic
1628 1284 1708 1315 eos
1729 1272 1960 1314 existimet

188 1342 384 1393 quilibet
411 1342 562 1393 homo,
592 1342 715 1394 quod
743 1345 848 1384 sunt
876 1342 1073 1384 miniStri
1106 1342 1275 1384 Christi
1306 1346 1350 1384 et
1378 1342 1728 1395 dispensatores
1757 1326 1981 1386 ministe-‘

189 1413 362 1453 riorum
398 1412 497 1465 Dei,
531 1426 645 1465 quos
677 1413 911 1455 constituit
943 1413 1156 1455 dominus
1191 1426 1331 1466 super
1364 1413 1591 1455 familiam
1625 1426 1770 1466 suam,
1803 1417 1852 1456 ut
1884 1413 1959 1456 det

189 1484 254 1524 illi
284 1484 328 1524 in
355 1486 564 1536 tempore
591 1483 727 1526 tritici
754 1496 1035 1526 mensuram.
1074 1484 1234 1526 Nonne
1262 1484 1442 1537 legistis
1466 1484 1714 1526 Ambrosio
1740 1484 1831 1526 XII
1856 1497 1898 1538 q,
1925 1485 1958 1538 Ι,

189 1555 262 1606 qui
298 1554 422 1596 dicit:
471 1555 645 1596 Aurum
675 1554 817 1597 habet
848 1555 1060 1608 ecclesia,
1090 1568 1183 1596 non
1215 1558 1263 1597 ut
1294 1558 1462 1607 servet,
1495 1558 1564 1597 set
1594 1558 1643 1597 ut
1673 1555 1959 1609 pauperibus

189 1629 346 1677 eroget
381 1630 424 1668 et
460 1625 707 1668 subveniet
735 1626 784 1667 vin
817 1625 1190 1669 necessitatibus.
1236 1626 1334 1668 Non
1368 1627 1493 1668 enim
1529 1626 1618 1668 mei
1652 1626 1821 1679 prelati
1855 1629 1959 1670 sunt

189 1696 359 1737 domini
397 1709 483 1738 nec
515 1696 718 1739 heredes
752 1697 1092 1739 beneficiorum
1129 1700 1199 1739 set
1233 1698 1381 1739 solum
1416 1697 1673 1750 hospitales
1709 1701 1754 1740 et
1789 1697 1957 1740 Christi

187 1766 451 1819 patrimonii
486 1767 850 1820 dispensatores.
898 1768 952 1810 Et
987 1768 1024 1810 si
1056 1769 1179 1810 ultra
1212 1768 1394 1820 victum,
1428 1769 1659 1821 vestitum,
1692 1769 1957 1811 necessaria

189 1837 430 1890 recipiunt,
455 1838 664 1890 profecto
689 1873 696 1880 .
733 1872 740 1880 .
777 1873 785 1880 .
812 1839 1106 1892 sacrilegium
1131 1840 1419 1881 committunt
1442 1842 1486 1881 et
1512 1840 1739 1892 sacrilega
1763 1839 1958 1881 crudeli-

188 1911 277 1949 tate
321 1909 583 1961 subripiunt
625 1947 630 1952 .
669 1944 677 1951 .
714 1944 721 1951 .
765 1914 809 1952 et
851 1911 1108 1951 mortaliter
1150 1914 1341 1962 peccant
1383 1913 1427 1952 et
1468 1913 1687 1952 tenentur
1729 1910 1788 1952 ad
1828 1910 1958 1952 resti-

186 1979 409 2021 tutionem
440 2013 448 2020 .

306 2084 313 2091 .
350 2084 358 2091 .
395 2084 402 2092 .
426 2051 634 2093 AudIens
656 2052 741 2093 hec
763 2052 916 2094 anima
938 2052 1069 2094 dixit:
1106 2052 1140 2094 O
1163 2053 1374 2104 ecclesia,
1396 2052 1593 2104 falleris,
1615 2055 1738 2094 certe
1760 2051 1955 2094 falleris.

185 2121 303 2162 Vide
331 2122 537 2174 prelatos
565 2123 683 2164 tuos!
727 2123 934 2164 Verbum
964 2123 1136 2164 domini
1168 2123 1466 2176 proiecerunt
1493 2126 1537 2165 et
1566 2123 1801 2176 sapiencia
1827 2123 1956 2164 nulla

187 2191 232 2232 in
255 2192 323 2233 eis
345 2195 427 2234 est.
462 2192 581 2234 Vide
604 2193 649 2234 in
672 2196 764 2235 toto
786 2194 974 2235 mundo:
1013 2207 1037 2236 a
1060 2194 1249 2236 minimo
1272 2207 1418 2246 usque
1443 2194 1501 2236 ad
1523 2194 1772 2236 maximum
1795 2205 1955 2236 omnes

186 2262 433 2304 avariciam
462 2266 692 2313 secuntur,
720 2277 745 2306 a
770 2265 1011 2317 propheta,
1039 2278 1063 2307 a
1091 2265 1310 2318 religioso
1337 2266 1472 2307 simul
1500 2268 1546 2307 et
1569 2266 1700 2318 layco
1724 2277 1872 2318 usque
1898 2263 1954 2307 ad

187 2333 473 2375 sacerdotem
501 2334 648 2376 cuncti
676 2334 849 2376 faciunt
876 2336 1180 2377 mendacium.
1221 2337 1274 2377 Et
1300 2337 1480 2378 notorie
1507 2336 1564 2378 fit
1590 2336 1720 2388 illud,
1747 2335 1869 2389 quod
1895 2334 1955 2378 ait

186 2404 454 2447 Bernardus
495 2405 550 2446 ad
594 2406 870 2458 Eugenium:
925 2406 1040 2448 Sunt
1079 2406 1315 2459 principes
1358 2406 1594 2459 infideles,
1635 2406 1745 2449 socii
1786 2406 1952 2458 furum,

186 2487 346 2516 omnes
404 2475 600 2527 diligunt
655 2488 861 2527 munera,
917 2481 1135 2519 secuntur
1190 2478 1541 2520 retribuciones.
1608 2477 1699 2519 Alii
1753 2488 1952 2530 namque

185 2548 397 2597 pastores
421 2558 512 2587 non
539 2547 687 2588 solum
713 2560 797 2600 per
823 2548 997 2589 scorias
1022 2551 1066 2589 et
1092 2549 1282 2601 rapinas
1307 2561 1356 2590 se
1383 2552 1427 2590 et
1453 2561 1560 2591 suos
1586 2547 1952 2602 consanguineos

186 2616 344 2661 ditant,
384 2629 536 2668 ymmo
577 2629 811 2670 pauperes
852 2618 1044 2660 clericos
1087 2620 1302 2671 spoliant,
1344 2619 1526 2672 rodunt,
1568 2619 1754 2672 quando
1794 2629 1951 2662 eorum

184 2687 406 2729 ecclesias
444 2688 645 2740 visitant,
685 2688 901 2741 decimas,
941 2690 1172 2741 collectas,
1211 2690 1449 2732 caritativa
1488 2689 1711 2743 subsidia,
1751 2689 1950 2740 servitia,

185 2758 361 2799 medios
389 2757 566 2801 fructus
595 2758 932 2801 beneficiorum
964 2761 1221 2802 vacantium
1252 2764 1502 2813 sumentes,
1530 2761 1726 2804 frivolas
1752 2759 1950 2802 necessi-

184 2830 300 2870 tates
331 2841 414 2870 suo
445 2829 571 2871 clero
602 2829 842 2882 imponunt
872 2834 917 2872 et
946 2832 1194 2884 postulant.

304 2900 416 2940 Item
447 2900 492 2941 in
524 2900 620 2943 suis
651 2901 942 2943 cancellariis
972 2914 1117 2943 novas
1147 2905 1278 2944 taxas
1311 2906 1570 2944 statuerunt
1599 2906 1682 2944 etc.
1730 2902 1841 2944 Item
1871 2900 1947 2943 alii

187 2970 362 3011 litteras
406 2970 596 3012 divitum
639 2972 913 3013 clericorum
956 2985 1046 3014 una
1090 2972 1163 3014 die
1208 2973 1343 3015 simul
1388 2973 1646 3026 expediunt
1686 2976 1731 3015 et
1772 2973 1948 3015 litteras

182 3052 441 3094 pauperum
471 3042 608 3095 longo
633 3045 842 3097 tempore
873 3043 1024 3085 iacere
1053 3044 1325 3099 permittunt
1350 3056 1442 3088 non
1472 3043 1728 3100 expeditas.
1770 3043 1875 3099 Alii,
1901 3043 1949 3085 ut
