2102 3444
242 116 325 158 114
769 113 794 148 I.
830 112 1039 148 Abschnitt.
1086 110 1486 156 Konzilstagebiicher.

360 232 444 275 Die
472 232 588 275 iovis
614 230 739 274 festo
762 234 919 274 sancte
947 230 1243 283 eucharistie,
1271 230 1449 272 decima
1475 230 1601 272 Junii
1630 242 1752 272 anno
1785 226 2012 271 M⁰CCCC⁰

242 303 390 345 XVll⁰
414 307 459 345 et
483 302 664 345 concilii
688 302 830 344 tercio
856 314 938 343 rex
963 302 1274 343 Romanorum
1299 300 1386 342 fuit
1412 301 1458 342 in
1482 300 1623 343 missa
1648 299 1830 341 concilii
1855 301 1900 341 et
1922 298 2012 340 fuit

241 374 287 416 in
329 374 629 427 processione
669 373 880 426 generali
925 373 970 413 in
1015 371 1356 425 imperialibus:
1414 372 1460 413 in
1502 370 1761 423 dalmatica,
1801 369 2011 423 pluviali,

241 444 482 497 mundiali,
511 447 694 497 sceptro
722 446 766 485 et
793 455 907 484 ense
935 443 1078 494 nudo;
1110 442 1173 484 sic
1201 442 1461 495 procedens
1490 445 1595 484 ante
1625 453 1793 494 corpus
1821 440 2010 482 domini.

360 515 533 557 Eodem
564 515 638 556 die
670 515 715 556 in
746 527 852 557 sero
883 514 1005 555 idem
1036 526 1119 554 rex
1150 512 1258 555 fecit
1288 525 1470 555 armare
1501 513 1664 566 plures
1693 512 1938 565 Hungaros
1967 512 2013 552 et

242 587 457 639 Polonos,
479 589 526 628 ut
548 586 734 639 publice
758 585 926 626 dictum
951 584 1051 637 fuit,
1074 584 1197 636 quod
1218 587 1318 625 erat
1340 587 1498 625 contra
1520 582 1726 625 Gallicos
1747 581 2012 624 cardinales

241 660 286 698 et
310 657 488 710 legatos
513 657 637 709 regis
664 656 873 708 Francie,
900 655 1007 708 quia
1032 655 1130 708 regi
1158 657 1424 707 suggestum
1449 656 1563 706 erat,
1589 653 1712 706 quod
1736 652 1844 695 dicti
1868 651 2013 694 cardi-

240 727 374 770 nales
400 730 446 769 et
472 727 611 780 legati
639 726 858 768 volebant
885 726 1126 779 publicare
1156 725 1201 766 in
1230 724 1423 767 concilio
1450 723 1864 766 confederaciones
1893 723 2013 765 iura-

241 802 325 850 tas,
350 810 465 850 quas
491 797 693 839 habebat
718 797 840 838 idem
866 809 950 838 rex
975 809 1075 838 cum
1102 808 1210 849 rege
1238 795 1446 847 Francie,
1471 797 1629 836 contra
1655 807 1771 847 quas
1795 793 2013 836 veniebat

241 868 483 910 reddendo
515 881 564 909 se
596 867 775 909 hostem
809 867 932 920 regis
967 867 1160 909 Francie
1193 870 1238 908 et
1270 879 1371 907 cum
1405 867 1536 908 hoste
1570 878 1653 907 suo
1686 877 1796 918 rege
1829 863 2011 917 Anglie.

244 939 346 980 Fuit
381 938 692 992 significatum
728 938 1045 980 cardinalibus
1081 941 1126 979 et
1162 938 1341 991 legatis,
1377 936 1499 990 quod
1536 938 1768 978 caverent.
1816 935 2014 988 Jamque

241 1013 341 1052 erat
379 1022 491 1061 nox;
533 1009 656 1051 cives
697 1012 850 1051 autem
891 1009 1091 1051 scientes
1133 1011 1364 1050 auxerunt
1403 1007 1625 1049 excubias
1665 1006 1829 1059 noctis;
1871 1006 2011 1059 legati

242 1080 371 1123 ducis
398 1080 631 1123 Sabaudie
661 1079 741 1122 illa
770 1079 1016 1122 audientes
1044 1079 1291 1121 adiverunt
1318 1091 1475 1132 regem
1505 1081 1550 1120 et
1579 1077 1881 1119 refrenarunt
1907 1088 2014 1118 eum

240 1155 285 1193 et
317 1152 432 1194 hora
464 1151 711 1193 undecima
744 1150 790 1191 in
822 1153 954 1192 nocte
988 1153 1218 1192 venerunt
1250 1149 1308 1191 ad
1341 1149 1742 1202 archiepiscopum
1776 1147 2014 1189 Turonen-

242 1235 354 1275 sem,
387 1223 590 1275 legatum
623 1221 747 1274 regis
781 1221 989 1273 Francie,
1022 1223 1313 1273 exponentes
1346 1220 1434 1262 sibi
1468 1232 1654 1262 causam
1687 1222 1837 1261 motus
1868 1221 1913 1260 et
1945 1217 2014 1259 ire

242 1294 366 1346 regis
395 1292 664 1346 predictam.
707 1291 792 1343 Qui
820 1292 1000 1344 legatus
1030 1291 1285 1334 affirmavit
1315 1291 1398 1343 eis,
1427 1290 1551 1343 quod
1579 1302 1672 1332 non
1702 1292 1803 1332 erat
1831 1301 2012 1340 verum3

240 1376 394 1417 neque
431 1376 482 1405 re
519 1376 631 1405 vera
667 1366 781 1415 erat,
819 1362 902 1405 sed
938 1362 1059 1403 bene
1096 1362 1421 1415 proponebant
1456 1361 1563 1403 illas
1599 1359 2013 1402 confederaciones

241 1434 490 1477 ostendere
519 1434 617 1487 regi
647 1433 960 1475 Romanorum
988 1436 1033 1474 et
1062 1433 1120 1474 de
1149 1432 1244 1474 illis
1273 1433 1425 1485 ipsum
1454 1430 1655 1472 reddere
1684 1430 1926 1484 cautuma),
1953 1441 2013 1471 ne

241 1508 399 1547 contra
437 1505 543 1547 illas
581 1507 789 1546 moveret
825 1504 1002 1545 bellum
1041 1504 1140 1556 regi
1179 1502 1373 1544 Francie
1412 1515 1497 1555 pro
1534 1514 1645 1555 rege
1682 1501 1866 1554 Anglie.
1915 1500 2012 1552 Que

240 1576 502 1617 retulerunt
529 1576 627 1628 regi
653 1578 699 1617 et
726 1574 924 1616 cessavit
950 1576 1204 1627 tempestas
1231 1573 1325 1615 illa.
1365 1573 1539 1614 Tamen
1566 1575 1700 1614 nocte
1726 1574 1772 1613 et
1797 1570 2013 1625 pluribus

242 1646 546 1700 sequentibus
568 1647 730 1699 plures
753 1645 810 1686 de
836 1645 1031 1687 Francia
1052 1648 1145 1686 tam
1167 1643 1431 1686 cardinales
1454 1655 1591 1696 quam
1613 1642 1693 1685 alii
1716 1641 2014 1684 muniverunt

244 1718 405 1759 domos
429 1729 538 1759 suas
560 1717 716 1768 armis,
739 1715 976 1769 lapidibus
999 1718 1043 1757 et
1067 1714 1269 1757 fustibus
1292 1714 1350 1756 ad
1374 1714 1700 1756 defensionem
1724 1716 1770 1755 et
1791 1712 1872 1754 diu
1894 1712 2016 1754 fece-

241 1791 347 1829 runt
378 1787 435 1829 de
466 1790 599 1828 nocte
631 1786 866 1828 excubias.

363 1858 447 1900 Die
481 1857 661 1900 sabbati
693 1856 932 1909 sequentis
964 1856 1067 1898 XII.
1100 1856 1226 1898 Junii
1258 1856 1549 1897 intraverunt
1580 1853 1687 1897 novi
1719 1854 1859 1907 legati
1892 1853 2016 1906 regis

243 1928 452 1981 Francie,
481 1927 860 1980 archiepiscopus
888 1926 1207 1979 Bituricensis,
1237 1927 1486 1979 episcopus
1515 1924 1894 1977 Silvanectensis‚
1923 1923 2014 1966 duo

242 2000 436 2042 abbates
461 2002 506 2040 et
531 1998 622 2040 duo
646 1998 694 2039 in
719 1997 1020 2051 dignitatibus
1045 1996 1293 2049 constituti,
1318 2008 1480 2038 omnes
1505 1996 1736 2048 doctores3
1763 1998 1809 2037 et
1833 1994 1921 2037 fuit
1944 1994 2013 2036 eis

242 2070 475 2112 obviatum
509 2069 767 2110 solenniter
800 2071 844 2109 et
879 2080 980 2109 cum
1014 2067 1185 2109 multis.
1232 2067 1354 2108 Nulli
1390 2070 1544 2108 tamen
1579 2066 1637 2108 de
1669 2066 1865 2107 nacione
1900 2064 2014 2107 Ger-

242 2140 394 2182 manie
423 2144 467 2182 et
492 2140 660 2193 Anglie
688 2139 870 2181 obviam
898 2138 1095 2190 iverunt,
1121 2150 1206 2179 nec
1233 2138 1379 2179 eciam
1406 2137 1670 2189 patriarcha
1697 2135 2014 2178 Antiochenus

244 2211 564 2264 vicemgerens
603 2209 862 2261 camerarii,
877 2209 957 2261 qui
973 2220 1032 2249 ex
1048 2208 1421 2259 officiotenetur,
1438 2219 1530 2248 non
1545 2207 1639 2248 ivit.
1678 2206 1804 2248 Licet
1819 2205 1943 2247 enim
1959 2205 2018 2247 sit

247 2282 304 2323 de
326 2294 471 2334 regno
493 2280 702 2332 Francie,
725 2291 911 2332 semper
932 2280 978 2320 in
1002 2279 1088 2320 isto
1108 2278 1302 2320 concilio
1322 2280 1624 2320 conversatus
1644 2280 1716 2319 est
1734 2289 1837 2318 cum
1858 2276 2016 2329 Angli-

242 2353 320 2394 cis.
364 2352 418 2394 Et
446 2364 531 2404 pro
561 2350 658 2392 suis
689 2350 922 2392 scandalis
952 2352 996 2391 et
1027 2348 1247 2401 infamiis,
1278 2348 1423 2390 eciam
1453 2347 1560 2400 quia
1590 2347 1691 2400 capi
1723 2347 1899 2389 fecerat
1928 2359 2013 2400 per

244 2422 491 2464 vindictam
520 2434 662 2462 unum
692 2421 749 2461 de
778 2420 972 2462 nacione
1003 2419 1259 2471 Gallicana,
1289 2419 1559 2472 magistrum
1589 2418 1844 2460 Oliverium
1873 2417 2014 2459 medi-

243 2506 360 2545 cum,
388 2492 475 2534 fuit
504 2491 712 2544 privatus
741 2491 798 2532 de
828 2490 1022 2532 nacione
1052 2489 1294 2532 Gallicana
1323 2492 1368 2531 et
1396 2501 1517 2530 nunc
1546 2492 1634 2531 stat
1662 2501 1764 2530 cum
1793 2487 2013 2541 Anglicis.

245 2564 299 2605 Et
321 2564 401 2605 ille
423 2566 506 2614 est,
530 2562 606 2615 qui
630 2562 807 2614 reperit
829 2560 1202 2602 machinaciones
1225 2560 1393 2602 multas
1416 2560 1514 2612 regi
1536 2562 1582 2601 et
1603 2559 1758 2612 querit
1778 2558 1877 2601 vias
1899 2558 2014 2600 obli-

243 2646 358 2686 quas
390 2645 490 2674 cum
525 2631 874 2685 archiepiscopo
909 2630 1249 2673 Mediolanensi
1281 2634 1326 2672 et
1359 2629 1578 2683 episcopo
1610 2628 1936 2672 Sarisbiriensi
1969 2631 2013 2670 et

246 2703 524 2757 quibusdam
552 2702 671 2754 aliis,
699 2715 895 2755 quorum
923 2714 1007 2743 rex
1034 2702 1176 2743 utitur
1202 2700 1410 2743 consiliis
1437 2703 1482 2742 et
1509 2701 1577 2741 illi
1606 2712 1764 2753 regem
1790 2699 2017 2741 seducunt

246 2778 290 2816 et
318 2774 505 2816 trahunt
535 2786 640 2815 eum
670 2773 727 2815 ad
756 2773 855 2815 vias
885 2773 1031 2814 malas
1060 2774 1218 2813 contra
1247 2783 1380 2813 suum
1409 2771 1647 2812 honorem.
1689 2770 1824 2812 Unde
1851 2769 1899 2811 in
1928 2769 2015 2812 isto

246 2844 440 2886 concilio
474 2844 560 2885 fuit
595 2843 779 2896 publice
815 2843 1000 2896 dictum,
1035 2842 1158 2895 quod
1194 2842 1318 2884 Mars
1355 2841 1547 2894 regebat
1581 2840 1839 2893 concilium,
1874 2852 2015 2893 expo-

245 2915 400 2956 nendo
439 2914 562 2956 Mars
598 2927 682 2966 per
720 2914 916 2955 litteras:
974 2913 1031 2954 M:
1074 2912 1454 2964 Mediolanensis,
1492 2912 1548 2952 A:
1588 2910 1918 2963 Antiochenus,
1956 2910 2010 2951 R:

353 3024 382 3045 a*
405 3019 461 3044 1).’.
473 3017 649 3044 articulum
675 3017 716 3050 113
738 3016 938 3050 ('ebenf‹1lls
959 3024 993 3043 so
1016 3015 1257 3049 ursprihzylieh,
1279 3018 1365 3043 «laun
1389 3016 1519 3041 cautum
1542 3012 1830 3048 uberyeschrieben.
