2227 3434
554 189 592 224 B.
640 188 718 224 Der
749 189 849 224 liber
881 192 1074 234 gestorum
1109 190 1178 224 des
1211 188 1452 224 Cerretanus.
1784 191 1868 234 309

104 307 352 359 mandavit,
373 306 498 360 quod
517 310 710 360 propter
730 308 862 360 regni
881 307 1229 360 impedimenta,
1252 307 1420 360 quibus
1442 311 1579 350 antea
1601 312 1701 350 erat
1721 309 1871 361 provi-

104 377 321 430 dendum,
354 390 447 419 non
481 380 695 430 potuerat
728 390 813 419 nec
846 381 1028 430 poterat
1062 378 1216 431 regios
1249 378 1425 419 habere
1461 377 1752 420 consiliarios
1786 391 1870 420 nec

105 448 236 502 regni
258 449 475 500 barones,
499 460 600 490 cum
625 448 794 500 quibus
818 448 875 490 de
902 449 1208 501 responsione
1233 448 1367 490 nobis
1394 447 1546 491 danda
1571 448 1870 501 deliberaret,

104 518 324 572 rogando,
363 522 425 569 ut,
466 519 611 560 donec
651 519 843 571 negocia
882 519 1037 560 forent
1076 519 1334 572 pacificata,
1374 519 1656 572 pacienciam
1694 520 1870 561 habere

103 589 345 642 vellemus,
376 590 593 642 quoniam
624 592 760 631 antea
790 602 882 631 non
912 593 1180 642 poteramus
1212 589 1439 642 expediri.
1482 589 1657 641 Quibus
1689 590 1871 641 auditis,

103 660 210 703 licet
235 661 367 714 prius
392 660 606 703 dolentes
634 660 971 702 exsisteremus
997 664 1041 702 et
1070 661 1219 712 mesti,
1247 660 1499 713 duplicavit
1526 660 1671 713 dolor,
1699 661 1872 702 nedum

58 772 61 773 ⁷
105 730 212 784 quia
237 730 302 774 sic
325 730 566 773 fueramus
590 743 676 786 p-er
701 730 950 773 dilationes
976 734 1021 772 et
1047 730 1339 784 subterfugia
1364 731 1499 783 ducti,
1527 731 1609 773 sed
1633 732 1741 785 quia
1766 735 1871 774 tunc

106 801 416 844 remansimus
460 802 561 844 sine
605 801 800 844 alicuius
843 801 1030 844 termini
1075 802 1412 854 assignacione,
1458 802 1515 844 ob
1560 802 1682 855 quod
1726 802 1784 845 ad
1829 802 1870 844 d.

105 870 504 926 archiepiscopum
532 875 577 914 et
603 871 814 914 diversos
842 871 972 924 alios,
1001 884 1116 925 quos
1143 871 1388 914 affectatos
1415 872 1473 914 ad
1500 873 1721 915 unionem
1746 874 1872 915 novi-

105 955 220 996 mus,
252 946 298 985 et
330 942 568 996 signanter
601 943 659 985 ad
692 942 925 996 quendam
958 942 1271 984 reverendum
1303 946 1348 984 et
1381 943 1700 986 venerandum
1735 956 1872 986 cause

106 1014 190 1056 Dei
214 1017 261 1056 et
280 1014 467 1056 unionis
490 1014 685 1056 amicum
706 1014 779 1055 hic
802 1013 1095 1065 existentem,
1119 1014 1177 1056 ad
1200 1027 1336 1066 quem
1361 1017 1497 1056 antea
1520 1015 1700 1067 pluries
1722 1027 1874 1056 recur-

105 1085 249 1127 rimus
276 1085 426 1127 virum
453 1084 640 1137 quidem
667 1097 831 1138 magne
858 1084 1100 1138 religionis
1126 1088 1171 1126 et
1198 1085 1466 1137 sanctitatis,
1493 1098 1519 1127 a
1545 1098 1635 1138 quo
1660 1086 1803 1128 multa
1829 1089 1874 1127 et

106 1167 218 1198 sana
252 1155 500 1198 habuimus
534 1156 730 1198 consilia
764 1159 810 1198 et
843 1155 1192 1198 consolacviones
1227 1160 1272 1198 et
1305 1168 1392 1208 per
1427 1156 1556 1199 cuius
1592 1156 1794 1198 medium
1830 1159 1876 1198 et

104 1229 296 1280 propter
323 1225 598 1280 frequentes
625 1230 810 1269 nostras
839 1226 1159 1269 solicitudines
1189 1226 1228 1270 d.
1261 1226 1639 1280 archiepiscopus
1668 1227 1743 1269 die
1773 1227 1874 1270 sab-

105 1296 199 1340 bati
223 1297 438 1350 sequenti
458 1297 595 1340 nobis
618 1297 748 1350 dixit,
772 1297 895 1350 quod
917 1297 1201 1340 audientiam
1222 1297 1358 1339 nobis
1380 1297 1567 1339 omnino
1588 1301 1874 1350 procuraret,

105 1371 150 1410 et
175 1367 283 1410 licet
308 1369 457 1422 ipsam
482 1381 568 1422 pro
594 1368 696 1422 ipsa
723 1368 797 1410 die
825 1371 1196 1421 expectaremus,
1220 1372 1375 1410 tamen
1402 1368 1567 1410 eadem
1595 1368 1670 1410 die
1697 1368 1873 1410 habere

106 1451 198 1481 non
220 1438 467 1492 potuimus,
493 1439 576 1482 sed
601 1439 787 1481 domina
812 1438 972 1492 regina
997 1452 1082 1492 per
1106 1452 1248 1481 unum
1273 1452 1332 1480 ex
1358 1439 1560 1481 Castelle
1586 1439 1874 1482 marescallis

107 1512 152 1552 et
186 1509 418 1563 quendam
455 1510 597 1552 alium
632 1510 856 1552 baronem
894 1523 942 1552 ac
979 1510 1094 1552 duos
1130 1510 1355 1561 doctores,
1391 1522 1506 1562 quos
1542 1510 1600 1552 ad
1635 1522 1720 1552 nos
1756 1509 1875 1552 circa

106 1580 267 1623 horam
298 1581 340 1622 X
370 1580 633 1633 destinavit,
666 1580 914 1633 mandavit,
947 1581 1070 1634 quod
1099 1581 1201 1634 ipsa
1234 1581 1309 1622 die
1340 1582 1414 1622 vel
1446 1581 1610 1623 saltem
1641 1581 1689 1622 in
1719 1581 1876 1623 crasti-

105 1663 214 1694 num
244 1651 432 1694 omnino
460 1651 597 1694 nobis
629 1651 874 1705 responsio
906 1652 1096 1694 daretur
1126 1654 1172 1693 et
1200 1651 1321 1704 talis,
1354 1651 1476 1704 quod
1508 1650 1672 1693 merito
1702 1651 1874 1693 nedum

106 1734 190 1765 nos
214 1722 298 1766 sed
321 1736 403 1766 vos
427 1724 683 1765 contentari
711 1722 1005 1765 deberemus.
1041 1723 1256 1764 Attamen
1281 1735 1428 1776 usque
1452 1722 1576 1764 diem
1601 1725 1874 1775 sequentem

109 1793 216 1836 lune
240 1793 412 1836 XVIII.
441 1793 545 1836 Maii
570 1795 717 1836 vocati
741 1806 833 1836 non
858 1794 1121 1836 exstitimus
1144 1797 1190 1835 et
1211 1797 1318 1835 tunc
1344 1793 1402 1836 ad
1424 1793 1661 1846 palatium,
1684 1805 1876 1846 presen-

106 1865 216 1907 tiam
252 1865 412 1918 regine
450 1868 495 1907 et
530 1864 711 1907 consilii
747 1865 923 1907 habere
959 1868 1190 1917 putantes,
1229 1864 1502 1906 accedentes
1539 1877 1691 1906 coram
1726 1863 1876 1905 tribus

109 1933 307 1978 dominis
343 1935 399 1977 de
435 1935 629 1978 consilio
663 1939 707 1977 et
740 1948 832 1978 uno
868 1935 1119 1978 secretario
1153 1936 1329 1977 evocati
1363 1947 1450 1988 per
1483 1935 1680 1977 alterum
1717 1944 1875 1977 eorum

110 2017 332 2059 organum
355 2006 492 2050 nobis
516 2019 792 2060 responsum
816 2007 980 2059 extitit,
1002 2006 1067 2048 uti
1090 2006 1136 2048 in
1160 2006 1335 2048 effectu
1358 2006 1493 2048 nobis
1516 2005 1876 2059 prenosticatum

109 2077 364 2130 exstiterat,
399 2076 617 2120 videlicet
652 2077 775 2131 quod
810 2081 1002 2131 propter
1038 2077 1268 2119 novitates
1302 2076 1536 2130 predictas
1571 2079 1653 2118 etc.
1691 2076 1877 2118 domina

110 2146 270 2201 regina
304 2161 446 2202 super
479 2148 635 2202 petitis
670 2147 1057 2190 deliberationem
1089 2148 1265 2190 habere
1298 2160 1391 2190 non
1425 2150 1640 2200 potuerat
1671 2159 1757 2189 nec
1788 2146 1878 2189 nisi

112 2219 242 2272 regni
267 2219 488 2272 negociis,
517 2220 563 2261 in
590 2219 758 2272 quibus
786 2219 937 2272 quoad
966 2220 1115 2272 ipsum
1145 2231 1339 2272 regnum
1368 2219 1498 2272 leges
1524 2217 1806 2271 pendebant,
1835 2220 1880 2259 et

112 2292 361 2343 propterea
388 2290 520 2343 prius
547 2289 819 2343 pacificatis,
849 2289 1024 2332 intendi
1054 2303 1196 2343 super
1225 2289 1330 2332 aliis
1360 2292 1553 2342 poterat,
1583 2288 1696 2342 ipsis
1723 2291 1878 2331 tamen

114 2360 158 2402 in
186 2359 307 2403 bona
337 2360 642 2414 dispositione
673 2361 1023 2413 exsistentibus,
1053 2360 1375 2402 intenderetur
1404 2373 1546 2413 super
1573 2372 1659 2413 per
1688 2372 1773 2402 nos
1802 2372 1879 2412 pe-

114 2430 221 2483 titis,
243 2434 290 2474 et
309 2431 465 2474 taliter
487 2432 672 2474 domina
696 2431 858 2485 regina
880 2432 925 2473 in
948 2431 1083 2474 factis
1106 2432 1302 2474 ecclesie
1328 2443 1377 2472 se
1400 2431 1610 2482 haberet,
1633 2430 1756 2483 quod
1777 2443 1880 2473 con-

113 2501 279 2544 tentari
322 2503 486 2544 merito
527 2502 821 2545 deberemus.
875 2502 967 2545 Sed
1007 2502 1115 2555 quia
1155 2502 1347 2544 nimium
1388 2501 1546 2544 festini
1591 2500 1878 2552 videbamur,

114 2570 232 2614 hanc
262 2573 398 2615 nobis
432 2586 516 2626 pro
550 2575 756 2626 presenti
795 2573 1148 2626 responsionem
1185 2573 1247 2615 sic
1283 2573 1433 2615 velate
1466 2585 1552 2614 nos
1585 2571 1881 2614 comeriando

116 2641 215 2684 dari
248 2642 449 2686 faciebat
480 2644 599 2686 dicta
631 2644 816 2687 domina
849 2644 1024 2698 regina,
1058 2657 1162 2697 que,
1195 2643 1449 2685 secundum
1482 2642 1604 2696 quod
1637 2642 1882 2695 subiunge-

117 2712 263 2767 batur,
289 2715 480 2756 multum
508 2714 808 2757 efficiebatur
833 2715 891 2758 ad
916 2716 1136 2757 uni0nem
1161 2714 1442 2766 huiusmodi,
1467 2715 1551 2756 hoc
1576 2717 1731 2755 tamen
1757 2711 1881 2754 novit

118 2782 242 2826 Deus
269 2787 316 2827 et
342 2797 441 2838 nos,
471 2790 691 2838 quantum
722 2786 936 2829 homines
965 2785 1227 2839 intelligere
1257 2788 1464 2839 possunt,
1493 2797 1585 2825 non
1616 2783 1880 2837 ignoramus

119 2853 372 2898 veritatem.
412 2855 586 2907 Quibus
615 2856 784 2899 auditis
812 2860 858 2899 et
885 2856 923 2899 si
953 2859 1088 2899 antea
1116 2857 1302 2907 turbati,
1333 2856 1469 2897 immo
1496 2855 1654 2897 tristes
1682 2866 1882 2903 eramus,

119 2924 261 2968 multo
287 2926 394 2978 plus
419 2926 554 2969 modo
580 2931 626 2969 et
653 2928 696 2969 in
724 2931 915 2979 tantum,
942 2927 1064 2980 quod
1091 2939 1256 2969 revera
1283 2926 1577 2977 nescivimus,
1605 2924 1715 2977 quid
1742 2936 1880 2977 agere

122 3007 205 3047 pro
226 2998 332 3038 tunc
356 2996 650 3049 deberemus,
675 3011 775 3040 cum
801 2998 864 3040 sic
888 2998 1108 3040 recedere
1132 2997 1254 3039 foret
1276 2997 1411 3038 nobis
1435 2994 1644 3038 confusio
1669 2995 1882 3039 maxima.

120 3067 164 3106 et
194 3066 386 3109 alterius
416 3072 679 3121 expectare,
711 3068 818 3121 quia
850 3068 1124 3110 videbamus
1156 3067 1285 3120 regni
1319 3067 1503 3120 negotia
1535 3066 1726 3107 multum
1757 3065 1882 3105 invo-
