2227 3434
529 176 573 211 A.
613 176 811 211 Fillastres
840 176 955 211 Gesta
982 176 1133 211 concilii
1160 176 1474 211 Constantiensis.
1802 178 1885 220 123

121 296 368 338 securitate
398 298 444 336 et
474 294 703 346 libertate,
735 297 957 347 quantum
988 294 1234 336 facultates
1265 306 1426 335 eorum
1457 293 1505 335 in
1537 294 1809 347 corporibus
1841 297 1886 335 et

120 366 165 408 in
198 365 340 408 rebus
370 365 595 417 valerent,
626 368 672 406 et
704 364 826 417 quod
856 377 1018 406 omnes
1049 367 1264 406 tenerent
1296 377 1345 406 se
1379 365 1441 406 ita
1472 376 1660 406 securos
1693 364 1807 406 sicut
1839 364 1884 405 in

120 435 333 478 domibus
356 434 574 489 propriis.
610 434 785 486 Quibus
810 435 952 477 multe
977 434 1142 476 laudes
1167 438 1211 476 et
1235 434 1387 487 gracie
1414 434 1561 476 relate
1586 438 1705 476 sunt.

237 505 590 558 Consequenter
633 504 823 546 fuerunt
866 504 970 547 date
1014 505 1112 558 regi
1156 517 1215 546 ex
1256 507 1387 557 parte
1431 505 1677 546 nacionum
1720 505 1886 556 Ytalie,

120 575 271 620 Gallie
300 579 345 618 et
370 575 595 629 Hispanie
623 588 674 618 ac
701 575 885 628 collegii
912 574 1220 617 cardinalium
1247 575 1598 628 requisiciones,
1626 575 1771 617 verbo
1799 575 1887 618 sibi

120 647 239 689 facte
263 646 408 700 prius,
435 647 482 688 in
505 645 655 688 forma
681 645 912 699 sequenti:

235 716 351 768 Quia
386 716 686 759 invictissime
725 717 853 770 regie
890 716 1120 758 maiestati
1156 719 1310 759 vestre
1348 716 1520 769 placuit
1556 729 1641 770 per
1678 720 1888 758 oratores

120 787 386 842 specialiter
415 786 653 832 exhortari
683 786 903 829 naciones
933 786 1099 839 Ytalie,
1129 786 1284 829 Gallie
1314 790 1359 828 et
1387 786 1627 840 Hispanie,
1658 790 1887 840 quatenus

119 871 204 912 pro
236 857 508 900 reverencia
542 858 627 899 Dei
662 861 707 899 et
740 858 1078 899 acceleratione
1112 857 1240 910 pacis
1274 857 1586 899 ecclesiastice
1621 858 1797 899 vellent
1831 856 1888 900 ad

120 928 395 971 eiectionem
426 928 551 970 Petri
581 928 639 970 de
670 928 800 971 Luna
831 929 877 970 in
910 941 993 971 sua
1021 927 1288 970 obedientia
1318 927 1556 970 Benedicti
1586 928 1715 970 XIII.
1746 928 1890 970 nomi-

121 1000 216 1042 nati
247 999 348 1042 sine
379 1011 508 1041 mora
539 998 888 1041 sentencialiter
916 998 1174 1052 procedere
1206 998 1456 1041 offerendo
1486 998 1664 1041 eisdem
1695 998 1890 1041 nationi-

121 1070 208 1113 bus
233 1073 278 1112 et
303 1069 384 1112 toti
411 1069 604 1112 concilio
628 1070 817 1123 plenam
847 1069 1141 1112 securitatem
1169 1073 1215 1111 et
1241 1070 1504 1111 libertatem
1531 1082 1617 1122 pro
1643 1072 1745 1112 actu
1771 1069 1890 1111 elec-

121 1140 259 1183 tionis
278 1139 433 1182 future
456 1139 594 1182 etiarn
613 1153 715 1182 cum
736 1140 1018 1193 obligatione
1040 1140 1196 1182 inclite
1216 1139 1418 1181 nationis
1438 1139 1730 1193 Germanice,
1750 1140 1889 1182 huius

122 1210 318 1254 civitatis
344 1214 390 1253 et
414 1210 754 1253 communitatis
781 1210 1173 1263 Constanciensis,
1199 1211 1592 1252 circumstantium
1618 1210 1758 1252 etiam
1785 1210 1890 1252 civi-

122 1284 263 1324 tatum
305 1293 355 1323 ac
398 1293 643 1334 procerum
685 1285 730 1323 et
771 1281 999 1323 baronum
1042 1281 1215 1334 regalis
1258 1281 1384 1322 curie
1427 1284 1597 1333 vestre,
1640 1283 1890 1334 eapropter

121 1351 272 1394 eidem
302 1352 431 1405 regie
462 1351 691 1394 maiestati
723 1352 780 1394 de
811 1351 1075 1406 gratissime
1105 1351 1273 1394 oblatis
1303 1351 1541 1393 humiliter
1572 1351 1890 1405 regraciantur

121 1425 216 1465 tres
245 1422 466 1465 naciones
496 1422 718 1476 predicte,
751 1426 796 1465 et
828 1422 1073 1476 collegium
1105 1422 1411 1464 cardinalium
1443 1435 1545 1464 cum
1575 1422 1772 1474 eisdem;
1808 1421 1889 1464 sed

122 1493 229 1546 quia
257 1493 374 1536 hanc
401 1493 601 1546 quodam
628 1493 764 1536 modo
793 1493 880 1536 sibi
910 1494 1061 1547 legem
1089 1493 1283 1546 imponit
1310 1493 1530 1535 nobilitas
1558 1495 1607 1535 ut
1635 1492 1811 1535 debere
1840 1504 1889 1535 se

124 1563 245 1617 quod
284 1567 448 1617 sponte
486 1564 646 1606 tribuit
684 1564 919 1607 existimet
955 1567 1000 1606 et
1038 1564 1128 1606 nisi
1169 1565 1215 1605 in
1253 1563 1502 1606 beneficiis
1541 1564 1638 1606 suis
1676 1563 1889 1615 creverit,

123 1633 264 1677 nichil
291 1648 341 1677 se
368 1638 552 1688 reputet
578 1634 859 1688 prestitisse:
903 1634 1007 1677 ideo
1032 1635 1151 1677 hanc
1179 1634 1473 1688 magnificam
1501 1634 1782 1676 oblationem
1809 1634 1890 1675 hu-

123 1705 295 1748 militer
318 1708 611 1759 acceptantes
635 1705 799 1747 devote
826 1706 1103 1758 supplicant,
1129 1708 1358 1758 quatenus
1383 1717 1468 1758 pro
1493 1705 1577 1746 Dei
1603 1704 1889 1756 reverencia,

122 1775 316 1818 ecclesie
347 1788 476 1829 pace,
508 1775 655 1829 ipsius
686 1775 783 1829 regi
814 1775 1069 1818 maiestatis
1099 1776 1277 1818 honore
1308 1788 1358 1818 ac
1390 1788 1547 1817 rerum
1577 1775 1889 1828 gerendarum

78 1872 86 1879 ·
122 1846 520 1889 commendatione
547 1847 731 1900 prefata
760 1847 911 1888 cautio
938 1850 983 1888 et
1011 1846 1236 1889 securitas
1264 1846 1580 1888 effectualiter
1609 1846 1890 1899 impleantur

122 1929 214 1959 non
240 1918 389 1960 solum
416 1920 565 1959 actum
591 1917 833 1959 electionis
860 1916 1124 1970 respiciant,
1153 1917 1237 1958 sed
1264 1917 1322 1958 ad
1347 1917 1501 1958 omnia
1527 1916 1684 1958 futura
1711 1915 1890 1969 agenda

123 1987 405 2031 laudabilius
433 2001 482 2031 se
510 1987 765 2030 extendant
792 1991 838 2030 et
864 2000 965 2029 cum
993 1987 1293 2040 protectionis
1322 1986 1586 2040 securitasss)
1617 1986 1889 2029 nacionibus

124 2057 181 2100 ab
210 2049 442 2112 aliquibus
473 2058 678 2111 expetita
710 2059 800 2100 iam
830 2058 946 2100 alias
976 2058 1160 2100 nacioni
1191 2057 1432 2100 Gallicane
1464 2058 1522 2100 ab
1553 2057 1718 2099 eadem
1748 2057 1889 2099 fuerit

124 2127 362 2171 maiestate
386 2141 606 2171 concessa
630 2132 674 2171 et
699 2129 745 2170 in
771 2129 955 2181 scriptis
972 2128 1172 2180 redacta,
1188 2128 1385 2170 eandem
1402 2127 1618 2181 dignetur
1632 2127 1890 2170 efficaciter

124 2211 208 2252 pro
243 2200 392 2242 tribus
430 2199 703 2242 nacionibus
743 2202 787 2241 et
824 2199 1020 2252 collegio
1058 2200 1325 2252 ampliatam
1364 2199 1479 2240 dari.
1529 2199 1621 2241 Sed
1660 2198 1767 2252 quia
1806 2210 1889 2239 rex

123 2269 433 2322 gerendarum
461 2270 683 2323 qualitate
712 2273 908 2323 pensata
935 2269 1253 2312 necessarium
1283 2269 1486 2311 existere
1515 2269 1814 2322 dignoscitur,
1843 2271 1890 2310 ut

124 2352 214 2392 pax
234 2340 390 2382 debita
412 2344 626 2383 servetur
647 2340 891 2394 agentibus
911 2344 956 2382 et
978 2340 1173 2382 libertas
1194 2340 1407 2393 plenaria
1430 2340 1475 2381 in
1499 2340 1640 2382 rebus
1661 2339 1889 2381 tribuatur

125 2410 315 2463 agendis
339 2411 583 2464 omnisque
609 2410 927 2452 verisimiliter
953 2411 1166 2452 eventuri
1193 2411 1390 2463 periculi
1417 2409 1614 2452 facultas
1641 2413 1685 2452 et
1712 2409 1889 2452 occasio

126 2480 473 2534 substollantur,
503 2484 665 2534 petunt
692 2481 904 2523 nationes
934 2484 980 2523 et
1007 2481 1253 2534 collegium
1282 2480 1526 2533 antedicte,
1556 2484 1785 2533 quatenus
1815 2479 1890 2522 ad—

127 2550 309 2594 iuvante
330 2555 486 2594 vestra
508 2552 637 2605 regia
659 2551 899 2593 maiestate
921 2551 1086 2603 forma,
1109 2551 1272 2593 modus
1294 2553 1341 2593 et
1354 2553 1537 2604 tempus
1553 2563 1637 2604 per
1653 2550 1888 2592 decretum

126 2621 243 2663 sacri
267 2623 449 2664 concilii
477 2623 712 2675 presentis
738 2621 893 2664 future
921 2621 1135 2663 electioni
1163 2622 1319 2663 debite
1348 2624 1620 2664 statuantur.
1660 2621 1739 2673 Ne,
1768 2619 1888 2673 quod

126 2690 257 2745 absit,
287 2705 387 2734 cum
419 2692 677 2734 animarum
709 2692 917 2745 periculo
947 2705 1032 2745 per
1062 2692 1331 2744 opinionum
1362 2691 1629 2734 discrimina
1661 2691 1888 2744 prolixius

129 2761 341 2805 inmerito
376 2765 616 2816 vagentur.
667 2763 721 2805 Et
757 2775 816 2804 ne
854 2763 993 2804 etiam
1032 2775 1116 2816 per
1154 2762 1510 2816 impressionem
1548 2761 1774 2804 notoriam
1813 2763 1889 2803 aut

127 2834 332 2874 votorum
359 2833 404 2874 in
434 2833 642 2875 sessione
671 2833 1029 2885 requisicionem
1056 2833 1309 2875 indebitam
1336 2836 1382 2875 et
1407 2832 1637 2883 iniustam,
1665 2833 1737 2873 vel
1767 2831 1803 2873 si
1832 2829 1887 2873 ad

129 2913 296 2954 paucos
318 2915 513 2946 numero
536 2903 776 2946 electionis
800 2903 998 2946 facultas
1021 2906 1289 2945 reservetur
1311 2903 1395 2945 hac
1419 2903 1531 2955 vice,
1555 2905 1602 2944 ut
1625 2915 1681 2944 eo
1702 2902 1887 2944 facilius

127 2970 184 3013 de
213 2976 336 3016 certa
366 2973 516 3026 patria
547 2974 620 3015 vel
651 2986 854 3027 persona
884 2973 929 3015 in
961 2974 1170 3016 favorem
1203 2973 1398 3016 alicuius
1429 2974 1584 3015 futura
1615 2975 1889 3014 tractaretur

229 3081 259 3110 a)
279 3057 501 3104 effectualiter
522 3096 527 3102 .
551 3096 556 3101 .
577 3097 582 3103 .
603 3076 767 3104 securitas
787 3077 868 3109 fehlt
889 3077 926 3103 B.
