2102 3444
217 123 302 165 528
571 122 615 155 II.
649 121 858 155 Abschnitl.
901 119 1105 154 Sermones
1137 119 1286 154 concilii
1317 118 1637 155 Constanciensis.

219 242 254 282 :l
274 254 299 282 η
319 253 342 282 o
360 254 385 282 η
403 254 429 293 21
446 253 489 282 m
505 253 533 281 u
550 253 569 281 s
617 239 652 281 A
675 252 698 280 η
717 252 741 291 9
759 240 771 281 l
788 239 803 280 τ’
819 251 837 280 c
855 251 883 280 u
900 251 933 280 S.
1278 238 1407 280 Dom.
1444 238 1565 281 XXI.
1603 244 1706 292 post
1740 239 1870 282 Pent.

338 322 362 355 'J'
379 333 398 353 e
413 324 462 354 ss
483 332 492 355 .-
533 321 582 354 ne
605 322 672 354 332
693 321 718 363 f.
741 321 829 359 3:30,-
853 319 931 353 flre
953 320 973 353 4
995 320 1021 362 f.
1043 320 1129 361 242&-
1157 321 1219 354 ste
1240 321 1286 355 33
1306 319 1332 363 γ.
1355 322 1443 361 313‚·
1474 320 1551 354 ιντο
1572 320 1598 364 f.
1620 321 1700 356 310.

337 378 801 421 Cont'ortamini
840 378 901 419 *in
943 378 1189 420 domino
1233 379 1320 432 (VI
1350 379 1407 420 ad
1437 379 1606 432 Ephes.
1637 380 1840 433 capitulo
1868 380 1989 422 etin

219 451 412 493 exordio
441 450 638 503 epistole
670 449 935 503 hodierne).
979 449 1142 491 Patres
1173 449 1556 492 reverendissimi
1585 450 1856 504 egregiique
1888 451 1990 493 doc-

219 525 342 563 tores
369 525 412 563 et
440 521 627 563 domini.
667 553 675 561 .
711 554 719 562 .
755 554 763 562 .

335 602 673 656 Supplicantes,
698 606 745 644 ut
769 614 929 655 agnus,
955 615 1156 655 sponsus
1179 602 1408 656 virginum
1435 615 1653 656 sponsam
1678 615 1809 646 suam
1832 603 1989 657 digne-

219 679 292 716 tur
314 674 548 726 respicere
573 673 824 726 viatricem,
845 685 999 726 ymmo
1021 673 1310 715 laborantem
1334 674 1579 716 ecclesiam
1602 674 1689 716 sibi
1714 674 1770 716 de
1793 674 1989 717 honesto

218 744 506 797 providendo
540 743 713 786 vicario
745 744 991 797 spirituali,
1023 747 1270 797 postquam
1304 744 1438 797 facta,
1471 757 1624 797 ymmo
1656 745 1802 788 fracta
1835 745 1989 787 fuerat

219 815 378 857 civitas
401 827 566 868 magna
590 815 636 856 in
657 818 755 857 tres
773 818 932 868 partes
958 815 1119 869 (Apoc.
1141 815 1287 869 XVI).
1324 815 1472 857 Etiam
1496 818 1544 857 ut
1565 828 1650 857 rex
1672 815 1767 869 ille,
1790 815 1837 857 in
1859 815 1989 858 cuius

219 899 354 927 manu
393 886 531 927 corda
570 889 675 928 sunt
712 898 888 940 regum,
926 887 1023 939 regi
1062 886 1374 928 Romanorum
1413 899 1496 928 suo
1533 886 1781 939 temporali
1817 886 1989 928 vicario

218 958 389 999 tribuat
427 957 552 999 vices
591 960 746 1009 gratas
787 991 795 999 .
831 990 839 998 .
875 990 884 998 .
936 957 1225 1010 Synagogam
1265 958 1389 998 enim
1430 957 1552 999 inter
1591 958 1734 999 multa
1773 961 1988 1011 egrotare

218 1028 430 1069 fecerunt
455 1027 721 1080 specialiter
747 1028 833 1070 ista
858 1028 948 1070 tria
972 1027 1106 1080 lepra
1128 1027 1397 1082 ydolatrie¹)
1427 1061 1435 1070 .
1471 1061 1480 1069 .
1516 1061 1524 1069 .

216 1170 251 1210 A
272 1182 297 1210 η
316 1181 339 1211 0
357 1182 384 1210 n
401 1181 426 1222 y
443 1181 487 1210 m
502 1181 531 1211 u
548 1181 582 1211 S.
1626 1169 1803 1211 Jamtar
1833 1170 1871 1211 1.

335 1251 359 1284 'J'
376 1252 459 1284 eit
480 1260 490 1284 .-
531 1250 610 1284 Wco
632 1250 659 1294 f.
680 1252 759 1285 333
1672 1235 1675 1238 ”

334 1309 355 1350 Ι
371 1322 399 1351 η
417 1310 442 1351 h
461 1310 577 1352 alt:
625 1308 924 1352 Circumcisio
957 1309 1157 1352 Domini.

334 1391 699 1434 Consumati
746 1394 888 1434 sunt
933 1391 1069 1434 dies
1115 1395 1252 1434 octo
1301 1391 1445 1446 (Luce
1484 1391 1567 1446 II).

334 1463 392 1506 Ut
417 1475 521 1505 mea
547 1462 665 1506 sicca
690 1462 887 1505 verbula
914 1496 922 1505 .
958 1496 967 1505 .
1002 1496 1011 1505 .

225 1616 449 1659 Vitatis
492 1629 573 1669 ep.
615 1615 1010 1659 Tolonensz's.
1549 1616 1901 1658 InParasceve.

336 1697 362 1730 T
379 1699 462 1730 eir!
483 1707 493 1731 .·
531 1697 595 1731 Mu·
621 1698 733 1733 13421
755 1697 782 1741 Τ.
806 1698 869 1741 89,·
904 1698 952 1732 Vc
974 1697 1039 1739 11⁷,
1064 1697 1144 1740 XX,
1170 1699 1255 1740 131;
1284 1697 1380 1742 Wolf
1403 1697 1458 1732 59.
1481 1698 1514 1740 9,
1536 1697 1653 1740 2732)

334 1755 356 1797 Ι
371 1769 399 1798 ‘n
417 1757 441 1797 h
461 1769 485 1798 a
503 1757 515 1799 l
533 1761 546 1798 t
564 1770 577 1799 .·
627 1756 1146 1811 Charfreitaysprediyl.

336 1838 368 1880 C
384 1851 407 1879 r
420 1851 451 1880 u
466 1838 516 1880 ci
532 1839 551 1880 f
567 1840 579 1880 i
595 1852 625 1879 x
640 1851 665 1880 e
681 1852 704 1880 r
720 1852 750 1880 u
762 1843 825 1882 nt
870 1851 895 1880 e
910 1852 942 1881 u
956 1852 999 1881 m
1051 1839 1175 1894 (Joh.
1210 1839 1341 1894 XIX)
1376 1852 1466 1893 'pro
1498 1839 1699 1893 clariori,
1732 1839 1911 1882 utiliori
1945 1840 1990 1880 et

217 1908 473 1951 efficaciori
502 1909 819 1963 intelligencia
848 1911 980 1952 verbi
1011 1944 1019 1952 .
1055 1944 1064 1953 .
1099 1944 1108 1953 .

334 1991 429 2033 Hec
475 1991 708 2047 [tristicia]
757 1992 844 2035 fuit
883 1993 930 2034 in
970 1993 1080 2034 olim
1120 1992 1334 2035 Johanne
1373 2005 1495 2046 papa
1534 1992 1709 2046 XXIII,
1748 1992 1841 2046 qui,
1880 1992 1989 2046 quia
2050 2008 2055 2011 ·

218 2062 500 2104 invitabatur
529 2063 587 2105 ad
615 2075 684 2116 ea,
714 2076 802 2116 quse
833 2064 921 2106 sibi
950 2076 1043 2105 non
1071 2063 1333 2119 placebant,
1361 2063 1633 2108 tristabatur
1658 2066 1820 2106 contra
1847 2062 1990 2106 racio-

217 2145 338 2186 nem,
369 2145 471 2175 cum
501 2134 558 2175 ab
590 2146 647 2176 eo
676 2134 817 2176 nichil
848 2138 1102 2189 peteretur,
1133 2135 1224 2177 nisi
1254 2135 1377 2188 quod
1408 2138 1509 2177 erat
1539 2134 1824 2177 racionabile
1855 2137 1901 2177 et
1931 2132 1989 2176 ad

219 2204 388 2245 bonum
424 2205 635 2246 ecclesie.
683 2205 737 2247 Et
772 2205 881 2258 quia
915 2205 1004 2248 fuit
1038 2205 1126 2248 sibi
1160 2206 1326 2259 visum,
1362 2205 1485 2259 quod
1519 2218 1605 2259 per
1639 2205 1844 2247 medium
1878 2204 1989 2258 fuge

216 2278 399 2327 poterat
423 2275 663 2317 tristiciam
690 2279 735 2318 et
760 2276 862 2318 eius
888 2288 1074 2318 causam
1101 2276 1302 2330 vincere,
1326 2276 1471 2330 elegit
1495 2275 1666 2330 fugam,
1693 2289 1719 2318 a
1746 2288 1837 2329 qua
1863 2276 1990 2317 venit

217 2345 508 2398 postmodum
545 2346 692 2388 maior
727 2346 917 2388 tristicia
954 2358 1013 2388 ex
1052 2347 1362 2400 suspensione
1396 2350 1446 2389 ⁴et
1483 2347 1750 2389 deieccione
1787 2349 1988 2389 causata.

219 2416 321 2459 Fuit
350 2416 495 2458 eciam
522 2417 608 2458 hec
635 2417 830 2459 tristicia
861 2418 907 2458 in
936 2417 1074 2460 Petro
1103 2418 1160 2460 de
1191 2418 1322 2460 Luna
1350 2417 1471 2460 facta
1500 2417 1588 2460 sibi
1615 2416 1794 2470 humili,
1824 2417 1989 2459 devota

219 2490 263 2529 et
306 2488 530 2529 catholica
572 2491 805 2540 requesta,
848 2488 1067 2530 videlicet
1109 2489 1233 2541 quod
1277 2522 1285 2531 .
1321 2522 1330 2531 .
1365 2522 1374 2531 .
1416 2489 1607 2531 cederet
1648 2488 1854 2542 papatui,
1898 2500 1987 2541 que

218 2560 436 2610 requesta
466 2595 472 2602 .
510 2591 518 2599 .
554 2591 562 2600 .
594 2558 682 2600 sibi
712 2558 945 2611 displicuit
975 2562 1019 2601 et
1044 2559 1285 2602 tristiciam
1314 2559 1361 2600 in
1390 2571 1447 2601 eo
1475 2559 1694 2601 causavit.
1739 2558 1988 2612 Ipsumque

219 2628 276 2670 ad
314 2641 550 2671 recessum
587 2629 728 2671 movit
764 2632 809 2670 et
846 2629 905 2671 ad
941 2629 1321 2682 respondendum
1361 2629 1573 2672 finaliter
1607 2628 1851 2683 negative..
1886 2628 1990 2670 Fuit

219 2700 364 2741 eciam
392 2702 437 2741 et
466 2702 535 2742 est
565 2698 713 2742 adhuc
743 2700 789 2740 in
820 2699 1191 2742 exorbitantibus
1221 2703 1267 2743 et
1296 2700 1588 2754 symoniacis,
1619 2700 1696 2753 qui
1726 2699 1918 2742 fuerunt
1944 2701 1989 2741 et

220 2773 325 2812 sunt
360 2771 406 2812 in
442 2770 525 2812 hoc
562 2770 756 2812 concilio
789 2770 934 2812 eciam
971 2770 1018 2812 in
1055 2771 1340 2824 absentibus,
1378 2772 1455 2824 qui
1492 2771 1564 2813 hic
1600 2774 1869 2824 comparent
1903 2781 1990 2823 per

218 2844 546 2892 procuratores
577 2844 621 2883 et
653 2840 912 2893 advocatos,
944 2841 1021 2893 qui
1054 2842 1100 2882 in
1132 2853 1292 2883 eorum
1324 2841 1534 2884 favorem
1566 2841 1771 2894 allegant
1802 2874 1811 2883 .
1847 2873 1855 2883 .
1890 2874 1899 2883 .

337 2959 368 3000 1)
394 2958 467 2992 Die
492 2959 576 2993 ἀνω·
599 2958 750 3001 Pa'pste.

335 3018 367 3059 ²)
401 3015 666 3050 Unvollendet.
