2227 3434
561 191 604 225 A.
645 191 842 226 Fillastres
871 192 986 226 Gesta
1013 192 1163 226 concilii
1191 191 1506 226 Constantiensis.
1860 195 1917 237 23

269 311 323 352 Et
349 310 589 352 sciendum
615 313 699 363 est,
726 310 862 363 quod,
890 313 938 352 ut
964 310 1220 364 ferebatur,
1248 311 1449 353 intentio-
1467 324 1628 353 eorum
1654 315 1768 365 erat,
1795 311 1918 365 quod

151 393 236 422 rex
260 384 387 424 esset
410 384 694 434 procurator.

268 452 443 504 Quibus
480 452 603 494 idem
641 452 855 494 dominus
877 455 1050 494 ‘noster
1088 452 1344 506 respondit,
1383 453 1506 505 quod
1543 454 1788 495 concilium
1825 466 1918 495 non

151 523 502 576 dissolveretur,
530 526 578 565 ut
605 523 865 576 petebatur.

268 593 495 647 Secundo,
521 594 644 647 quod
670 594 868 636 inhibuit
895 595 982 635 sub
1009 606 1131 647 pena
1157 594 1660 647 excommunicationis,
1687 598 1736 636 ut
1760 595 1919 637 nullus

152 665 408 708 recederet.

269 736 446 789 Tercio,
481 736 604 789 quod
639 736 771 778 daret
806 736 1007 778 libenter
1041 736 1195 778 bullas
1230 737 1413 789 petitas.
1462 736 1529 778 De
1563 736 1731 779 ceteris
1765 739 1918 778 autem

151 807 439 849 deliberaret
462 810 508 849 et
533 807 843 860 responderet
868 808 949 849 toti
975 807 1184 849 concilio.

269 878 566 921 Postmodum
592 878 667 920 die
693 878 881 920 veneris
907 878 1003 920 XV.
1033 878 1184 920 Martii
1210 877 1334 919 idem
1361 878 1402 919 d.
1428 880 1588 920 noster
1612 890 1735 931 papa
1760 881 1920 920 vocato

151 949 345 992 concilio
369 950 416 991 in
441 949 548 992 aula
569 949 737 1003 palacii
760 949 1002 1002 respondit
1025 949 1072 990 in
1096 949 1247 990 forma
1271 949 1435 990 cedule
1460 949 1714 1001 sequentis,
1737 949 1919 1002 prolate

151 1021 199 1062 in
221 1020 397 1062 effectu
419 1033 504 1074 per
526 1020 568 1062 d.
593 1020 879 1062 cardinalem
905 1020 1226 1062 Florentinum
1249 1023 1294 1061 et
1316 1022 1479 1073 postea
1502 1020 1607 1061 date
1630 1019 1918 1061 nacionibus.

153 1092 318 1134 Forma
345 1091 510 1133 cedule
537 1091 813 1144 responsive
840 1091 946 1133 talis
974 1094 1061 1133 est:

268 1162 578 1205 Venerabiles
612 1162 785 1205 fratres
820 1166 865 1205 et
899 1162 1055 1204 dilecti
1089 1161 1185 1204 filii.
1233 1162 1305 1203 Ad
1338 1161 1469 1214 illud,
1505 1161 1629 1214 quod
1662 1161 1828 1203 dicitur
1862 1161 1919 1203 de

150 1233 473 1277 constituendo
501 1236 830 1287 procuratores
862 1267 871 1275 .
907 1267 915 1275 .
951 1267 959 1275 .
990 1233 1277 1288 pretactas.1)

267 1305 363 1347 Hac
395 1305 501 1348 data
531 1305 697 1347 cedula
727 1308 825 1347 tres
855 1304 1062 1358 predicte
1094 1305 1316 1346 naciones
1348 1316 1440 1346 non
1471 1303 1662 1345 fuerunt
1692 1305 1920 1355 contente,

152 1380 222 1419 set
240 1379 492 1419 tenuerunt
511 1376 706 1419 concilia
727 1389 811 1419 sua
832 1376 1139 1429 singularium
1158 1375 1403 1417 nacionum
1425 1387 1567 1428 super
1587 1374 1920 1417 constitucione

151 1450 515 1501 procuratorum.

269 1519 325 1562 Et
358 1519 597 1562 sciendum
629 1521 713 1572 est,
746 1518 870 1572 quod
902 1521 1005 1571 post
1038 1517 1204 1559 dictam
1238 1517 1594 1570 responsionem
1628 1516 1796 1558 factam
1831 1515 1921 1558 dis-

150 1590 310 1644 plicuit
337 1603 473 1644 pape,
502 1590 626 1643 quod
654 1603 738 1632 sua
766 1590 1013 1643 responsio
1040 1602 1134 1630 non
1163 1588 1432 1631 sufficiebat
1460 1590 1505 1630 et
1533 1587 1648 1629 dixit
1677 1600 1726 1630 se
1754 1587 1920 1629 timere

152 1661 210 1704 de
236 1675 347 1716 rege
373 1662 593 1704 Romano.
632 1662 687 1703 Et
713 1664 813 1703 orta
839 1664 909 1703 est
934 1660 1073 1713 fama,
1100 1659 1224 1713 quod
1249 1659 1435 1701 volebat
1461 1658 1699 1700 recedere.
1739 1658 1793 1700 Et
1818 1670 1921 1699 con-

151 1734 297 1788 tingit,
324 1733 448 1787 quod
474 1746 567 1775 uno
594 1732 669 1775 die
696 1735 829 1786 porte
858 1731 1054 1774 civitatis
1081 1731 1272 1772 fuerunt
1300 1730 1456 1772 clause
1486 1729 1543 1771 de
1572 1728 1661 1782 die,
1687 1732 1737 1771 ut
1762 1729 1921 1770 nullus

154 1805 319 1857 exiret,
354 1808 399 1846 et
433 1804 686 1846 cardinalis
721 1803 866 1846 sancti
901 1802 1082 1855 Angeli,
1118 1804 1367 1843 consuetus
1403 1801 1472 1842 ire
1508 1800 1567 1842 ad
1601 1812 1802 1853 campos,
1836 1799 1923 1840 fuit

153 1888 300 1929 usque
331 1876 390 1918 ad
417 1878 597 1929 portam
627 1887 773 1927 eques
802 1877 846 1916 et
872 1886 965 1915 non
996 1873 1082 1915 fuit
1110 1873 1370 1926 permissus
1398 1871 1544 1913 exire.
1586 1871 1641 1913 Et
1670 1871 1732 1913 ita
1760 1870 1923 1924 plures

153 1946 374 2000 prohibiti
399 1950 505 1990 sunt
529 1946 719 2000 exirea).

277 2018 404 2060 Idem
453 2017 705 2060 cardinalis
755 2017 899 2059 sancti
949 2015 1117 2069 Angeli
1166 2013 1466 2068 presentibus
1516 2013 1731 2055 omnibus
1779 2011 1925 2054 cardi-

153 2090 342 2132 nalibus
371 2089 529 2131 retulit
557 2100 693 2142 pape,
724 2087 847 2141 quod
875 2087 1030 2129 fuerat
1058 2085 1321 2140 prohibitus
1350 2085 1482 2127 exire
1512 2083 1755 2126 civitatem.
1798 2083 1924 2135 Papa

156 2161 285 2214 dixit,
310 2161 433 2214 quod
457 2161 518 2202 ita
541 2160 696 2202 fuerat
718 2158 980 2213 prohibitus
1003 2171 1124 2200 unus
1145 2157 1358 2210 nuncius,
1383 2168 1521 2209 quem
1546 2154 1755 2197 mittebat
1779 2154 1924 2195 Bono-

155 2232 293 2275 niam.
335 2230 431 2286 Etb)
463 2231 643 2283 dicitur,
672 2230 797 2284 quod
823 2242 977 2272 coram
1005 2228 1339 2271 tabellionibus
1367 2227 1455 2269 fuit
1483 2228 1765 2280 protestatus
1793 2225 1851 2267 de
1880 2223 1924 2265 vi

157 2307 203 2346 et
228 2307 366 2356 metu,
392 2306 437 2345 et
463 2302 586 2356 quod
612 2302 777 2344 amodo
804 2302 899 2354 illa,
925 2313 1015 2354 que
1041 2300 1233 2352 faceret,
1258 2301 1418 2341 essent
1443 2301 1568 2339 metu
1594 2299 1640 2339 et
1664 2296 1709 2338 vi
1735 2296 1855 2338 facta
1881 2298 1926 2336 et

158 2375 282 2428 quod
306 2374 492 2416 volebat
519 2374 674 2416 omnia
699 2373 856 2415 facere
883 2372 929 2413 in
956 2372 1187 2413 libertate.

275 2445 482 2488 Concilia
509 2445 754 2487 nacionum
782 2444 1208 2497 perseveraverunt
1234 2444 1279 2483 et
1307 2441 1396 2482 due
1424 2439 1645 2482 naciones
1674 2437 1925 2481 Germanie

157 2520 203 2559 et
234 2517 401 2570 Anglie
435 2516 776 2568 concluserunt,
809 2514 932 2567 quod
964 2526 1085 2567 papa
1117 2512 1365 2554 tenebatur
1397 2510 1678 2553 constituere
1710 2521 1926 2562 procura-

159 2591 284 2630 tores
314 2591 359 2630 et
389 2587 512 2640 quod
542 2586 855 2629 constitueret.

278 2659 391 2702 Cum
427 2661 579 2701 autem
614 2657 746 2700 nacio
781 2656 1023 2699 Gallicana
1057 2657 1182 2697 esset
1218 2653 1412 2695 multum
1448 2651 1705 2695 solenniter
1740 2661 1928 2703 congre-

161 2734 279 2784 gata,
313 2733 358 2772 et
391 2733 439 2772 ut
473 2729 730 2782 apparebat
763 2728 914 2781 prima
948 2726 1067 2769 facie
1103 2725 1249 2767 maior
1282 2723 1487 2766 omnium
1521 2722 1766 2764 nacionum
1800 2723 1846 2762 et
1881 2721 1927 2761 in

162 2813 356 2844 numero
383 2804 427 2843 et
455 2801 501 2842 in
529 2799 708 2842 meritis
735 2810 1057 2852 personarum,
1084 2809 1186 2838 cum
1211 2796 1407 2837 haberet
1434 2793 1799 2847 quadringentas
1825 2803 1928 2844 per-

163 2885 301 2914 sonas
327 2873 562 2925 honestas,
587 2871 732 2913 voluit
758 2868 1080 2921 deliberare.⁰)
1120 2868 1219 2909 Non
1244 2866 1390 2920 potuit
1415 2868 1507 2907 tam
1533 2865 1627 2906 cito.
1647 2863 1927 2905 deliberare.

164 2943 219 2986 Et
243 2956 345 2986 cum
371 2943 493 2985 diem
521 2941 681 2984 martis
707 2940 829 2982 XIX.
860 2939 998 2982 Marci
1025 2939 1311 2991 assignasset
1337 2936 1396 2979 ad
1422 2934 1779 2977 deliberandum
1806 2936 1851 2974 et
1878 2944 1928 2974 se

280 3059 311 3090 a)
330 3058 405 3086 Satz
428 3057 508 3090 fehlt
532 3058 568 3084 B.
607 3057 639 3089 b)
665 3056 694 3090 0,
716 3057 746 3083 D
766 3057 799 3083 et
813 3062 934 3089 coram,
949 3056 985 3082 ut
999 3053 1131 3082 dicitur.
1169 3052 1197 3087 c)
1219 3053 1253 3079 et,
1273 3053 1369 3080 ut...
1390 3050 1576 3078 deliberare
1595 3049 1675 3083 fehlt
1699 3049 1729 3082 Ο,
1750 3049 1788 3075 D.

284 3107 315 3150 1)
344 3104 563 3141 Mansi‘XX
576 3105 654 3148 VII,
678 3105 747 3141 573
760 3104 787 3149 Ῐ.
1673 3153 1700 3177 .
