2227 3434
581 203 617 237 Β.
656 204 731 238 Der
752 204 852 238 liber
871 206 1063 247 gestorum
1087 204 1155 237 des
1177 204 1418 238 Cerretanus.
1797 204 1882 245 283

118 321 284 364 bonam
316 333 447 374 spem
479 322 650 374 optime
685 321 853 363 indolis
886 321 927 363 d.
960 321 1143 363 Alfonsi
1178 321 1266 363 iam
1301 320 1424 374 regis
1454 321 1614 373 nostri,
1647 319 1725 372 qui
1758 319 1882 361 cordi

117 392 256 435 habet
280 392 407 434 iuxta
430 395 676 445 paternum
702 392 948 445 imperium
973 392 1030 434 ad
1056 395 1212 433 sancte
1236 391 1431 433 ecclesie
1457 391 1675 432 unionem
1702 391 1882 433 sincera

117 466 270 505 mente
306 462 563 504 intendere.
611 463 664 504 Et
699 463 1014 505 illustrissima
1050 463 1211 515 regina
1247 465 1393 503 mater
1429 474 1510 503 sua
1544 462 1661 503 hanc
1696 461 1884 502 intenci-

116 546 250 575 onem
292 546 421 576 suam
461 538 664 576 sanctam
705 534 869 575 crebra
908 533 1237 575 exhortacione
1277 532 1538 574 confirmat:
1594 532 1722 583 Puto,
1762 531 1883 584 quod

116 604 268 647 sevire
299 617 391 646 non
421 604 590 658 poterit
621 605 831 657 improba
863 604 1163 646 tenebrarum
1195 607 1413 656 potestas,
1444 606 1488 644 et
1519 603 1626 645 licet
1655 602 1745 644 iam
1776 615 1885 655 pau-

117 675 262 728 lisper
294 674 458 727 rideat,
490 678 646 717 tamen
680 675 865 716 victrice
898 675 1091 716 veritate
1127 674 1404 716 succumbet.
1451 673 1632 726 Scitote,
1666 674 1885 726 magister

117 747 176 788 mi
215 746 429 789 amabilis
467 750 512 788 et
551 747 787 799 precipue,
828 746 950 798 quod
990 746 1119 787 multi
1159 745 1366 787 nituntur
1406 745 1463 786 ad
1504 744 1882 786 confundendum

117 816 284 859 Christi
317 817 562 859 ecclesiam
595 817 639 858 in
671 820 862 869 tantum,
893 821 941 858 ut
972 817 1018 858 in
1050 817 1211 869 paucis
1244 816 1300 858 sit
1331 828 1441 857 vera
1473 815 1608 858 fides.
1653 814 1754 858 Scio
1784 827 1884 867 ego,

115 888 207 940 qui,
235 888 393 941 qualia
420 900 676 941 perpessus
707 901 821 939 sum,
852 887 1059 929 infallaci
1089 887 1212 940 vulgi
1245 886 1415 928 iudicio
1442 886 1548 927 novi
1577 889 1621 927 et
1650 885 1884 927 noscendo

115 959 369 1012 contempsi
404 958 622 1001 audacior
656 962 813 1001 contra
846 958 1043 1000 viciosas
1077 961 1369 1010 peccatorum
1405 957 1630 1009 cohortes,
1664 956 1884 1009 quociens

115 1029 438 1083 inoportunior
463 1029 532 1072 vis
560 1029 783 1081 incubuit:
814 1030 908 1072 scio
934 1030 1072 1079 enim,
1100 1029 1223 1081 quod
1251 1028 1420 1070 Christi
1450 1041 1635 1070 causam
1663 1041 1748 1080 ago
1774 1031 1819 1069 et
1845 1028 1881 1068 si

117 1102 154 1143 is
184 1113 270 1154 pro
301 1113 388 1153 me,
418 1114 509 1143 non
540 1101 726 1153 timebo,
758 1101 869 1153 quid
900 1100 1039 1142 faciat
1071 1100 1206 1141 michi
1237 1100 1404 1141 homo‘?
1449 1099 1542 1141 Sed
1573 1099 1738 1140 iterum
1771 1098 1884 1149 dico,

115 1171 237 1225 quod
260 1172 555 1225 negociorum
580 1172 777 1213 ecclesie
802 1171 922 1213 bona
947 1184 1056 1224 spes
1080 1174 1150 1213 est
1174 1173 1365 1223 propter
1388 1170 1555 1212 bonam
1581 1169 1882 1211 intentionem

116 1242 288 1285 domini
320 1243 443 1296 regis
471 1244 597 1295 novi;
628 1242 825 1284 forsitan
854 1245 1008 1284 tamen
1038 1245 1229 1295 propter
1258 1241 1483 1293 exequias
1511 1244 1556 1282 et
1586 1241 1678 1282 alia
1708 1240 1886 1282 ambas-

115 1313 231 1357 siata
257 1313 520 1356 differetur.
559 1313 643 1365 Qui
669 1317 807 1355 erunt
832 1313 1208 1364 ambassiatores,
1236 1313 1410 1365 ignoro.
1452 1312 1518 1353 De
1546 1324 1618 1353 me
1645 1311 1768 1352 enim
1796 1311 1883 1352 iam

117 1384 286 1438 incipio
319 1384 547 1438 dubitare,
581 1385 689 1438 quia
724 1384 884 1427 forsan
919 1396 1029 1437 erga
1063 1396 1134 1425 me
1168 1396 1259 1425 non
1295 1383 1382 1434 erit
1415 1383 1522 1425 talis
1555 1382 1699 1435 filius,
1733 1382 1885 1435 qualis

115 1458 260 1509 pater.
284 1456 384 1498 Fiat
407 1456 491 1497 Dei
516 1457 744 1508 voluntas,
770 1455 1017 1497 dummodo
1039 1455 1237 1497 ecclesia
1258 1454 1458 1506 uniatur,
1483 1455 1540 1496 sit
1564 1453 1883 1496 ambassiator.

116 1527 378 1580 quicunque
402 1528 510 1569 vult.
545 1527 654 1568 Rev.
678 1540 720 1580 p.
743 1530 788 1568 et
810 1527 1011 1578 domine,
1034 1538 1119 1579 per
1142 1525 1335 1567 fratrem
1358 1523 1694 1577 Raymundum,
1718 1523 1885 1565 famili—

116 1609 241 1640 arem
293 1601 512 1651 vestrum,
563 1599 716 1650 recepi
768 1601 971 1639 vestram
1018 1597 1264 1650 epistolam
1315 1597 1531 1649 scriptam
1586 1595 1659 1637 IX.
1714 1594 1883 1636 Marcii.

115 1668 306 1720 Quando
335 1670 474 1721 venit,
505 1682 591 1722 ego
620 1682 711 1711 non
743 1682 871 1711 eram
902 1681 1001 1710 cum
1034 1681 1142 1721 rege
1175 1671 1245 1709 set
1274 1668 1438 1720 ipsum,
1469 1670 1516 1708 ut
1546 1666 1711 1707 melius
1741 1666 1884 1719 potui.

116 1740 266 1782 direxi
301 1753 403 1782 cum
441 1741 608 1782 litteris
648 1740 763 1782 meis
801 1740 858 1782 ad
898 1740 1131 1792 Paulum¹)
1173 1743 1218 1781 et
1255 1739 1312 1780 ad
1351 1738 1480 1780 alios.
1531 1737 1694 1780 Omnia
1734 1736 1885 1787 michi,

118 1812 285 1865 scripta
325 1824 410 1864 per
447 1825 486 1853 v.
526 1825 583 1864 p..
623 1815 842 1864 quantum
883 1811 927 1852 in
967 1824 1038 1852 me
1079 1810 1179 1863 erit,
1218 1810 1562 1851 mandabuntur
1600 1809 1883 1850 execucioni.

117 1882 366 1925 Presertim
405 1882 656 1934 intendam,
697 1887 757 1933 ut,
797 1883 1059 1935 quicunque
1099 1882 1189 1923 sint
1228 1881 1590 1923 ambassiatores
1630 1879 1883 1932 profecturi

117 1953 453 2005 Constanciam,
494 1954 624 1996 vobis
665 1953 966 2006 provideatur
1007 1953 1063 1994 de
1106 1952 1330 2005 pecuniis,
1371 1956 1415 1994 et
1455 1953 1575 1993 circa
1617 1950 1738 1993 istud
1778 1951 1883 1992 totis

116 2025 292 2067 viribus
329 2024 565 2067 intendam
604 2025 700 2066 Deo
735 2025 864 2066 duce.
915 2025 967 2066 Et
1003 2024 1061 2066 ad
1096 2036 1294 2076 presens
1331 2035 1422 2065 non
1458 2035 1646 2075 possum
1683 2022 1882 2075 amplius

116 2096 320 2138 scribere
358 2100 549 2149 propter
586 2097 787 2137 celerem
826 2108 1061 2138 recessum
1099 2095 1315 2137 cursoris.
1368 2093 1562 2135 Domina
1600 2096 1745 2134 mater
1783 2104 1883 2133 mea

115 2179 164 2208 se
195 2180 237 2220 p.
270 2180 309 2209 v.
342 2167 506 2209 devote
539 2166 895 2208 recommendat.
941 2166 1121 2208 Domini
1155 2165 1362 2218 religiosi
1394 2164 1572 2207 ordinis
1604 2165 1745 2206 vestri
1779 2166 1881 2206 sunt

117 2238 370 2280 incolumes
394 2238 516 2291 apud
542 2238 803 2280 Valentiam
829 2241 873 2279 et
899 2238 969 2278 hic
995 2237 1166 2279 domini
1194 2236 1545 2278 comendatores
1572 2235 1701 2277 Podii
1729 2238 1774 2276 et
1797 2235 1883 2276 Va-

116 2308 278 2351 lencie.
303 2309 394 2351 Per
419 2308 620 2350 medium
646 2321 798 2350 meum
825 2309 1051 2350 miserunt
1074 2311 1255 2349 centum
1281 2308 1490 2349 florenos
1516 2306 1750 2359 subpriori
1776 2306 1883 2347 Bar-

115 2378 324 2422 chinone.
367 2379 585 2433 Supplico
614 2394 652 2422 v.
683 2393 740 2433 p..
772 2383 819 2421 ut
849 2392 919 2421 me
951 2379 1203 2432 dignemini
1237 2377 1616 2419 recommendare
1646 2376 1883 2418 humiliter

115 2450 156 2492 d.
181 2450 337 2492 revmiS
359 2451 676 2493 cardinalibus
702 2450 1044 2502 Cameracensi,
1069 2449 1349 2501 Vivariensi,
1375 2449 1431 2490 de
1458 2448 1686 2501 Challant,
1712 2447 1882 2490 Saluci-

116 2533 244 2563 arum
273 2526 317 2564 et
345 2522 597 2575 Hyspanie,
627 2522 668 2563 d.
699 2521 1048 2574 archiepiscopo
1077 2521 1336 2562 Turonensi
1368 2523 1412 2561 et
1441 2518 1811 2572 singularissimo
1841 2518 1881 2559 d.

114 2590 380 2635 Gebenensi
414 2593 470 2635 de
502 2592 749 2643 Sabaudia,
782 2592 822 2634 d.
855 2605 958 2634 meo
988 2592 1242 2642 carissimo,
1274 2591 1402 2633 cuius
1435 2591 1587 2643 recepi
1622 2589 1881 2642 epistolam,

115 2675 202 2715 que
241 2663 377 2705 modo
415 2675 641 2717 responso
680 2663 854 2705 carebit
894 2666 1084 2716 propter
1123 2662 1259 2703 nimis
1298 2662 1604 2704 acceleratum
1646 2672 1878 2701 recessum

115 2735 317 2776 cursoris
347 2738 391 2776 et
420 2735 526 2786 alia,
557 2747 645 2787 que
678 2746 841 2776 recens
871 2734 1019 2776 adhuc
1050 2734 1197 2775 luctus
1227 2732 1391 2774 intulit.
1434 2731 1657 2773 Omnibus
1688 2731 1731 2771 in
1764 2731 1880 2772 veri-

115 2807 204 2846 tate
235 2805 426 2858 potestis
458 2805 625 2847 bonam
657 2817 787 2858 spem
819 2805 944 2846 dare.
988 2805 1098 2846 Nam
1130 2804 1326 2845 ecclesia
1359 2803 1726 2856 prosperabitur,
1758 2801 1880 2842 altis—

117 2875 232 2917 simo
257 2876 387 2928 duce,
416 2876 459 2917 in
489 2876 702 2918 manibus
729 2875 770 2917 d.
801 2875 982 2917 Alfonsi
1012 2876 1135 2927 regis
1162 2875 1304 2917 nostri
1337 2873 1652 2924 illustrissimi,
1682 2872 1757 2924 qui
1786 2871 1879 2913 odit

116 2945 280 2989 scisma
305 2949 349 2988 et
375 2946 582 2989 fautores
609 2946 734 2988 illius
759 2950 803 2988 et
829 2949 968 2999 optat,
993 2949 1041 2987 ut
1066 2959 1089 2987 a
1116 2958 1227 2998 pace
1255 2946 1312 2986 sit
1338 2944 1580 2986 exordium
1608 2943 1736 2995 regni
1764 2942 1878 2983 eius.

117 3015 278 3060 Valete
309 3017 612 3069 incolumiter,
640 3021 772 3070 pater
800 3018 856 3058 mi
888 3020 931 3058 et
959 3017 1050 3058 dux
1081 3017 1298 3057 universe
1327 3015 1462 3056 etatis
1492 3027 1606 3058 mee.
1635 3017 1680 3054 et
1708 3013 1878 3054 utinam

236 3111 266 3150 ¹)
291 3108 432 3145 Paulus
456 3110 612 3145 ,Vicolazz
637 3110 719 3151 qu.
745 3110 933 3144 Seli-remp
