2227 3434
547 187 591 221 A.
632 186 830 221 Fillastres
859 186 974 221 Gesta
1001 186 1152 221 concilii
1179 186 1494 222 Constantiensis.
1848 191 1905 233 69

257 307 311 348 Et
331 306 439 359 quia
459 305 539 347 diu
557 304 711 347 fuerat
731 308 881 347 actum
903 305 1026 358 apud
1047 305 1291 359 deputatos
1311 309 1356 347 et
1377 307 1423 347 in
1444 307 1732 359 nacionibus,
1751 311 1904 349 utrum

137 378 519 430 permitterentur
547 375 758 418 dominos
785 389 893 418 suos
920 376 1162 418 nominare
1192 389 1349 429 regem
1378 380 1422 418 et
1450 378 1658 430 reginam
1686 377 1904 431 Ungarie‚

137 447 434 491 Jherusalem
472 450 517 488 et
555 446 725 499 Sicilie,
765 447 983 500 quoniam
1023 447 1065 488 d.
1106 459 1191 488 rex
1230 447 1541 489 Romanorum
1580 447 1905 501 Sigismundus

138 522 238 562 erat
271 531 356 560 rex
390 521 435 561 et
469 530 715 571 possessor
750 518 882 570 regni
916 517 1136 570 Ungarie,
1172 521 1217 559 et
1250 518 1291 562 d.
1329 518 1589 561 Ludovicus
1624 518 1718 560 dux
1753 519 1905 561 Ande-

136 589 269 643 gavie
298 593 398 631 erat
426 588 670 631 investitus
700 601 785 642 per
813 589 1059 631 ecclesiam
1089 592 1135 630 et
1163 589 1419 630 Romanum
1449 589 1732 642 pontificem,
1762 592 1807 631 et
1836 589 1905 631 fu-

137 664 238 703 erat
275 660 528 714 aliquando
566 671 812 713 possessor
850 661 981 713 regni
1023 659 1194 712 Sicilie,
1233 659 1321 701 fuit
1358 663 1513 702 tamen
1552 661 1819 702 conclusum
1858 660 1905 702 in

136 732 424 784 nacionibus,
452 730 575 784 quod
601 731 669 772 illi
695 730 834 784 legati
861 733 1080 772 vocarent
1106 730 1213 773 illos
1240 730 1282 772 d.
1309 730 1532 772 Jacobum
1559 734 1603 772 et
1630 731 1904 783 Johannam‚

136 803 252 845 sicut
284 803 474 855 vellent,
509 805 578 843 set
612 801 752 843 fieret
786 814 927 843 unum
961 801 1213 853 decretum,
1248 801 1371 854 quod
1405 805 1727 855 composuerat
1760 801 1905 844 cardi-

135 873 256 917 nalis
285 874 430 917 sancti
464 873 617 925 Marci,
648 885 739 926 quo
769 876 970 924 cavetur,
1000 885 1060 914 ne
1089 885 1175 925 per
1204 872 1323 914 tales
1353 872 1693 914 nominationes
1725 873 1799 915 vel
1828 873 1906 915 ho-

135 957 300 987 norum
336 943 571 997 regiorum
607 943 930 985 exhibiciones
966 943 1180 996 cuiquam
1216 942 1356 985 fieret
1391 942 1713 996 preiudicium.
1763 943 1905 995 Cuius

135 1014 309 1058 decreti
337 1017 472 1056 tenor
499 1016 662 1068 postea
694 1014 929 1055 inseritur.
976 1013 1176 1056 Illustris
1207 1013 1249 1055 d.
1281 1013 1375 1055 dux
1405 1013 1601 1056 Bavarie
1631 1013 1905 1065 Ludovicus‚

135 1098 288 1129 comes
314 1086 480 1138 Rheni,
509 1086 628 1128 alter
655 1085 909 1127 electorum
938 1084 1122 1138 imperii
1149 1088 1195 1126 et
1224 1085 1448 1127 substitus
1477 1097 1503 1127 a
1532 1085 1574 1126 d.
1604 1097 1714 1138 rege
1743 1084 1905 1127 Roma-

134 1170 313 1211 norum,
346 1160 578 1211 protector
611 1156 807 1210 concilii,
841 1169 932 1198 una
966 1169 1066 1197 cum
1099 1156 1319 1209 episcopo
1351 1155 1656 1209 Strigoniensi
1691 1156 1747 1198 de
1780 1156 1905 1198 Hun-

134 1229 278 1282 garia,
304 1230 605 1282 procuratore
632 1230 678 1269 et
704 1228 856 1279 legato
884 1227 991 1268 dicti
1019 1227 1060 1268 d.
1089 1226 1213 1280 regis
1240 1226 1551 1268 Romanorum
1579 1230 1624 1268 et
1652 1227 1904 1280 Hungarie,

67 1330 69 1332 -
135 1303 181 1341 et
203 1300 365 1353 plures
389 1298 469 1340 alii
491 1298 662 1351 prelati
687 1301 733 1340 et
757 1297 836 1340 alii
860 1297 1048 1339 nomine
1073 1297 1284 1340 eiusdem
1309 1297 1351 1339 d.
1377 1297 1500 1351 regis
1524 1297 1837 1339 Romanorum
1860 1300 1906 1339 et

135 1370 372 1423 Hungarie
401 1372 506 1411 ante
537 1368 786 1411 adventum
816 1369 1039 1410 dictorum
1070 1368 1112 1410 d.
1142 1369 1399 1421 legatorum
1429 1369 1590 1410 Jacobi
1617 1371 1663 1410 et
1691 1368 1904 1410 Johanne

135 1441 194 1484 ad
223 1441 374 1484 locum
405 1440 587 1483 concilii
619 1440 804 1494 publice
836 1452 922 1493 per
954 1439 1225 1482 advocatum
1256 1440 1498 1492 protestati
1531 1443 1637 1482 sunt
1669 1452 1755 1493 pro
1787 1439 1906 1481 dicto

136 1512 178 1555 d.
199 1511 465 1566 Sigmundo,
486 1511 609 1565 quod
629 1511 752 1553 idem
773 1511 815 1553 d.
837 1511 1161 1564 Sigismundus
1181 1514 1281 1552 erat
1302 1523 1387 1552 rex
1408 1510 1626 1563 Ungarie.
1660 1510 1750 1551 Per
1772 1522 1905 1563 quas—

135 1596 329 1637 cumque
356 1583 700 1626 nominationes
726 1583 801 1624 vel
830 1583 947 1625 alios
976 1585 1103 1625 actus
1129 1581 1315 1624 fiendos
1341 1594 1428 1635 per
1455 1581 1600 1624 dictos
1628 1581 1805 1634 legatos
1832 1581 1906 1623 Ja-

136 1655 236 1698 cobi
265 1658 310 1697 et
337 1655 550 1697 <Iohanne
581 1654 639 1696 de
670 1666 814 1707 regno
842 1653 1048 1707 Ungarie
1076 1654 1151 1695 vel
1182 1653 1300 1695 alios
1329 1655 1456 1695 actus
1486 1652 1673 1695 fiendos
1727 1652 1773 1693 in
1803 1664 1906 1693 con-

136 1726 241 1769 cilio
266 1726 447 1769 nullum
474 1725 627 1767 eidem
655 1726 696 1767 d.
724 1725 1021 1779 Sigismundo
1046 1724 1186 1766 fieret
1210 1723 1521 1777 preiudicium
1546 1727 1592 1765 et
1617 1726 1785 1765 cetera.
1825 1722 1906 1764 Ta-

136 1798 258 1840 libus
287 1797 690 1841 nominacionibus
722 1796 1066 1839 contradicebat
1098 1799 1143 1837 et
1175 1808 1224 1838 se
1256 1795 1534 1848 opponebat.

253 1868 308 1911 Et
336 1868 515 1911 similes
543 1868 910 1921 protestaciones
939 1880 1024 1920 pro
1053 1867 1094 1911 d.
1126 1865 1358 1908 Ludovico
1386 1878 1496 1919 rege
1526 1865 1681 1908 Sicilie
1711 1868 1756 1906 et
1785 1864 1906 1907 simi-

139 1939 243 1982 liter
266 1952 352 1994 pro
373 1939 570 1982 ecclesia
594 1939 815 1991 Romana,
840 1938 898 1980 ad
923 1951 1059 1991 quam
1084 1937 1207 1979 idem
1232 1949 1426 1990 regnum
1452 1937 1553 1978 iure
1577 1936 1739 1978 directi
1765 1935 1906 1978 domi-

137 2010 201 2053 nii
232 2011 436 2064 pertinet
468 2014 514 2052 et
546 2013 617 2052 est
648 2009 749 2052 eius
782 2009 975 2069 feudum
1008 2012 1053 2051 et
1084 2009 1214 2051 cuius
1247 2009 1379 2061 regni
1413 2007 1535 2049 idem
1570 2007 1612 2049 d.
1646 2007 1906 2049 Ludovicus

139 2082 265 2125 solus
291 2085 362 2125 est
388 2094 473 2136 per
501 2081 745 2123 ecclesiam
774 2081 1032 2132 investitus,
1062 2080 1172 2121 fecit
1200 2079 1451 2122 cardinalis
1479 2079 1623 2121 sancti
1657 2077 1795 2120 Marci
1822 2090 1907 2131 pro

138 2166 281 2208 regno
304 2153 461 2197 Sicilie
484 2156 529 2194 et
553 2165 603 2194 se
627 2153 843 2206 opposuit
865 2155 910 2193 et
934 2151 1225 2193 contradixit.
1263 2151 1317 2192 Et
1341 2149 1575 2204 petierunt
1599 2150 1905 2191 instrumenta

137 2224 274 2267 etiam
305 2224 391 2267 sub
420 2224 549 2266 bulla
579 2223 774 2265 concilii.

253 2296 309 2338 Et
339 2297 680 2348 consequenter
711 2294 797 2336 fuit
830 2295 996 2336 lectum
1030 2294 1267 2334 decretum
1300 2292 1557 2346 predictum
1589 2291 1646 2333 de
1678 2303 1771 2333 non
1803 2302 1905 2344 pre-

141 2366 322 2420 iudicio‚
359 2370 405 2409 et
440 2378 718 2420 responsum
757 2378 842 2418 per
880 2365 1144 2407 cardinales
1182 2368 1227 2405 et
1264 2364 1502 2405 naciones:
1545 2363 1713 2404 Placet.
1767 2360 1907 2403 Cuius

140 2437 313 2480 decreti
341 2441 475 2480 tenor
502 2438 610 2480 talis
637 2440 724 2478 est:

254 2508 555 2551 Sacrosancta
591 2508 796 2561 synodus
834 2507 1206 2550 Constantiensis
1241 2509 1324 2547 etc.
1363 2505 1569 2547 declarat
1607 2539 1614 2546 .
1651 2538 1658 2545 .
1695 2538 1702 2545 .
1742 2515 1906 2556 appro-

142 2578 252 2621 bare
285 2580 360 2621 vel
393 2580 649 2633 reprobare
684 2579 870 2620 minime
906 2577 1156 2631 intendit.¹)

258 2651 554 2693 Intraverunt
577 2653 738 2704 postea
762 2650 900 2703 legati
925 2648 1134 2702 predicti.
1173 2648 1314 2690 Erant
1339 2650 1491 2690 autem
1517 2646 1655 2699 legati
1681 2645 1902 2698 quinque:

142 2733 259 2763 unus
292 2721 349 2763 de
383 2721 547 2763 ordine
582 2721 944 2774 Augustinorum
979 2719 1340 2761 mendicantium
1376 2718 1655 2760 Laurentius
1689 2715 1906 2768 magister

142 2790 188 2833 in
214 2791 460 2846 theologia,
488 2795 532 2834 et
562 2792 653 2835 duo
681 2791 851 2834 milites
880 2794 923 2833 et
952 2791 1043 2833 duo
1071 2790 1243 2842 clerici,
1272 2790 1349 2842 qui
1379 2789 1652 2830 dicebantur
1681 2787 1905 2828 doctores.

143 2862 197 2905 Et
225 2863 465 2917 proposuit
496 2863 644 2906 dictus
675 2863 896 2916 magister
928 2862 1222 2914 Laurentius,
1254 2861 1404 2914 primo
1435 2861 1714 2913 presentans
1748 2858 1907 2898 literas

141 2934 322 2976 clausas
352 2933 642 2976 dominorum
675 2946 878 2986 suorum,
912 2932 1130 2985 inquibus
1161 2931 1521 2974 nominabantur
1554 2941 1637 2971 rex
1668 2931 1712 2971 et
1745 2927 1905 2980 regina

261 3074 292 3116 ¹)
322 3074 442 3110 Hardl
469 3074 534 3116 IV,
561 3075 648 3117 865‚·
678 3075 802 3109 Manen·
830 3073 990 3116 XXVII,
1016 3074 1094 3110 931.
