<?xml version="1.0" encoding="UTF-8"?>
<!DOCTYPE html PUBLIC "-//W3C//DTD XHTML 1.0 Transitional//EN"
    "http://www.w3.org/TR/xhtml1/DTD/xhtml1-transitional.dtd">
<html xmlns="http://www.w3.org/1999/xhtml" xml:lang="en" lang="en">
 <head>
  <title>
</title>
<meta http-equiv="Content-Type" content="text/html;charset=utf-8" />
  <meta name='ocr-system' content='tesseract 3.04.00' />
  <meta name='ocr-capabilities' content='ocr_page ocr_carea ocr_par ocr_line ocrx_word'/>
</head>
<body>
  <div class='ocr_page' id='page_1' title='image "./actaconciliicons02counuoft_0521.png"; bbox 0 0 2227 3434; ppageno 0'>
   <div class='ocr_carea' id='block_1_1' title="bbox 3 51 25 139">
    <p class='ocr_par' dir='ltr' id='par_1_1' title="bbox 3 51 25 139">
     <span class='ocr_line' id='line_1_1' title="bbox 3 51 25 139; textangle 90"><span class='ocrx_word' id='word_1_1' title='bbox 3 126 15 139; x_wconf 67' lang='lat'>¹*</span> <span class='ocrx_word' id='word_1_2' title='bbox 7 51 25 103; x_wconf 59' lang='lat'>(3-</span> 
     </span>
    </p>
   </div>
   <div class='ocr_carea' id='block_1_2' title="bbox 769 118 1934 162">
    <p class='ocr_par' dir='ltr' id='par_1_2' title="bbox 769 118 1934 162">
     <span class='ocr_line' id='line_1_2' title="bbox 769 118 1934 162; baseline 0.003 -10"><span class='ocrx_word' id='word_1_3' title='bbox 769 118 859 152; x_wconf 86' lang='lat'>1417</span> <span class='ocrx_word' id='word_1_4' title='bbox 881 118 1027 162; x_wconf 81' lang='lat' dir='ltr'><strong>August</strong></span> <span class='ocrx_word' id='word_1_5' title='bbox 1050 118 1093 152; x_wconf 84' lang='lat'>15</span> <span class='ocrx_word' id='word_1_6' title='bbox 1114 139 1155 143; x_wconf 93' lang='lat'>—-</span> <span class='ocrx_word' id='word_1_7' title='bbox 1178 118 1279 161; x_wconf 89' lang='lat' dir='ltr'>Sept.</span> <span class='ocrx_word' id='word_1_8' title='bbox 1301 119 1332 153; x_wconf 84' lang='lat'>5.</span> <span class='ocrx_word' id='word_1_9' title='bbox 1850 120 1934 162; x_wconf 82' lang='lat'>507</span> 
     </span>
    </p>
   </div>
   <div class='ocr_carea' id='block_1_3' title="bbox 170 235 1936 360">
    <p class='ocr_par' dir='ltr' id='par_1_3' title="bbox 170 235 1936 360">
     <span class='ocr_line' id='line_1_3' title="bbox 284 235 1936 289; baseline 0 -12"><span class='ocrx_word' id='word_1_10' title='bbox 284 235 664 278; x_wconf 82' lang='lat' dir='ltr'>Resurrexit</span> <span class='ocrx_word' id='word_1_11' title='bbox 701 248 725 277; x_wconf 90' lang='lat' dir='ltr'>a</span> <span class='ocrx_word' id='word_1_12' title='bbox 763 236 1038 278; x_wconf 83' lang='lat' dir='ltr'>mortuis.</span> <span class='ocrx_word' id='word_1_13' title='bbox 1091 237 1237 278; x_wconf 88' lang='lat' dir='ltr'>Ideo</span> <span class='ocrx_word' id='word_1_14' title='bbox 1273 237 1551 278; x_wconf 86' lang='lat' dir='ltr'>virtutes</span> <span class='ocrx_word' id='word_1_15' title='bbox 1588 240 1936 289; x_wconf 78' lang='lat' dir='ltr'>operantur</span> 
     </span>
     <span class='ocr_line' id='line_1_4' title="bbox 170 307 1932 360; baseline -0.001 -11"><span class='ocrx_word' id='word_1_16' title='bbox 170 308 226 348; x_wconf 93' lang='lat' dir='ltr'>in</span> <span class='ocrx_word' id='word_1_17' title='bbox 277 320 345 349; x_wconf 91' lang='lat' dir='ltr'>eo</span> <span class='ocrx_word' id='word_1_18' title='bbox 397 307 557 360; x_wconf 88' lang='lat' dir='ltr'>(Math.</span> <span class='ocrx_word' id='word_1_19' title='bbox 597 307 705 348; x_wconf 85' lang='lat' dir='ltr'>XIV</span> <span class='ocrx_word' id='word_1_20' title='bbox 742 310 787 348; x_wconf 94' lang='lat' dir='ltr'>et</span> <span class='ocrx_word' id='word_1_21' title='bbox 831 307 967 348; x_wconf 86' lang='lat' dir='ltr'>Marci</span> <span class='ocrx_word' id='word_1_22' title='bbox 1006 307 1108 360; x_wconf 90' lang='lat' dir='ltr'>VI).</span> <span class='ocrx_word' id='word_1_23' title='bbox 1161 307 1325 349; x_wconf 92' lang='lat' dir='ltr'>Coram</span> <span class='ocrx_word' id='word_1_24' title='bbox 1366 307 1512 359; x_wconf 78' lang='lat' dir='ltr'>vobis,</span> <span class='ocrx_word' id='word_1_25' title='bbox 1552 307 1932 349; x_wconf 80' lang='lat' dir='ltr'>reverendissimi</span> 
     </span>
    </p>
   </div>
   <div class='ocr_carea' id='block_1_4' title="bbox 166 379 464 430">
    <p class='ocr_par' dir='ltr' id='par_1_4' title="bbox 166 379 464 430">
     <span class='ocr_line' id='line_1_5' title="bbox 166 379 464 430; baseline 0 -11"><span class='ocrx_word' id='word_1_26' title='bbox 166 379 337 430; x_wconf 87' lang='lat' dir='ltr'>patres,</span> <span class='ocrx_word' id='word_1_27' title='bbox 368 411 375 420; x_wconf 95' lang='lat'>.</span> <span class='ocrx_word' id='word_1_28' title='bbox 412 411 420 420; x_wconf 90' lang='lat'>.</span> <span class='ocrx_word' id='word_1_29' title='bbox 457 411 464 419; x_wconf 94' lang='lat'>.</span> 
     </span>
    </p>
   </div>
   <div class='ocr_carea' id='block_1_5' title="bbox 167 517 996 572">
    <p class='ocr_par' dir='ltr' id='par_1_5' title="bbox 167 517 996 572">
     <span class='ocr_line' id='line_1_6' title="bbox 167 517 996 572; baseline 0 -12"><span class='ocrx_word' id='word_1_30' title='bbox 167 517 278 562; x_wconf 78' lang='lat'>1417</span> <span class='ocrx_word' id='word_1_31' title='bbox 311 517 434 571; x_wconf 83' lang='lat' dir='ltr'>Sept.</span> <span class='ocrx_word' id='word_1_32' title='bbox 469 519 507 562; x_wconf 90' lang='lat'>5.</span> <span class='ocrx_word' id='word_1_33' title='bbox 546 545 594 549; x_wconf 89' lang='lat'>—</span> <span class='ocrx_word' id='word_1_34' title='bbox 630 518 996 572; x_wconf 70' lang='lat' dir='ltr'>AnonymuS.</span> 
     </span>
    </p>
   </div>
   <div class='ocr_carea' id='block_1_6' title="bbox 282 598 1934 712">
    <p class='ocr_par' dir='ltr' id='par_1_6' title="bbox 282 598 1934 712">
     <span class='ocr_line' id='line_1_7' title="bbox 284 598 957 646; baseline 0 -13"><span class='ocrx_word' id='word_1_35' title='bbox 284 599 310 633; x_wconf 86' lang='grc' dir='ltr'><em>Τ</em></span> <span class='ocrx_word' id='word_1_36' title='bbox 325 602 410 633; x_wconf 59' lang='lat' dir='ltr'>em!</span> <span class='ocrx_word' id='word_1_37' title='bbox 430 610 440 633; x_wconf 92' lang='lat'>.·</span> <span class='ocrx_word' id='word_1_38' title='bbox 480 599 541 634; x_wconf 70' lang='lat' dir='ltr'>ste</span> <span class='ocrx_word' id='word_1_39' title='bbox 562 601 608 635; x_wconf 81' lang='lat'>33</span> <span class='ocrx_word' id='word_1_40' title='bbox 630 600 655 642; x_wconf 66' lang='grc' dir='ltr'>γ’.</span> <span class='ocrx_word' id='word_1_41' title='bbox 679 600 765 646; x_wconf 48' lang='lat' dir='ltr'>&#39;Hk</span> <span class='ocrx_word' id='word_1_42' title='bbox 792 598 856 633; x_wconf 67' lang='lat' dir='ltr'>Sin</span> <span class='ocrx_word' id='word_1_43' title='bbox 884 600 957 634; x_wconf 81' lang='lat'><em>137.</em></span> 
     </span>
     <span class='ocr_line' id='line_1_8' title="bbox 282 658 1934 712; baseline 0.001 -13"><span class='ocrx_word' id='word_1_44' title='bbox 282 658 359 699; x_wconf 87' lang='lat' dir='ltr'>Re</span> <span class='ocrx_word' id='word_1_45' title='bbox 376 658 534 711; x_wconf 87' lang='lat' dir='ltr'>spici</span> <span class='ocrx_word' id='word_1_46' title='bbox 551 661 607 700; x_wconf 90' lang='lat' dir='ltr'>te</span> <span class='ocrx_word' id='word_1_47' title='bbox 624 692 632 700; x_wconf 92' lang='lat'>.</span> <span class='ocrx_word' id='word_1_48' title='bbox 650 693 684 701; x_wconf 91' lang='lat'>..</span> <span class='ocrx_word' id='word_1_49' title='bbox 723 658 862 701; x_wconf 88' lang='lat' dir='ltr'>Sacra</span> <span class='ocrx_word' id='word_1_50' title='bbox 887 659 1073 711; x_wconf 87' lang='lat' dir='ltr'>eloquia</span> <span class='ocrx_word' id='word_1_51' title='bbox 1098 660 1182 700; x_wconf 91' lang='lat' dir='ltr'>hec</span> <span class='ocrx_word' id='word_1_52' title='bbox 1209 663 1315 701; x_wconf 91' lang='lat' dir='ltr'>sunt</span> <span class='ocrx_word' id='word_1_53' title='bbox 1339 659 1559 701; x_wconf 84' lang='lat' dir='ltr'>divinitus</span> <span class='ocrx_word' id='word_1_54' title='bbox 1586 661 1767 712; x_wconf 89' lang='lat' dir='ltr'>prolata</span> <span class='ocrx_word' id='word_1_55' title='bbox 1792 660 1934 701; x_wconf 91' lang='lat' dir='ltr'>moni-</span> 
     </span>
    </p>
   </div>
   <div class='ocr_carea' id='block_1_7' title="bbox 154 728 1934 2343">
    <p class='ocr_par' dir='ltr' id='par_1_7' title="bbox 154 728 1934 2270">
     <span class='ocr_line' id='line_1_9' title="bbox 164 728 1933 782; baseline 0.001 -12"><span class='ocrx_word' id='word_1_56' title='bbox 164 728 281 771; x_wconf 88' lang='lat' dir='ltr'>torie</span> <span class='ocrx_word' id='word_1_57' title='bbox 312 728 372 771; x_wconf 91' lang='lat' dir='ltr'>Mt</span> <span class='ocrx_word' id='word_1_58' title='bbox 397 729 462 770; x_wconf 91' lang='lat' dir='ltr'>VI</span> <span class='ocrx_word' id='word_1_59' title='bbox 488 730 689 782; x_wconf 89' lang='lat' dir='ltr'>capitulo</span> <span class='ocrx_word' id='word_1_60' title='bbox 717 733 760 771; x_wconf 90' lang='lat' dir='ltr'>et</span> <span class='ocrx_word' id='word_1_61' title='bbox 786 729 926 772; x_wconf 87' lang='lat' dir='ltr'>huius</span> <span class='ocrx_word' id='word_1_62' title='bbox 953 729 1043 771; x_wconf 89' lang='lat' dir='ltr'>diei</span> <span class='ocrx_word' id='word_1_63' title='bbox 1071 730 1269 771; x_wconf 92' lang='lat' dir='ltr'>lectione</span> <span class='ocrx_word' id='word_1_64' title='bbox 1298 730 1593 782; x_wconf 85' lang='lat' dir='ltr'>ewangelica.</span> <span class='ocrx_word' id='word_1_65' title='bbox 1634 730 1933 772; x_wconf 85' lang='lat' dir='ltr'>Sacrosancte</span> 
     </span>
     <span class='ocr_line' id='line_1_10' title="bbox 164 799 1934 854; baseline 0 -13"><span class='ocrx_word' id='word_1_66' title='bbox 164 800 326 852; x_wconf 86' lang='lat' dir='ltr'>synodi</span> <span class='ocrx_word' id='word_1_67' title='bbox 368 799 745 843; x_wconf 87' lang='lat' dir='ltr'>Constanciensis</span> <span class='ocrx_word' id='word_1_68' title='bbox 784 800 1075 842; x_wconf 77' lang='lat' dir='ltr'>unanimitati</span> <span class='ocrx_word' id='word_1_69' title='bbox 1114 813 1164 842; x_wconf 89' lang='lat' dir='ltr'>ac</span> <span class='ocrx_word' id='word_1_70' title='bbox 1202 800 1442 854; x_wconf 83' lang='lat' dir='ltr'>religionis</span> <span class='ocrx_word' id='word_1_71' title='bbox 1483 802 1790 854; x_wconf 89' lang='lat' dir='ltr'>congruencie</span> <span class='ocrx_word' id='word_1_72' title='bbox 1829 804 1934 843; x_wconf 88' lang='lat' dir='ltr'>sunt</span> 
     </span>
     <span class='ocr_line' id='line_1_11' title="bbox 164 870 1933 924; baseline 0 -12"><span class='ocrx_word' id='word_1_73' title='bbox 164 871 418 924; x_wconf 84' lang='lat' dir='ltr'>aptissima,</span> <span class='ocrx_word' id='word_1_74' title='bbox 445 870 552 924; x_wconf 92' lang='lat' dir='ltr'>quia</span> <span class='ocrx_word' id='word_1_75' title='bbox 582 871 753 912; x_wconf 87' lang='lat' dir='ltr'>dicunt:</span> <span class='ocrx_word' id='word_1_76' title='bbox 794 871 1042 924; x_wconf 87' lang='lat' dir='ltr'>Respicite,</span> <span class='ocrx_word' id='word_1_77' title='bbox 1071 871 1147 912; x_wconf 90' lang='lat' dir='ltr'>ubi</span> <span class='ocrx_word' id='word_1_78' title='bbox 1178 883 1333 924; x_wconf 88' lang='lat' dir='ltr'>supra,</span> <span class='ocrx_word' id='word_1_79' title='bbox 1360 876 1406 915; x_wconf 92' lang='lat' dir='ltr'>et</span> <span class='ocrx_word' id='word_1_80' title='bbox 1434 871 1539 913; x_wconf 86' lang='lat' dir='ltr'>Luc.</span> <span class='ocrx_word' id='word_1_81' title='bbox 1568 871 1676 912; x_wconf 88' lang='lat' dir='ltr'>XXI</span> <span class='ocrx_word' id='word_1_82' title='bbox 1704 885 1754 914; x_wconf 90' lang='lat' dir='ltr'>ac</span> <span class='ocrx_word' id='word_1_83' title='bbox 1782 871 1933 913; x_wconf 89' lang='lat' dir='ltr'>Eccle-</span> 
     </span>
     <span class='ocr_line' id='line_1_12' title="bbox 163 940 1933 994; baseline 0 -12"><span class='ocrx_word' id='word_1_84' title='bbox 163 940 334 983; x_wconf 73' lang='lat' dir='ltr'>siastici</span> <span class='ocrx_word' id='word_1_85' title='bbox 361 941 387 983; x_wconf 87' lang='lat'>2</span> <span class='ocrx_word' id='word_1_86' title='bbox 414 941 629 994; x_wconf 88' lang='lat' dir='ltr'>capitulis</span> <span class='ocrx_word' id='word_1_87' title='bbox 655 945 700 983; x_wconf 89' lang='lat' dir='ltr'>et</span> <span class='ocrx_word' id='word_1_88' title='bbox 726 941 773 983; x_wconf 92' lang='lat' dir='ltr'>in</span> <span class='ocrx_word' id='word_1_89' title='bbox 800 941 956 984; x_wconf 91' lang='lat' dir='ltr'>multis</span> <span class='ocrx_word' id='word_1_90' title='bbox 984 954 1114 983; x_wconf 87' lang='lat' dir='ltr'>sacre</span> <span class='ocrx_word' id='word_1_91' title='bbox 1143 943 1370 994; x_wconf 85' lang='lat' dir='ltr'>scripture</span> <span class='ocrx_word' id='word_1_92' title='bbox 1398 942 1524 984; x_wconf 89' lang='lat' dir='ltr'>locis.</span> <span class='ocrx_word' id='word_1_93' title='bbox 1564 943 1697 983; x_wconf 76' lang='lat' dir='ltr'>Alme</span> <span class='ocrx_word' id='word_1_94' title='bbox 1724 942 1862 984; x_wconf 90' lang='lat' dir='ltr'>huius</span> <span class='ocrx_word' id='word_1_95' title='bbox 1889 944 1933 983; x_wconf 93' lang='lat' dir='ltr'>et</span> 
     </span>
     <span class='ocr_line' id='line_1_13' title="bbox 163 1012 1933 1066; baseline 0.001 -13"><span class='ocrx_word' id='word_1_96' title='bbox 163 1013 474 1055; x_wconf 78' lang='lat' dir='ltr'>sacratissime</span> <span class='ocrx_word' id='word_1_97' title='bbox 512 1012 938 1066; x_wconf 85' lang='lat' dir='ltr'>sinodiprincipes</span> <span class='ocrx_word' id='word_1_98' title='bbox 976 1016 1115 1065; x_wconf 90' lang='lat' dir='ltr'>terre,</span> <span class='ocrx_word' id='word_1_99' title='bbox 1153 1012 1416 1055; x_wconf 81' lang='lat' dir='ltr'>cardinales</span> <span class='ocrx_word' id='word_1_100' title='bbox 1454 1013 1792 1066; x_wconf 84' lang='lat' dir='ltr'>gloriosissimi,</span> <span class='ocrx_word' id='word_1_101' title='bbox 1830 1016 1933 1066; x_wconf 87' lang='lat' dir='ltr'>post</span> 
     </span>
     <span class='ocr_line' id='line_1_14' title="bbox 162 1082 1931 1136; baseline 0.001 -12"><span class='ocrx_word' id='word_1_102' title='bbox 162 1083 293 1135; x_wconf 89' lang='lat' dir='ltr'>quasi</span> <span class='ocrx_word' id='word_1_103' title='bbox 338 1095 564 1125; x_wconf 90' lang='lat' dir='ltr'>annorum</span> <span class='ocrx_word' id='word_1_104' title='bbox 609 1082 686 1124; x_wconf 91' lang='lat' dir='ltr'>XL</span> <span class='ocrx_word' id='word_1_105' title='bbox 732 1083 974 1135; x_wconf 89' lang='lat' dir='ltr'>curricula,</span> <span class='ocrx_word' id='word_1_106' title='bbox 1020 1082 1188 1136; x_wconf 87' lang='lat' dir='ltr'>quibus</span> <span class='ocrx_word' id='word_1_107' title='bbox 1233 1083 1427 1125; x_wconf 90' lang='lat' dir='ltr'>invaluit</span> <span class='ocrx_word' id='word_1_108' title='bbox 1469 1084 1616 1136; x_wconf 90' lang='lat' dir='ltr'>pestis</span> <span class='ocrx_word' id='word_1_109' title='bbox 1662 1083 1931 1135; x_wconf 86' lang='lat' dir='ltr'>scismatica,</span> 
     </span>
     <span class='ocr_line' id='line_1_15' title="bbox 162 1152 1930 1207; baseline 0.001 -12"><span class='ocrx_word' id='word_1_110' title='bbox 162 1152 356 1196; x_wconf 90' lang='lat' dir='ltr'>duorum</span> <span class='ocrx_word' id='word_1_111' title='bbox 399 1166 450 1196; x_wconf 90' lang='lat' dir='ltr'>ac</span> <span class='ocrx_word' id='word_1_112' title='bbox 490 1154 628 1196; x_wconf 91' lang='lat' dir='ltr'>trium</span> <span class='ocrx_word' id='word_1_113' title='bbox 670 1154 726 1196; x_wconf 93' lang='lat' dir='ltr'>de</span> <span class='ocrx_word' id='word_1_114' title='bbox 769 1157 941 1207; x_wconf 83' lang='lat' dir='ltr'>papatu</span> <span class='ocrx_word' id='word_1_115' title='bbox 982 1154 1365 1196; x_wconf 86' lang='lat' dir='ltr'>contendencium</span> <span class='ocrx_word' id='word_1_116' title='bbox 1406 1154 1625 1207; x_wconf 82' lang='lat' dir='ltr'>perfidia,</span> <span class='ocrx_word' id='word_1_117' title='bbox 1667 1167 1768 1196; x_wconf 91' lang='lat' dir='ltr'>cum</span> <span class='ocrx_word' id='word_1_118' title='bbox 1810 1155 1930 1196; x_wconf 90' lang='lat' dir='ltr'>Luca</span> 
     </span>
     <span class='ocr_line' id='line_1_16' title="bbox 160 1224 1930 1278; baseline 0.001 -13"><span class='ocrx_word' id='word_1_119' title='bbox 160 1224 461 1278; x_wconf 86' lang='lat' dir='ltr'>ewangelista</span> <span class='ocrx_word' id='word_1_120' title='bbox 491 1224 613 1267; x_wconf 91' lang='lat' dir='ltr'>XXI.</span> <span class='ocrx_word' id='word_1_121' title='bbox 645 1225 864 1278; x_wconf 90' lang='lat' dir='ltr'>capitulo:</span> <span class='ocrx_word' id='word_1_122' title='bbox 909 1224 1141 1277; x_wconf 89' lang='lat' dir='ltr'>Respicite</span> <span class='ocrx_word' id='word_1_123' title='bbox 1174 1239 1225 1267; x_wconf 91' lang='lat' dir='ltr'>ac</span> <span class='ocrx_word' id='word_1_124' title='bbox 1256 1226 1408 1268; x_wconf 83' lang='lat' dir='ltr'>levate</span> <span class='ocrx_word' id='word_1_125' title='bbox 1441 1226 1591 1278; x_wconf 90' lang='lat' dir='ltr'>capita</span> <span class='ocrx_word' id='word_1_126' title='bbox 1622 1229 1790 1278; x_wconf 77' lang='lat' dir='ltr'>vestra,</span> <span class='ocrx_word' id='word_1_127' title='bbox 1824 1225 1930 1277; x_wconf 89' lang='lat' dir='ltr'>quia</span> 
     </span>
     <span class='ocr_line' id='line_1_17' title="bbox 161 1295 1931 1349; baseline 0.001 -12"><span class='ocrx_word' id='word_1_128' title='bbox 161 1296 505 1349; x_wconf 87' lang='lat' dir='ltr'>appropinquet</span> <span class='ocrx_word' id='word_1_129' title='bbox 539 1295 806 1349; x_wconf 90' lang='lat' dir='ltr'>redempcio</span> <span class='ocrx_word' id='word_1_130' title='bbox 839 1299 995 1338; x_wconf 86' lang='lat' dir='ltr'>vestra</span> <span class='ocrx_word' id='word_1_131' title='bbox 1029 1299 1076 1338; x_wconf 94' lang='lat' dir='ltr'>et</span> <span class='ocrx_word' id='word_1_132' title='bbox 1108 1296 1234 1349; x_wconf 79' lang='lat' dir='ltr'>finis,</span> <span class='ocrx_word' id='word_1_133' title='bbox 1270 1309 1360 1349; x_wconf 92' lang='lat' dir='ltr'>quo</span> <span class='ocrx_word' id='word_1_134' title='bbox 1396 1297 1609 1338; x_wconf 87' lang='lat' dir='ltr'>deleatur</span> <span class='ocrx_word' id='word_1_135' title='bbox 1642 1297 1788 1349; x_wconf 90' lang='lat' dir='ltr'>pestis</span> <span class='ocrx_word' id='word_1_136' title='bbox 1825 1296 1931 1338; x_wconf 87' lang='lat' dir='ltr'>scis-</span> 
     </span>
     <span class='ocr_line' id='line_1_18' title="bbox 160 1366 1926 1420; baseline 0.001 -12"><span class='ocrx_word' id='word_1_137' title='bbox 160 1366 337 1409; x_wconf 88' lang='lat' dir='ltr'>matica.</span> <span class='ocrx_word' id='word_1_138' title='bbox 390 1366 481 1409; x_wconf 89' lang='lat' dir='ltr'>Sed</span> <span class='ocrx_word' id='word_1_139' title='bbox 522 1370 567 1409; x_wconf 89' lang='lat' dir='ltr'>et</span> <span class='ocrx_word' id='word_1_140' title='bbox 607 1379 689 1410; x_wconf 88' lang='lat' dir='ltr'>vos</span> <span class='ocrx_word' id='word_1_141' title='bbox 729 1370 886 1420; x_wconf 88' lang='lat' dir='ltr'>patres</span> <span class='ocrx_word' id='word_1_142' title='bbox 928 1367 1200 1420; x_wconf 83' lang='lat' dir='ltr'>beatissimi,</span> <span class='ocrx_word' id='word_1_143' title='bbox 1240 1367 1504 1420; x_wconf 85' lang='lat' dir='ltr'>patriarche</span> <span class='ocrx_word' id='word_1_144' title='bbox 1546 1367 1926 1409; x_wconf 87' lang='lat' dir='ltr'>reverendissimi</span> 
     </span>
     <span class='ocr_line' id='line_1_19' title="bbox 159 1437 1929 1491; baseline 0.001 -13"><span class='ocrx_word' id='word_1_145' title='bbox 159 1437 495 1491; x_wconf 89' lang='lat' dir='ltr'>archiepiscopi</span> <span class='ocrx_word' id='word_1_146' title='bbox 525 1472 532 1479; x_wconf 94' lang='lat'>.</span> <span class='ocrx_word' id='word_1_147' title='bbox 569 1471 576 1479; x_wconf 91' lang='lat'>.</span> <span class='ocrx_word' id='word_1_148' title='bbox 613 1438 844 1491; x_wconf 79' lang='lat' dir='ltr'>,respicite</span> <span class='ocrx_word' id='word_1_149' title='bbox 872 1451 972 1480; x_wconf 87' lang='lat' dir='ltr'>cum</span> <span class='ocrx_word' id='word_1_150' title='bbox 999 1438 1312 1481; x_wconf 89' lang='lat' dir='ltr'>ecclesiastico</span> <span class='ocrx_word' id='word_1_151' title='bbox 1340 1439 1385 1480; x_wconf 91' lang='lat' dir='ltr'>in</span> <span class='ocrx_word' id='word_1_152' title='bbox 1411 1438 1456 1480; x_wconf 81' lang='lat'>20</span> <span class='ocrx_word' id='word_1_153' title='bbox 1483 1438 1685 1491; x_wconf 90' lang='lat' dir='ltr'>capitulo</span> <span class='ocrx_word' id='word_1_154' title='bbox 1709 1439 1929 1480; x_wconf 87' lang='lat' dir='ltr'>naciones</span> 
     </span>
     <span class='ocr_line' id='line_1_20' title="bbox 158 1508 1929 1563; baseline 0.001 -13"><span class='ocrx_word' id='word_1_155' title='bbox 158 1508 396 1550; x_wconf 90' lang='lat' dir='ltr'>hominum</span> <span class='ocrx_word' id='word_1_156' title='bbox 421 1512 467 1551; x_wconf 89' lang='lat' dir='ltr'>et</span> <span class='ocrx_word' id='word_1_157' title='bbox 491 1509 664 1563; x_wconf 86' lang='lat' dir='ltr'>scitote,</span> <span class='ocrx_word' id='word_1_158' title='bbox 690 1509 813 1562; x_wconf 92' lang='lat' dir='ltr'>quod</span> <span class='ocrx_word' id='word_1_159' title='bbox 836 1510 995 1552; x_wconf 91' lang='lat' dir='ltr'>nullus</span> <span class='ocrx_word' id='word_1_160' title='bbox 1021 1510 1227 1563; x_wconf 88' lang='lat' dir='ltr'>speravit</span> <span class='ocrx_word' id='word_1_161' title='bbox 1251 1509 1296 1550; x_wconf 92' lang='lat' dir='ltr'>in</span> <span class='ocrx_word' id='word_1_162' title='bbox 1322 1510 1509 1552; x_wconf 90' lang='lat' dir='ltr'>domino</span> <span class='ocrx_word' id='word_1_163' title='bbox 1531 1513 1577 1552; x_wconf 90' lang='lat' dir='ltr'>et</span> <span class='ocrx_word' id='word_1_164' title='bbox 1600 1509 1822 1552; x_wconf 84' lang='lat' dir='ltr'>confusus</span> <span class='ocrx_word' id='word_1_165' title='bbox 1846 1512 1929 1561; x_wconf 89' lang='lat' dir='ltr'>est,</span> 
     </span>
     <span class='ocr_line' id='line_1_21' title="bbox 159 1579 1929 1634; baseline 0.001 -13"><span class='ocrx_word' id='word_1_166' title='bbox 159 1582 204 1621; x_wconf 88' lang='lat' dir='ltr'>et</span> <span class='ocrx_word' id='word_1_167' title='bbox 223 1579 483 1632; x_wconf 88' lang='lat' dir='ltr'>permansit</span> <span class='ocrx_word' id='word_1_168' title='bbox 502 1580 549 1621; x_wconf 92' lang='lat' dir='ltr'>in</span> <span class='ocrx_word' id='word_1_169' title='bbox 571 1593 627 1622; x_wconf 88' lang='lat' dir='ltr'>eo</span> <span class='ocrx_word' id='word_1_170' title='bbox 648 1593 698 1622; x_wconf 92' lang='lat' dir='ltr'>ac</span> <span class='ocrx_word' id='word_1_171' title='bbox 720 1580 971 1622; x_wconf 90' lang='lat' dir='ltr'>derelictus</span> <span class='ocrx_word' id='word_1_172' title='bbox 993 1583 1076 1625; x_wconf 80' lang='lat' dir='ltr'>est.</span> <span class='ocrx_word' id='word_1_173' title='bbox 1101 1618 1106 1624; x_wconf 94' lang='lat'>.</span> <span class='ocrx_word' id='word_1_174' title='bbox 1145 1615 1152 1622; x_wconf 93' lang='lat'>.</span> <span class='ocrx_word' id='word_1_175' title='bbox 1189 1615 1196 1622; x_wconf 94' lang='lat'>.</span> <span class='ocrx_word' id='word_1_176' title='bbox 1231 1580 1447 1633; x_wconf 88' lang='lat' dir='ltr'>quoniam</span> <span class='ocrx_word' id='word_1_177' title='bbox 1470 1581 1575 1634; x_wconf 89' lang='lat' dir='ltr'>pius</span> <span class='ocrx_word' id='word_1_178' title='bbox 1598 1584 1643 1622; x_wconf 91' lang='lat' dir='ltr'>et</span> <span class='ocrx_word' id='word_1_179' title='bbox 1665 1580 1929 1623; x_wconf 83' lang='lat' dir='ltr'>misericors</span> 
     </span>
     <span class='ocr_line' id='line_1_22' title="bbox 157 1650 1929 1704; baseline 0.001 -13"><span class='ocrx_word' id='word_1_180' title='bbox 157 1653 228 1692; x_wconf 93' lang='lat' dir='ltr'>est</span> <span class='ocrx_word' id='word_1_181' title='bbox 258 1650 383 1692; x_wconf 90' lang='lat' dir='ltr'>Deus</span> <span class='ocrx_word' id='word_1_182' title='bbox 412 1653 458 1693; x_wconf 91' lang='lat' dir='ltr'>et</span> <span class='ocrx_word' id='word_1_183' title='bbox 486 1650 675 1694; x_wconf 85' lang='lat' dir='ltr'>remittit</span> <span class='ocrx_word' id='word_1_184' title='bbox 704 1651 751 1692; x_wconf 91' lang='lat' dir='ltr'>in</span> <span class='ocrx_word' id='word_1_185' title='bbox 779 1654 989 1704; x_wconf 86' lang='lat' dir='ltr'>tempore</span> <span class='ocrx_word' id='word_1_186' title='bbox 1020 1651 1340 1694; x_wconf 88' lang='lat' dir='ltr'>tribulacionis</span> <span class='ocrx_word' id='word_1_187' title='bbox 1369 1654 1570 1704; x_wconf 87' lang='lat' dir='ltr'>peccata.</span> <span class='ocrx_word' id='word_1_188' title='bbox 1614 1652 1668 1694; x_wconf 90' lang='lat' dir='ltr'>Et</span> <span class='ocrx_word' id='word_1_189' title='bbox 1697 1654 1929 1704; x_wconf 89' lang='lat' dir='ltr'>protector</span> 
     </span>
     <span class='ocr_line' id='line_1_23' title="bbox 156 1721 1928 1774; baseline 0.001 -12"><span class='ocrx_word' id='word_1_190' title='bbox 156 1724 227 1764; x_wconf 89' lang='lat' dir='ltr'>est</span> <span class='ocrx_word' id='word_1_191' title='bbox 253 1721 468 1764; x_wconf 91' lang='lat' dir='ltr'>omnibus</span> <span class='ocrx_word' id='word_1_192' title='bbox 497 1722 853 1774; x_wconf 87' lang='lat' dir='ltr'>exquirentibus</span> <span class='ocrx_word' id='word_1_193' title='bbox 882 1735 931 1765; x_wconf 89' lang='lat' dir='ltr'>se</span> <span class='ocrx_word' id='word_1_194' title='bbox 961 1723 1006 1763; x_wconf 92' lang='lat' dir='ltr'>in</span> <span class='ocrx_word' id='word_1_195' title='bbox 1035 1723 1245 1764; x_wconf 86' lang='lat' dir='ltr'>veritate.</span> <span class='ocrx_word' id='word_1_196' title='bbox 1288 1722 1378 1764; x_wconf 91' lang='lat' dir='ltr'>Pro</span> <span class='ocrx_word' id='word_1_197' title='bbox 1406 1723 1536 1765; x_wconf 88' lang='lat' dir='ltr'>cuius</span> <span class='ocrx_word' id='word_1_198' title='bbox 1565 1723 1774 1765; x_wconf 88' lang='lat' dir='ltr'>veritatis</span> <span class='ocrx_word' id='word_1_199' title='bbox 1804 1722 1928 1765; x_wconf 92' lang='lat' dir='ltr'>iusti-</span> 
     </span>
     <span class='ocr_line' id='line_1_24' title="bbox 156 1791 1926 1845; baseline 0.001 -13"><span class='ocrx_word' id='word_1_200' title='bbox 156 1791 226 1834; x_wconf 91' lang='lat' dir='ltr'>cia</span> <span class='ocrx_word' id='word_1_201' title='bbox 250 1804 398 1845; x_wconf 92' lang='lat' dir='ltr'>usque</span> <span class='ocrx_word' id='word_1_202' title='bbox 425 1792 483 1835; x_wconf 89' lang='lat' dir='ltr'>ad</span> <span class='ocrx_word' id='word_1_203' title='bbox 509 1795 702 1835; x_wconf 89' lang='lat' dir='ltr'>mortem</span> <span class='ocrx_word' id='word_1_204' title='bbox 729 1794 928 1835; x_wconf 89' lang='lat' dir='ltr'>certatis.</span> <span class='ocrx_word' id='word_1_205' title='bbox 966 1794 1109 1844; x_wconf 84' lang='lat' dir='ltr'>Quam</span> <span class='ocrx_word' id='word_1_206' title='bbox 1137 1793 1377 1836; x_wconf 86' lang='lat' dir='ltr'>veritatem</span> <span class='ocrx_word' id='word_1_207' title='bbox 1405 1797 1696 1836; x_wconf 88' lang='lat' dir='ltr'>sacrosancte</span> <span class='ocrx_word' id='word_1_208' title='bbox 1723 1794 1926 1836; x_wconf 85' lang='lat' dir='ltr'>Romane</span> 
     </span>
     <span class='ocr_line' id='line_1_25' title="bbox 157 1862 1927 1917; baseline 0 -12"><span class='ocrx_word' id='word_1_209' title='bbox 157 1862 353 1905; x_wconf 85' lang='lat' dir='ltr'>ecclesie</span> <span class='ocrx_word' id='word_1_210' title='bbox 381 1863 611 1906; x_wconf 87' lang='lat' dir='ltr'>katholice</span> <span class='ocrx_word' id='word_1_211' title='bbox 642 1865 874 1917; x_wconf 87' lang='lat' dir='ltr'>respicite,</span> <span class='ocrx_word' id='word_1_212' title='bbox 904 1868 1124 1917; x_wconf 86' lang='lat' dir='ltr'>quantum</span> <span class='ocrx_word' id='word_1_213' title='bbox 1155 1864 1332 1916; x_wconf 89' lang='lat' dir='ltr'>amatis,</span> <span class='ocrx_word' id='word_1_214' title='bbox 1362 1867 1582 1917; x_wconf 90' lang='lat' dir='ltr'>quantum</span> <span class='ocrx_word' id='word_1_215' title='bbox 1611 1864 1927 1917; x_wconf 84' lang='lat' dir='ltr'>exquisivistis</span> 
     </span>
     <span class='ocr_line' id='line_1_26' title="bbox 156 1934 1926 1988; baseline -0.001 -12"><span class='ocrx_word' id='word_1_216' title='bbox 156 1937 248 1976; x_wconf 90' lang='lat' dir='ltr'>toto</span> <span class='ocrx_word' id='word_1_217' title='bbox 284 1934 423 1976; x_wconf 91' lang='lat' dir='ltr'>corde</span> <span class='ocrx_word' id='word_1_218' title='bbox 461 1938 507 1976; x_wconf 90' lang='lat' dir='ltr'>et</span> <span class='ocrx_word' id='word_1_219' title='bbox 543 1938 695 1976; x_wconf 87' lang='lat' dir='ltr'>mente</span> <span class='ocrx_word' id='word_1_220' title='bbox 734 1935 866 1988; x_wconf 81' lang='lat' dir='ltr'>quasi</span> <span class='ocrx_word' id='word_1_221' title='bbox 903 1948 988 1988; x_wconf 92' lang='lat' dir='ltr'>per</span> <span class='ocrx_word' id='word_1_222' title='bbox 1025 1935 1264 1977; x_wconf 89' lang='lat' dir='ltr'>biennium</span> <span class='ocrx_word' id='word_1_223' title='bbox 1303 1936 1532 1977; x_wconf 84' lang='lat' dir='ltr'>continue.</span> <span class='ocrx_word' id='word_1_224' title='bbox 1584 1936 1637 1978; x_wconf 91' lang='lat' dir='ltr'>Et</span> <span class='ocrx_word' id='word_1_225' title='bbox 1674 1939 1926 1988; x_wconf 80' lang='lat' dir='ltr'>eapropter</span> 
     </span>
     <span class='ocr_line' id='line_1_27' title="bbox 156 2004 1926 2058; baseline 0.001 -13"><span class='ocrx_word' id='word_1_226' title='bbox 156 2004 388 2058; x_wconf 89' lang='lat' dir='ltr'>respicite,</span> <span class='ocrx_word' id='word_1_227' title='bbox 424 2005 546 2057; x_wconf 89' lang='lat' dir='ltr'>quod</span> <span class='ocrx_word' id='word_1_228' title='bbox 580 2006 665 2047; x_wconf 90' lang='lat' dir='ltr'>hec</span> <span class='ocrx_word' id='word_1_229' title='bbox 699 2006 871 2048; x_wconf 83' lang='lat' dir='ltr'>veritas</span> <span class='ocrx_word' id='word_1_230' title='bbox 907 2007 1033 2049; x_wconf 85' lang='lat' dir='ltr'>iuxta</span> <span class='ocrx_word' id='word_1_231' title='bbox 1069 2007 1212 2048; x_wconf 82' lang='lat' dir='ltr'>verba</span> <span class='ocrx_word' id='word_1_232' title='bbox 1247 2007 1369 2048; x_wconf 86' lang='lat' dir='ltr'>beati</span> <span class='ocrx_word' id='word_1_233' title='bbox 1405 2006 1666 2048; x_wconf 88' lang='lat' dir='ltr'>Bernhardi</span> <span class='ocrx_word' id='word_1_234' title='bbox 1702 2007 1748 2047; x_wconf 92' lang='lat' dir='ltr'>in</span> <span class='ocrx_word' id='word_1_235' title='bbox 1785 2006 1926 2048; x_wconf 78' lang='lat' dir='ltr'>medi·-</span> 
     </span>
     <span class='ocr_line' id='line_1_28' title="bbox 155 2074 1926 2131; baseline 0 -15"><span class='ocrx_word' id='word_1_236' title='bbox 155 2074 414 2118; x_wconf 90' lang='lat' dir='ltr'>tacionibus</span> <span class='ocrx_word' id='word_1_237' title='bbox 437 2089 518 2119; x_wconf 92' lang='lat' dir='ltr'>vos</span> <span class='ocrx_word' id='word_1_238' title='bbox 544 2077 705 2128; x_wconf 88' lang='lat' dir='ltr'>salvat,</span> <span class='ocrx_word' id='word_1_239' title='bbox 731 2090 812 2119; x_wconf 88' lang='lat' dir='ltr'>vos</span> <span class='ocrx_word' id='word_1_240' title='bbox 837 2077 1061 2129; x_wconf 84' lang='lat' dir='ltr'>defendit,</span> <span class='ocrx_word' id='word_1_241' title='bbox 1087 2090 1169 2120; x_wconf 91' lang='lat' dir='ltr'>vos</span> <span class='ocrx_word' id='word_1_242' title='bbox 1194 2077 1376 2130; x_wconf 85' lang='lat' dir='ltr'>liberat,</span> <span class='ocrx_word' id='word_1_243' title='bbox 1402 2090 1483 2120; x_wconf 87' lang='lat' dir='ltr'>vos</span> <span class='ocrx_word' id='word_1_244' title='bbox 1507 2078 1749 2131; x_wconf 85' lang='lat' dir='ltr'>gubernat,</span> <span class='ocrx_word' id='word_1_245' title='bbox 1775 2090 1926 2130; x_wconf 81' lang='lat' dir='ltr'>ymmo</span> 
     </span>
     <span class='ocr_line' id='line_1_29' title="bbox 154 2148 1924 2201; baseline 0.001 -13"><span class='ocrx_word' id='word_1_246' title='bbox 154 2150 332 2199; x_wconf 86' lang='lat' dir='ltr'>gentes,</span> <span class='ocrx_word' id='word_1_247' title='bbox 359 2159 474 2199; x_wconf 87' lang='lat' dir='ltr'>quas</span> <span class='ocrx_word' id='word_1_248' title='bbox 500 2159 761 2200; x_wconf 88' lang='lat' dir='ltr'>nuncquam</span> <span class='ocrx_word' id='word_1_249' title='bbox 789 2148 997 2200; x_wconf 83' lang='lat' dir='ltr'>novistis,</span> <span class='ocrx_word' id='word_1_250' title='bbox 1025 2148 1083 2190; x_wconf 86' lang='lat' dir='ltr'>ad</span> <span class='ocrx_word' id='word_1_251' title='bbox 1109 2161 1190 2191; x_wconf 90' lang='lat' dir='ltr'>vos</span> <span class='ocrx_word' id='word_1_252' title='bbox 1219 2152 1465 2201; x_wconf 86' lang='lat' dir='ltr'>congregat</span> <span class='ocrx_word' id='word_1_253' title='bbox 1491 2152 1535 2191; x_wconf 93' lang='lat' dir='ltr'>et</span> <span class='ocrx_word' id='word_1_254' title='bbox 1563 2148 1607 2189; x_wconf 88' lang='lat' dir='ltr'>in</span> <span class='ocrx_word' id='word_1_255' title='bbox 1636 2161 1776 2190; x_wconf 92' lang='lat' dir='ltr'>unum</span> <span class='ocrx_word' id='word_1_256' title='bbox 1804 2149 1924 2190; x_wconf 84' lang='lat' dir='ltr'>ovile</span> 
     </span>
     <span class='ocr_line' id='line_1_30' title="bbox 154 2219 1925 2270; baseline 0.001 -12"><span class='ocrx_word' id='word_1_257' title='bbox 154 2229 205 2258; x_wconf 90' lang='lat' dir='ltr'>ac</span> <span class='ocrx_word' id='word_1_258' title='bbox 230 2229 373 2259; x_wconf 91' lang='lat' dir='ltr'>unum</span> <span class='ocrx_word' id='word_1_259' title='bbox 398 2220 633 2270; x_wconf 88' lang='lat' dir='ltr'>pastorem</span> <span class='ocrx_word' id='word_1_260' title='bbox 659 2231 820 2260; x_wconf 87' lang='lat' dir='ltr'>verum</span> <span class='ocrx_word' id='word_1_261' title='bbox 848 2231 1164 2261; x_wconf 89' lang='lat' dir='ltr'>successorem</span> <span class='ocrx_word' id='word_1_262' title='bbox 1193 2220 1335 2262; x_wconf 86' lang='lat' dir='ltr'>sancti</span> <span class='ocrx_word' id='word_1_263' title='bbox 1364 2220 1486 2261; x_wconf 89' lang='lat' dir='ltr'>Petri</span> <span class='ocrx_word' id='word_1_264' title='bbox 1516 2219 1725 2260; x_wconf 86' lang='lat' dir='ltr'>fiendum</span> <span class='ocrx_word' id='word_1_265' title='bbox 1753 2219 1925 2261; x_wconf 89' lang='lat' dir='ltr'>adunat</span> 
     </span>
    </p>

    <p class='ocr_par' dir='ltr' id='par_1_8' title="bbox 244 2287 1923 2343">
     <span class='ocr_line' id='line_1_31' title="bbox 244 2287 1923 2343; baseline 0.001 -14"><span class='ocrx_word' id='word_1_266' title='bbox 244 2322 252 2329; x_wconf 94' lang='lat'>.</span> <span class='ocrx_word' id='word_1_267' title='bbox 314 2287 536 2331; x_wconf 91' lang='lat' dir='ltr'>Libenter</span> <span class='ocrx_word' id='word_1_268' title='bbox 585 2301 754 2342; x_wconf 91' lang='lat' dir='ltr'>sequor</span> <span class='ocrx_word' id='word_1_269' title='bbox 804 2290 1059 2332; x_wconf 84' lang='lat' dir='ltr'>veritatem.</span> <span class='ocrx_word' id='word_1_270' title='bbox 1122 2290 1219 2332; x_wconf 91' lang='lat' dir='ltr'>Non</span> <span class='ocrx_word' id='word_1_271' title='bbox 1269 2290 1419 2332; x_wconf 89' lang='lat' dir='ltr'>habeo</span> <span class='ocrx_word' id='word_1_272' title='bbox 1470 2294 1733 2343; x_wconf 88' lang='lat' dir='ltr'>suspectum</span> <span class='ocrx_word' id='word_1_273' title='bbox 1783 2290 1923 2332; x_wconf 91' lang='lat' dir='ltr'>talem</span> 
     </span>
    </p>
   </div>
   <div class='ocr_carea' id='block_1_8' title="bbox 155 2357 439 2401">
    <p class='ocr_par' dir='ltr' id='par_1_9' title="bbox 155 2357 439 2401">
     <span class='ocr_line' id='line_1_32' title="bbox 155 2357 439 2401; baseline 0.007 -2"><span class='ocrx_word' id='word_1_274' title='bbox 155 2357 351 2401; x_wconf 91' lang='lat' dir='ltr'>ducem.</span> <span class='ocrx_word' id='word_1_275' title='bbox 387 2393 395 2401; x_wconf 91' lang='lat'><strong>.</strong></span> <span class='ocrx_word' id='word_1_276' title='bbox 431 2393 439 2401; x_wconf 95' lang='lat'>.</span> 
     </span>
    </p>
   </div>
   <div class='ocr_carea' id='block_1_9' title="bbox 151 2442 1921 2989">
    <p class='ocr_par' dir='ltr' id='par_1_10' title="bbox 151 2442 1921 2989">
     <span class='ocr_line' id='line_1_33' title="bbox 361 2442 1921 2496; baseline 0 -13"><span class='ocrx_word' id='word_1_277' title='bbox 361 2476 368 2483; x_wconf 94' lang='lat'>.</span> <span class='ocrx_word' id='word_1_278' title='bbox 424 2442 577 2484; x_wconf 84' lang='lat' dir='ltr'>Nescit</span> <span class='ocrx_word' id='word_1_279' title='bbox 615 2443 787 2485; x_wconf 84' lang='lat' dir='ltr'>veritas</span> <span class='ocrx_word' id='word_1_280' title='bbox 829 2443 1068 2495; x_wconf 89' lang='lat' dir='ltr'>seducere,</span> <span class='ocrx_word' id='word_1_281' title='bbox 1107 2456 1272 2496; x_wconf 85' lang='lat' dir='ltr'>ymmo,</span> <span class='ocrx_word' id='word_1_282' title='bbox 1313 2447 1360 2485; x_wconf 91' lang='lat' dir='ltr'>ut</span> <span class='ocrx_word' id='word_1_283' title='bbox 1399 2444 1564 2496; x_wconf 88' lang='lat' dir='ltr'>loquar</span> <span class='ocrx_word' id='word_1_284' title='bbox 1604 2444 1790 2495; x_wconf 86' lang='lat' dir='ltr'>clarius,</span> <span class='ocrx_word' id='word_1_285' title='bbox 1830 2455 1921 2484; x_wconf 90' lang='lat' dir='ltr'>non</span> 
     </span>
     <span class='ocr_line' id='line_1_34' title="bbox 153 2512 1920 2567; baseline 0.001 -15"><span class='ocrx_word' id='word_1_286' title='bbox 153 2512 306 2563; x_wconf 88' lang='lat' dir='ltr'>querit</span> <span class='ocrx_word' id='word_1_287' title='bbox 332 2512 503 2555; x_wconf 86' lang='lat' dir='ltr'>veritas</span> <span class='ocrx_word' id='word_1_288' title='bbox 530 2513 739 2567; x_wconf 85' lang='lat' dir='ltr'>angulos,</span> <span class='ocrx_word' id='word_1_289' title='bbox 767 2515 912 2556; x_wconf 84' lang='lat' dir='ltr'>nescit</span> <span class='ocrx_word' id='word_1_290' title='bbox 938 2527 1024 2567; x_wconf 92' lang='lat' dir='ltr'>per</span> <span class='ocrx_word' id='word_1_291' title='bbox 1049 2526 1210 2556; x_wconf 90' lang='lat' dir='ltr'>verum</span> <span class='ocrx_word' id='word_1_292' title='bbox 1238 2527 1404 2567; x_wconf 88' lang='lat' dir='ltr'>papam</span> <span class='ocrx_word' id='word_1_293' title='bbox 1431 2518 1477 2556; x_wconf 93' lang='lat' dir='ltr'>et</span> <span class='ocrx_word' id='word_1_294' title='bbox 1504 2514 1672 2556; x_wconf 90' lang='lat' dir='ltr'>Christi</span> <span class='ocrx_word' id='word_1_295' title='bbox 1700 2513 1920 2556; x_wconf 82' lang='lat' dir='ltr'>vicarium</span> 
     </span>
     <span class='ocr_line' id='line_1_35' title="bbox 152 2583 1920 2638; baseline 0.001 -14"><span class='ocrx_word' id='word_1_296' title='bbox 152 2585 196 2624; x_wconf 86' lang='lat' dir='ltr'>et</span> <span class='ocrx_word' id='word_1_297' title='bbox 233 2583 501 2637; x_wconf 82' lang='lat' dir='ltr'>evangelice</span> <span class='ocrx_word' id='word_1_298' title='bbox 541 2585 702 2637; x_wconf 83' lang='lat' dir='ltr'>regule</span> <span class='ocrx_word' id='word_1_299' title='bbox 740 2588 1028 2637; x_wconf 88' lang='lat' dir='ltr'>sectatorem,</span> <span class='ocrx_word' id='word_1_300' title='bbox 1067 2584 1413 2627; x_wconf 88' lang='lat' dir='ltr'>devotissimum</span> <span class='ocrx_word' id='word_1_301' title='bbox 1451 2589 1685 2638; x_wconf 88' lang='lat' dir='ltr'>pastorem</span> <span class='ocrx_word' id='word_1_302' title='bbox 1724 2585 1920 2627; x_wconf 89' lang='lat' dir='ltr'>ecclesie</span> 
     </span>
     <span class='ocr_line' id='line_1_36' title="bbox 152 2655 1920 2709; baseline 0.001 -15"><span class='ocrx_word' id='word_1_303' title='bbox 152 2665 202 2694; x_wconf 79' lang='lat' dir='ltr'>se</span> <span class='ocrx_word' id='word_1_304' title='bbox 229 2657 467 2696; x_wconf 88' lang='lat' dir='ltr'>vocantem</span> <span class='ocrx_word' id='word_1_305' title='bbox 493 2655 824 2697; x_wconf 86' lang='lat' dir='ltr'>excusaciones</span> <span class='ocrx_word' id='word_1_306' title='bbox 850 2655 1113 2708; x_wconf 86' lang='lat' dir='ltr'>ostendere,</span> <span class='ocrx_word' id='word_1_307' title='bbox 1141 2656 1445 2698; x_wconf 85' lang='lat' dir='ltr'>dilataciones</span> <span class='ocrx_word' id='word_1_308' title='bbox 1471 2668 1724 2709; x_wconf 88' lang='lat' dir='ltr'>opponere,</span> <span class='ocrx_word' id='word_1_309' title='bbox 1752 2655 1920 2697; x_wconf 85' lang='lat' dir='ltr'>securi-</span> 
     </span>
     <span class='ocr_line' id='line_1_37' title="bbox 151 2725 1919 2779; baseline 0 -14"><span class='ocrx_word' id='word_1_310' title='bbox 151 2726 268 2766; x_wconf 83' lang='lat' dir='ltr'>tates</span> <span class='ocrx_word' id='word_1_311' title='bbox 302 2727 478 2777; x_wconf 88' lang='lat' dir='ltr'>petere,</span> <span class='ocrx_word' id='word_1_312' title='bbox 512 2725 754 2768; x_wconf 84' lang='lat' dir='ltr'>libertates</span> <span class='ocrx_word' id='word_1_313' title='bbox 788 2727 1040 2779; x_wconf 90' lang='lat' dir='ltr'>postulare,</span> <span class='ocrx_word' id='word_1_314' title='bbox 1075 2729 1225 2768; x_wconf 91' lang='lat' dir='ltr'>castra</span> <span class='ocrx_word' id='word_1_315' title='bbox 1258 2727 1499 2779; x_wconf 64' lang='lat' dir='ltr'>lucrarea),</span> <span class='ocrx_word' id='word_1_316' title='bbox 1534 2730 1604 2768; x_wconf 90' lang='lat' dir='ltr'>set</span> <span class='ocrx_word' id='word_1_317' title='bbox 1636 2739 1736 2768; x_wconf 90' lang='lat' dir='ltr'>cum</span> <span class='ocrx_word' id='word_1_318' title='bbox 1773 2727 1919 2767; x_wconf 85' lang='lat' dir='ltr'>altero</span> 
     </span>
     <span class='ocr_line' id='line_1_38' title="bbox 154 2794 1921 2849; baseline -0.001 -13"><span class='ocrx_word' id='word_1_319' title='bbox 154 2794 301 2837; x_wconf 80' lang='lat' dir='ltr'>Jhesu</span> <span class='ocrx_word' id='word_1_320' title='bbox 322 2807 436 2837; x_wconf 90' lang='lat' dir='ltr'>vero</span> <span class='ocrx_word' id='word_1_321' title='bbox 456 2808 578 2848; x_wconf 85' lang='lat' dir='ltr'>papa</span> <span class='ocrx_word' id='word_1_322' title='bbox 601 2797 798 2838; x_wconf 87' lang='lat' dir='ltr'>ecclesie</span> <span class='ocrx_word' id='word_1_323' title='bbox 823 2796 1037 2849; x_wconf 82' lang='lat' dir='ltr'>dignatur</span> <span class='ocrx_word' id='word_1_324' title='bbox 1062 2810 1110 2838; x_wconf 89' lang='lat' dir='ltr'>se</span> <span class='ocrx_word' id='word_1_325' title='bbox 1138 2798 1182 2838; x_wconf 93' lang='lat' dir='ltr'>in</span> <span class='ocrx_word' id='word_1_326' title='bbox 1207 2800 1306 2838; x_wconf 92' lang='lat' dir='ltr'>orto</span> <span class='ocrx_word' id='word_1_327' title='bbox 1329 2800 1605 2849; x_wconf 88' lang='lat' dir='ltr'>presentare</span> <span class='ocrx_word' id='word_1_328' title='bbox 1629 2800 1674 2838; x_wconf 89' lang='lat' dir='ltr'>et</span> <span class='ocrx_word' id='word_1_329' title='bbox 1698 2796 1810 2837; x_wconf 89' lang='lat' dir='ltr'>mori</span> <span class='ocrx_word' id='word_1_330' title='bbox 1837 2809 1921 2849; x_wconf 84' lang='lat' dir='ltr'>pro</span> 
     </span>
     <span class='ocr_line' id='line_1_39' title="bbox 151 2867 1917 2920; baseline 0 -14"><span class='ocrx_word' id='word_1_331' title='bbox 151 2877 235 2907; x_wconf 90' lang='lat' dir='ltr'>suo</span> <span class='ocrx_word' id='word_1_332' title='bbox 261 2877 401 2918; x_wconf 84' lang='lat' dir='ltr'>grege</span> <span class='ocrx_word' id='word_1_333' title='bbox 429 2869 476 2908; x_wconf 88' lang='lat' dir='ltr'>et</span> <span class='ocrx_word' id='word_1_334' title='bbox 501 2867 701 2908; x_wconf 89' lang='lat' dir='ltr'>animam</span> <span class='ocrx_word' id='word_1_335' title='bbox 732 2880 860 2908; x_wconf 89' lang='lat' dir='ltr'>suam</span> <span class='ocrx_word' id='word_1_336' title='bbox 889 2880 974 2920; x_wconf 95' lang='lat' dir='ltr'>pro</span> <span class='ocrx_word' id='word_1_337' title='bbox 1002 2867 1171 2909; x_wconf 87' lang='lat' dir='ltr'>Chri-sti</span> <span class='ocrx_word' id='word_1_338' title='bbox 1202 2868 1350 2909; x_wconf 88' lang='lat' dir='ltr'>ovibis</span> <span class='ocrx_word' id='word_1_339' title='bbox 1377 2880 1568 2920; x_wconf 88' lang='lat' dir='ltr'>ponere,</span> <span class='ocrx_word' id='word_1_340' title='bbox 1596 2880 1656 2909; x_wconf 90' lang='lat' dir='ltr'>ne</span> <span class='ocrx_word' id='word_1_341' title='bbox 1684 2870 1775 2908; x_wconf 89' lang='lat' dir='ltr'>tota</span> <span class='ocrx_word' id='word_1_342' title='bbox 1803 2879 1917 2919; x_wconf 74' lang='lat' dir='ltr'>gens</span> 
     </span>
     <span class='ocr_line' id='line_1_40' title="bbox 152 2936 1918 2989; baseline 0 -13"><span class='ocrx_word' id='word_1_343' title='bbox 152 2939 314 2986; x_wconf 89' lang='lat' dir='ltr'>pereat</span> <span class='ocrx_word' id='word_1_344' title='bbox 348 2936 416 2977; x_wconf 90' lang='lat' dir='ltr'>rei</span> <span class='ocrx_word' id='word_1_345' title='bbox 451 2936 636 2989; x_wconf 89' lang='lat' dir='ltr'>publice</span> <span class='ocrx_word' id='word_1_346' title='bbox 670 2937 982 2979; x_wconf 88' lang='lat' dir='ltr'>ecclesiastice</span> <span class='ocrx_word' id='word_1_347' title='bbox 1018 2972 1025 2979; x_wconf 93' lang='lat'>.</span> <span class='ocrx_word' id='word_1_348' title='bbox 1063 2971 1070 2979; x_wconf 90' lang='lat'>.</span> <span class='ocrx_word' id='word_1_349' title='bbox 1107 2971 1114 2979; x_wconf 93' lang='lat'>.</span> <span class='ocrx_word' id='word_1_350' title='bbox 1162 2937 1345 2979; x_wconf 88' lang='lat' dir='ltr'>Veritas</span> <span class='ocrx_word' id='word_1_351' title='bbox 1381 2938 1503 2978; x_wconf 90' lang='lat' dir='ltr'>enim</span> <span class='ocrx_word' id='word_1_352' title='bbox 1541 2971 1547 2979; x_wconf 95' lang='lat'>.</span> <span class='ocrx_word' id='word_1_353' title='bbox 1585 2971 1592 2978; x_wconf 96' lang='lat'>.</span> <span class='ocrx_word' id='word_1_354' title='bbox 1629 2971 1651 2988; x_wconf 86' lang='lat'>.,</span> <span class='ocrx_word' id='word_1_355' title='bbox 1688 2937 1918 2989; x_wconf 75' lang='lat' dir='ltr'>respicite,</span> 
     </span>
    </p>
   </div>
   <div class='ocr_carea' id='block_1_10' title="bbox 255 3026 512 3055">
    <p class='ocr_par' dir='ltr' id='par_1_11' title="bbox 255 3026 512 3055">
     <span class='ocr_line' id='line_1_41' title="bbox 255 3026 512 3055; baseline 0.004 -2"><span class='ocrx_word' id='word_1_356' title='bbox 255 3033 286 3055; x_wconf 71' lang='lat' dir='ltr'>a)</span> <span class='ocrx_word' id='word_1_357' title='bbox 308 3026 358 3054; x_wconf 60' lang='lat' dir='ltr'>Sne</span> <span class='ocrx_word' id='word_1_358' title='bbox 379 3026 512 3054; x_wconf 66' lang='lat' dir='ltr'>intrare.</span> 
     </span>
    </p>
   </div>
  </div>
 </body>
</html>
