2227 3434
769 56 813 91 A.
851 55 1184 90 Reformtraktate.
1775 55 1860 98 599

97 174 195 217 deri
227 173 407 227 mediis,
439 186 634 227 quorum
667 174 822 226 aliqua
854 173 1010 216 audivi
1043 186 1067 216 a
1099 173 1300 215 dominis
1333 172 1648 215 cardinalibus
1680 175 1725 214 et
1757 172 1861 214 aliis

97 245 223 288 illam
249 248 430 298 partem
455 245 786 297 astruentibus,
812 257 905 286 non
932 248 1086 286 tamen
1114 246 1324 297 quartam
1350 247 1546 296 partem,
1573 243 1685 295 quin
1711 255 1862 296 ymmo

96 327 180 358 nec
207 315 248 357 X
274 319 456 368 partem
483 327 658 367 eorum,
687 327 776 367 que
807 314 930 356 infra
959 327 1141 367 ponam,
1171 314 1254 356 sed
1282 315 1436 356 omnia
1464 313 1600 355 michi
1629 326 1715 366 pro
1742 325 1863 355 nunc

97 385 391 428 occurrencia
423 398 509 438 pro
542 385 634 427 alia
667 377 802 438 parte
833 381 956 427 v'olui
994 397 1184 437 ponere,
1218 388 1269 426 ut
1301 397 1386 438 per
1420 397 1578 426 veram
1611 387 1659 426 et
1691 384 1863 425 claram

97 456 380 499 solucionem
416 456 473 498 ad
511 457 593 498 illa
628 468 738 509 pars
773 456 988 508 negativa
1024 460 1070 498 et
1106 456 1253 508 ipsius
1290 456 1462 498 veritas
1498 456 1736 506 clarescat,
1771 454 1863 496 nisi

96 527 314 580 passione
350 526 500 580 turpis
535 530 728 580 questus
763 530 1022 577 excecatur,
1058 526 1274 579 quoniam
1312 527 1358 567 in
1394 526 1632 568 solucione
1669 525 1727 567 ad
1762 537 1865 567 con-

96 598 240 640 traria
267 597 405 641 stabit
431 601 476 640 et
502 597 748 651 apparebit
773 598 908 650 longe
936 598 1057 639 ultra
1084 597 1258 639 veritas
1285 609 1422 649 quam
1447 609 1534 649 per
1561 595 1865 638 fundamenta

97 680 123 710 a
151 668 383 722 principio
410 668 573 722 posita.
617 668 838 710 Parcatur
866 670 1021 709 tamen
1052 667 1203 719 michi,
1233 680 1334 708 cum
1366 666 1466 708 sine
1498 666 1865 719 quibuscumque

97 738 231 781 libris
264 739 350 781 hec
386 738 619 792 scripsero
654 739 862 792 exceptis
897 738 1032 780 libris
1067 737 1317 780 ordinariis
1354 737 1468 779 iuris
1504 736 1726 789 canonici,
1763 737 1864 779 sine

97 809 255 863 aliquo
278 809 478 863 doctore,
501 813 780 863 protestans,
804 809 927 862 quod
950 822 1052 850 cum
1077 809 1254 861 copiam
1280 808 1507 850 librorum
1531 807 1755 859 habuero,
1777 806 1865 849 ista

97 880 233 934 longe
267 881 389 924 ultra
422 880 702 923 forcioribus
736 879 959 922 deducam
995 879 1160 922 mediis
1194 882 1239 921 et
1272 878 1552 930 racionibus,
1587 891 1686 920 cum
1720 878 1866 919 eciam

97 951 182 993 hec
221 954 438 993 currente
477 951 744 1004 scripserim
784 952 961 993 calamo
1002 950 1126 992 infra
1167 953 1345 1002 septem
1386 950 1526 992 horas
1566 948 1625 991 ad
1664 948 1867 1002 aliquam

97 1033 310 1075 magnam
342 1021 615 1064 instanciam
645 1055 654 1063 .
689 1055 698 1063 .
734 1055 742 1064 .

216 1092 271 1136 Et
295 1092 447 1146 primo
471 1091 696 1135 fundatur
720 1105 830 1146 pars
859 1091 1143 1134 affirmativa
1171 1092 1218 1133 in
1245 1090 1566 1144 extravaganti
1589 1102 1679 1133 seu
1705 1090 1868 1132 consti-

98 1163 281 1206 tucione
317 1162 490 1206 domini
527 1163 754 1205 Johannis
790 1163 938 1205 XXII.
976 1175 1064 1216 que
1101 1162 1277 1215 incipit:
1329 1161 1457 1214 ,Cum
1492 1161 1732 1204 nonnulle‘
1771 1194 1780 1202 .
1815 1194 1824 1202 .
1860 1193 1868 1202 .

99 1236 146 1276 et
172 1233 220 1276 in
247 1233 356 1286 illis,
385 1233 444 1276 ad
470 1246 586 1287 quas
614 1234 734 1276 dicta
762 1234 1043 1286 constitucio,
1071 1233 1118 1275 in
1147 1233 1314 1286 quibus
1344 1232 1467 1275 istud
1494 1232 1624 1285 prius
1653 1234 1870 1274 statutum

99 1304 267 1358 fuerat,
289 1317 340 1346 se
361 1303 532 1347 reffert
555 1339 563 1346 .
599 1339 607 1346 .
643 1339 652 1346 .
687 1305 877 1348 Constat
899 1308 1066 1357 autem,
1089 1304 1226 1357 quod,
1250 1303 1475 1357 quidquid
1495 1302 1695 1356 principi
1715 1303 1871 1355 placet

101 1374 197 1417 sive
228 1387 315 1429 per
345 1375 530 1418 modum
564 1375 681 1429 legis
713 1376 811 1418 sive
843 1375 1189 1417 constitucionis
1224 1409 1232 1417 .
1268 1409 1276 1416 .
1313 1409 1320 1416 .
1355 1373 1636 1417 servandum
1669 1376 1742 1416 est
1773 1410 1780 1417 .
1817 1406 1825 1414 .
1862 1405 1870 1413 .

221 1446 336 1489 Item
363 1445 536 1488 nedum
566 1446 624 1489 ab
653 1446 758 1500 ipso
786 1446 999 1489 ‚Iohanne
1031 1446 1265 1488 emanavit
1294 1445 1377 1488 sed
1407 1448 1454 1487 et
1482 1457 1588 1486 eum
1620 1446 1872 1497 sequentes

101 1518 267 1559 summi
291 1517 554 1571 pontifices,
580 1517 657 1570 qui
682 1517 873 1560 fuerunt
898 1530 953 1560 eo
978 1520 1239 1570 computato
1263 1516 1328 1558 VI
1353 1518 1461 1558 ante
1486 1516 1654 1558 scisma
1679 1517 1724 1557 et
1747 1513 1872 1556 vixe-

102 1591 209 1630 runt
241 1588 362 1631 circa
397 1588 525 1630 LXII
559 1601 722 1641 annos,
757 1592 804 1631 et
839 1588 943 1640 duo,
980 1588 1057 1641 qui
1093 1590 1196 1641 post
1231 1588 1398 1630 scisma
1432 1586 1623 1629 fuerunt
1659 1586 1706 1627 in
1739 1588 1871 1639 parte

101 1662 259 1702 nostra
291 1662 336 1701 et
371 1659 465 1700 IIII
499 1659 545 1701 in
578 1659 683 1711 alia,
715 1662 762 1701 et
792 1663 897 1712 post
927 1660 1171 1701 concilium
1205 1659 1424 1700 Pisanum
1458 1657 1548 1699 duo
1580 1660 1625 1699 et
1655 1657 1873 1697 vixerunt

102 1730 261 1783 spacio
284 1729 388 1773 fere
414 1730 657 1772 XXXVIII
688 1743 913 1772 annorum
940 1729 1062 1772 inter
1088 1729 1200 1772 istos
1227 1729 1356 1781 VIII,
1385 1733 1430 1771 et
1456 1729 1519 1771 sic
1547 1731 1653 1770 sunt
1677 1739 1873 1772 numero

102 1800 242 1843 XIIII
273 1800 440 1843 summi
467 1799 732 1854 pontifices,
764 1800 942 1843 indubii
976 1801 1134 1853 aliqui,
1165 1805 1210 1843 et
1241 1800 1319 1842 alii
1349 1800 1468 1842 tales
1500 1799 1546 1841 in
1576 1811 1736 1840 eorum
1767 1797 1875 1840 obe-

105 1871 299 1915 dienciis
322 1872 521 1925 reputati
544 1875 589 1914 et
610 1884 696 1925 per
719 1872 924 1925 spacium
949 1871 1051 1913 fere
1077 1871 1109 1913 C
1134 1883 1361 1913 annorum
1383 1871 1467 1912 hoc
1492 1873 1752 1912 statuerunt
1776 1902 1784 1910 .
1820 1902 1828 1910 .
1865 1902 1872 1909 .

221 1943 445 1986 Preterea
468 1977 477 1985 .
513 1977 521 1984 .
557 1977 564 1984 .
590 1945 758 1985 statuta
779 1942 971 1984 fuerunt
994 1955 1019 1984 a
1044 1942 1240 1985 subditis
1265 1944 1452 1994 recepta
1475 1944 1520 1983 et
1541 1939 1875 1982 universaliter

103 2013 276 2067 ubique
310 2013 556 2057 observata
594 2048 602 2056 .
638 2048 646 2056 .
682 2048 690 2056 .
727 2013 1017 2066 Prescripcio
1049 2013 1222 2055 nedum
1256 2012 1382 2066 longi
1417 2011 1501 2054 sed
1535 2014 1582 2054 et
1614 2010 1874 2064 longissimi

103 2085 328 2138 temporis
360 2118 369 2126 .
405 2118 414 2127 .
449 2118 458 2127 .

226 2155 338 2198 Item
376 2156 569 2198 multum
607 2155 747 2198 debet
784 2168 972 2197 movere
1010 2154 1320 2206 adversarios,
1359 2153 1481 2207 quod
1519 2152 1690 2195 domini
1728 2151 1876 2196 Urba-

105 2239 193 2270 nus
215 2227 270 2270 V.
291 2230 339 2270 et
363 2226 616 2280 Gregorius
641 2226 735 2280 XL,
762 2227 838 2280 qui
866 2227 987 2268 inter
1012 2226 1127 2268 alios
1153 2238 1356 2269 summos
1381 2223 1644 2278 pontifices,
1670 2223 1747 2276 qui
1771 2234 1876 2276 pre-

108 2297 226 2340 senti
259 2300 469 2352 tempore
503 2301 748 2340 occurrunt
782 2297 1002 2340 memorie
1037 2296 1237 2339 maxime
1274 2296 1572 2347 auctoritatis,
1605 2294 1876 2343 honestatis,

107 2368 351 2421 probitatis
376 2371 420 2411 et
443 2368 696 2411 sanctitatis
720 2368 893 2421 ubique
919 2368 1119 2421 reputati
1142 2367 1334 2409 fuerunt
1357 2370 1400 2408 et
1426 2364 1661 2408 miraculis
1686 2365 1876 2415 clarent,

108 2439 207 2482 istis
232 2439 464 2482 vacanciis
490 2439 603 2493 usia)
636 2442 754 2482 sunt.
795 2439 850 2481 Et
876 2440 913 2481 si
941 2439 1026 2481 hoc
1055 2451 1155 2480 cum
1184 2437 1393 2490 symonia
1417 2436 1588 2479 fuisset
1614 2448 1697 2477 seu
1726 2435 1875 2485 aliter,

109 2509 170 2553 ita
193 2509 506 2564 perniciosum
529 2523 622 2552 non
644 2515 715 2553 est
738 2510 794 2552 de
817 2509 989 2553 talibus
1012 2508 1392 2563 presumendum,
1417 2507 1524 2561 quia
1548 2507 1670 2549 bona
1694 2505 1872 2558 arbor¹)

107 2592 201 2622 non
223 2581 435 2634 producit
458 2581 606 2623 malos
628 2580 807 2623 fructus
832 2615 840 2622 .
876 2614 884 2622 .
921 2615 928 2622 .

227 2652 341 2694 Item
366 2651 574 2694 membra
598 2651 850 2694 subvenire
875 2651 1047 2694 debent
1070 2651 1206 2703 capiti
1233 2663 1317 2692 suo
1342 2684 1349 2691 .
1386 2683 1393 2691 .
1430 2684 1438 2690 .
1467 2649 1558 2690 Ista
1583 2647 1707 2689 racio
1730 2647 1875 2700 magis

108 2724 255 2775 urget,
282 2722 468 2775 quando
493 2722 759 2775 subvencio,
786 2735 877 2774 que
902 2722 958 2764 fit
983 2721 1134 2774 capiti,
1160 2720 1307 2763 tendit
1333 2720 1390 2762 de
1417 2719 1592 2761 directo
1617 2718 1673 2760 ad
1701 2717 1876 2759 fomen—

110 2794 204 2834 tum
238 2792 552 2835 membrorum
589 2827 597 2834 .
634 2827 641 2834 .
678 2827 686 2834 .
735 2792 988 2835 Presertim
1022 2791 1112 2834 hiis
1147 2791 1327 2843 diebus,
1363 2789 1532 2843 quibus
1567 2789 1712 2842 magis
1748 2799 1877 2829 reve-

217 2877 247 2928 a]
267 2877 318 2923 ’1ὶέ
338 2877 413 2923 ussii.

229 2944 261 2987 1)
289 2944 406 2979 Mam.
431 2945 464 2987 7,
490 2944 543 2979 17.
