2102 3444
280 126 364 169 242
818 126 840 159 1.
868 125 1079 160 Abschnitt.
1119 125 1517 170 Konzilstagebiicher.

397 243 589 287 Nomina
620 257 731 286 vero
761 244 1086 297 deputatorum
1118 244 1316 287 inferius
1347 245 1691 287 describuntur:
1739 245 1828 287 Pro
1857 245 2051 287 nacione

279 315 553 368 Anglicana:
584 315 625 357 d.
656 315 951 358 Wernandus
981 316 1038 357 de
1068 316 1261 369 Plagina
1290 315 1581 358 decretorum
1612 316 1781 369 doctor,
1811 316 1853 358 d.
1882 316 2052 358 Johan-

280 398 364 429 nes
390 386 571 429 Thovos
599 387 644 428 in
670 386 852 439 legibus
877 387 1166 438 licenciatus;
1193 399 1278 440 pro
1303 387 1498 429 nacione
1526 387 1784 430 Gallicana:
1813 386 1855 429 d.
1881 387 2051 429 Johan-

279 469 363 500 nes
390 457 446 499 de
479 457 759 500 Matischone
789 458 942 510 legum
971 458 1141 510 doctor,
1170 458 1211 499 d.
1241 458 1386 500 Adam
1416 458 1472 500 de
1501 458 1753 500 Cameraco
1780 457 1826 499 in
1854 461 2050 511 utroque

280 527 566 580 licenciatus3
594 518 679 581 pro
703 529 897 570 nacione
925 528 1219 570 Germanica:
1249 529 1290 570 d.
1318 528 1594 571 Lambertus
1620 529 1677 571 de
1704 528 1867 582 Stipite
1894 528 2051 575 decre-

279 602 427 641 torum
451 599 622 651 doctor,
645 599 686 641 d.
709 599 952 642 Conradus
975 599 1211 653 Seglawer
1234 599 1525 642 decretorum
1549 600 1724 651 doctor;
1749 612 1834 653 pro
1854 600 2049 642 nacione

280 669 473 712 Ytalica:
510 682 604 712 rev.
637 683 680 723 p.
716 670 757 712 d.
791 670 843 712 A.
878 670 1126 724 episcopus
1161 670 1518 713 Concordiensis
1552 671 1844 713 decretorum
1878 671 2049 724 doctor,

278 740 318 782 d.
350 740 531 794 Gaspar
560 741 617 782 de
646 741 842 783 Perusio
871 742 1024 794 legum
1054 741 1223 784 doctor.

396 811 587 855 Dilectis
608 812 723 855 filiis
747 812 884 855 Petro
905 813 1024 855 tituli
1050 812 1296 866 Grisogoni
1321 813 1480 865 sancti,
1503 812 1739 855 Guilelmo
1761 812 1880 855 tituli
1903 813 2047 855 sancti

278 882 418 925 Marci
449 883 741 936 presbyteris
774 896 824 925 ac
857 883 1103 926 Francisco
1136 887 1399 926 sanctorum
1431 884 1596 926 Cosme
1629 887 1675 926 et
1709 883 1921 926 Damiani
1955 883 2050 926 dia-

275 966 390 996 cono
416 953 748 996 cardinalibus.

392 1025 632 1067 Johannes
675 1059 682 1067 .
719 1063 725 1069 .
764 1059 771 1067 .
816 1026 980 1067 Dilecti
1021 1026 1124 1078 filii,
1167 1026 1363 1068 salutem
1406 1029 1451 1068 et
1491 1026 1790 1079 apostolicam
1832 1025 2048 1068 benedic-

274 1095 459 1138 tionem.
508 1095 761 1149 Dirigimus
793 1096 1200 1150 circumspeccioni
1235 1100 1390 1139 vestre
1422 1096 1791 1150 procuratorium
1824 1099 2047 1149 nostrum,

275 1179 364 1219 quo
388 1168 438 1208 ¹in
466 1166 662 1219 singulis
688 1167 1111 1220 opportunitatibus
1139 1169 1348 1221 utamini,
1377 1168 1563 1221 quando
1589 1171 1634 1210 et
1660 1171 1796 1221 prout
1822 1167 2048 1210 noveritis

273 1237 514 1290 expedire.
555 1238 609 1280 Et
635 1239 861 1291 volumus,
889 1239 1011 1291 quod
1038 1240 1305 1291 occupantis
1328 1239 1538 1281 condicio
1563 1239 1721 1292 pocior
1746 1251 1839 1281 non
1862 1238 2047 1290 existat,

273 1308 370 1362 sed,
392 1309 514 1362 quod
534 1321 620 1362 per
640 1321 782 1351 unum
799 1309 1032 1362 inceptum
1049 1310 1205 1362 fuerit,
1219 1322 1306 1362 per
1323 1310 1580 1363 quemlibet
1593 1322 1651 1351 ex
1667 1310 1798 1352 vobis
1815 1322 1866 1351 ac
1882 1309 2048 1352 substi-

271 1379 458 1422 tuendis
480 1380 703 1433 prosequi
724 1381 877 1422 valeat
899 1384 945 1422 et
966 1380 1107 1422 finiri.
1143 1381 1276 1434 Agite
1300 1382 1438 1434 igitur
1461 1382 1507 1422 in
1529 1381 1788 1435 premissis,
1810 1383 1947 1434 prout
1966 1393 2046 1422 no-

272 1450 389 1493 verit
418 1450 583 1493 eadem
614 1454 769 1493 vestra
800 1451 1150 1505 circumspectio
1179 1464 1264 1505 pro
1295 1451 1502 1505 quolibet
1532 1451 1773 1505 expedire.
1816 1451 1917 1494 Dat.
1949 1451 2046 1492 Fri-

272 1521 435 1576 burgh,
458 1521 836 1565 Constanciensis
859 1522 1073 1575 diocesis,
1097 1523 1183 1565 sub
1206 1523 1346 1565 anulo
1368 1522 1626 1576 piscatoris,
1649 1522 1727 1564 XI.
1754 1521 1874 1576 Maii,
1896 1522 2045 1576 ponti-

274 1592 440 1636 ficatus
463 1593 610 1635 nostri
634 1606 756 1636 anno
778 1593 951 1646 quinto.
989 1594 1202 1647 Denique
1227 1593 1543 1647 intelligentes
1567 1606 1710 1647 super
1731 1605 1902 1647 guerra
1925 1592 2047 1635 inter

271 1663 561 1706 carissimum
593 1664 640 1706 in
673 1664 778 1707 Chr.
812 1664 965 1706 filium
996 1668 1205 1708 nostrum
1237 1664 1583 1718 Sigismundum
1614 1663 1851 1718 Hungarie
1884 1667 1928 1706 et
1959 1663 2045 1705 Ro-

273 1747 515 1777 manorum
539 1747 697 1788 regem
724 1735 954 1777 illustrem
980 1748 1030 1778 ac
1055 1736 1273 1778 dilectum
1297 1736 1449 1778 filium
1472 1735 1678 1778 nobilem
1701 1735 1851 1778 virum
1877 1734 2046 1777 Frede-

271 1806 413 1848 ricum
448 1806 611 1848 ducem
644 1806 833 1849 Austrie
867 1819 1028 1860 pacem
1063 1819 1168 1849 esse
1203 1807 1466 1849 conclusam
1501 1819 1745 1860 speramus
1778 1806 2044 1848 illustrante

270 1876 497 1920 altissimo
530 1878 773 1931 negocium
808 1877 1154 1931 procuracionis
1188 1877 1453 1920 huiusmodi
1487 1890 1573 1931 per
1607 1879 1788 1919 nosmet
1822 1889 2044 1930 persona—

270 1947 376 1990 liter
406 1947 655 2001 perficere.
701 1948 800 1991 Dat.
831 1951 879 1991 ut
912 1961 1066 2002 supra.
1112 1949 1159 1991 F.
1193 1948 1250 1991 de
1285 1948 1684 2002 Montepoliciano.

389 2019 630 2062 Johannes
670 2022 753 2062 etc.
796 2020 977 2063 dilectis
1018 2020 1133 2062 filiis
1175 2020 1313 2062 Petro
1353 2020 1473 2062 tituli
1516 2020 1661 2062 sancti
1705 2018 1951 2072 Grisogoni
1992 2031 2043 2061 ac

269 2089 528 2133 Guillermo
565 2090 685 2133 tituli
724 2091 868 2133 sancti
910 2091 1048 2133 Marci
1086 2091 1375 2144 presbyteris
1411 2094 1458 2133 et
1495 2091 1741 2133 Francisco
1778 2092 2041 2132 sanctorum

272 2160 437 2204 Cosme
472 2164 517 2203 et
551 2160 765 2203 Damiani
801 2161 994 2204 diacono
1028 2175 1062 2204 s.
1098 2162 1147 2204 R.
1184 2175 1222 2204 e.
1259 2161 1576 2204 cardinalibus
1611 2161 1809 2204 salutem
1843 2163 1926 2202 etc.
1975 2151 2053 2202 De>

270 2235 530 2275 vestrarum
551 2232 1014 2285 circumspectionum
1037 2232 1265 2275 industria
1285 2233 1332 2274 in
1352 2232 1566 2275 maximis
1586 2232 1759 2275 nostris
1780 2234 1824 2274 et
1844 2230 2042 2273 ecclesie

268 2303 473 2345 Romane
495 2303 701 2356 negociis
723 2303 901 2345 diucius
923 2304 1220 2356 comprobata
1244 2306 1483 2346 sumentes
1503 2303 1548 2344 in
1571 2302 1798 2345 altissimo
1818 2301 2039 2344 fiduciam

267 2373 534 2427 specialem,
562 2374 685 2427 quod
711 2386 780 2427 ea,
807 2387 895 2427 que
925 2374 1077 2415 eidem
1105 2377 1258 2416 vestre
1287 2373 1686 2427 circumspectioni
1712 2372 2038 2416 committenda

269 2444 555 2498 duxerimus,
580 2444 878 2497 exequemini
904 2445 1112 2486 claritate
1140 2444 1337 2487 sciencie
1364 2448 1409 2487 et
1433 2444 1677 2486 altitudine
1701 2443 1882 2486 consilii
1907 2456 2040 2497 opor-

268 2519 393 2568 tune,
428 2529 508 2558 vos
545 2519 588 2558 et
624 2516 879 2569 quemlibet
914 2518 1118 2557 vestrum
1155 2516 1201 2556 in
1237 2515 1435 2557 solidum
1469 2518 1628 2557 nostro
1662 2515 1851 2557 nomine
1885 2526 2038 2557 coram

266 2586 618 2629 venerabilibus
650 2585 876 2628 fratribus
909 2589 954 2628 et
987 2586 1167 2628 dilectis
1202 2585 1315 2628 filiis
1348 2586 1542 2639 prelatis
1575 2585 1633 2628 ad
1665 2585 1888 2639 generale
1923 2584 2038 2628 Con-

267 2657 529 2700 stanciense
566 2657 811 2699 concilium
849 2656 1138 2710 congregatis
1176 2659 1252 2699 aut
1287 2656 1617 2699 commissariis
1654 2655 1910 2699 eorundem
1945 2658 2037 2698 tam

266 2729 498 2781 deputatis
526 2741 662 2781 quam
692 2728 986 2781 deputandis,
1015 2728 1178 2780 quovis
1207 2727 1392 2769 nomine
1423 2740 1505 2769 seu
1533 2727 1668 2769 titulo
1694 2728 2036 2780 nuncupentur,

266 2800 322 2841 ad
347 2799 709 2853 comparendum
734 2811 887 2841 coram
912 2798 1031 2841 dicto
1052 2798 1247 2840 concilio
1271 2801 1314 2840 et
1339 2798 1396 2840 ad
1421 2798 1720 2840 offerendum
1740 2810 1830 2858 'nos
1852 2809 2035 2851 promp-

264 2870 467 2913 tissimos
496 2873 632 2923 atque
662 2870 912 2923 dispositos
940 2869 1084 2911 verbo
1111 2872 1154 2911 et
1183 2881 1324 2921 opere
1354 2870 1509 2911 omnia
1536 2872 1581 2911 et
1609 2868 1804 2922 singula,
1832 2880 1922 2921 que
1949 2880 2034 2921 pro

266 2942 584 2994 extirpacione
614 2941 848 2994 presentis
878 2940 1105 2983 scismatis
1135 2940 1181 2981 in
1212 2940 1296 2981 Dei
1326 2939 1523 2982 ecclesia
1554 2940 1599 2980 in
1629 2938 1814 2992 prefato
1842 2938 2036 2981 concilio

265 3024 349 3064 per
372 3012 583 3055 cedulam
606 3016 810 3055 nostram
834 3015 878 3054 et
900 3023 985 3065 per
1007 3023 1092 3054 nos
1116 3011 1280 3052 lectam
1304 3010 1640 3063 promissimus,
1663 3010 1873 3052 vovimus
1896 3012 2032 3062 atque
