2227 3434
569 194 606 228 B.
654 193 732 229 Der
763 193 863 228 liber
895 196 1088 238 gestorum
1123 194 1192 229 des
1224 192 1466 228 Cerretanus.
1798 196 1883 238 295

119 310 360 353 veritatem
400 310 724 354 subtractionis
763 315 808 354 et
846 315 1110 364 requestam
1150 311 1456 354 Januensium
1496 311 1779 355 adhesionis.
1832 313 1885 354 Et

119 381 322 424 exaratis
357 384 402 423 et
434 381 718 434 propulsatis
752 382 900 425 tribus
936 382 1086 424 ianuis
1119 385 1235 424 teste
1272 382 1368 423 Deo
1401 395 1485 435 per
1518 382 1750 435 quendam
1784 382 1885 425 doc—

119 455 264 494 torem
298 452 355 493 de
389 455 495 494 voto
525 452 674 505 ipsius
707 452 836 494 ducis
870 453 958 495 fuit
990 465 1267 505 responsum
1301 465 1402 494 cum
1436 466 1602 506 magno
1635 453 1808 496 affectu
1842 457 1887 495 et

120 522 274 565 vultus
300 522 547 574 hylaritate
577 535 677 564 curn
705 523 906 565 themate
934 523 1160 576 gracioso:
1204 523 1300 575 ,Hic
1328 527 1399 566 est
1426 536 1509 565 rex
1537 523 1774 577 pacificus‘
1803 527 1885 566 etc.

121 597 302 646 sumpto
328 605 386 634 ex
415 593 611 646 legibus.
652 593 742 635 Per
768 594 891 646 quod
919 594 1016 647 regi
1045 594 1276 647 Aragonie
1305 595 1571 647 procuranti
1600 606 1761 648 pacem
1789 595 1887 636 uni-

119 676 256 706 verse
283 667 409 706 terre
438 664 669 717 triplicem
697 664 893 717 perinde
922 665 1108 707 ianuam
1139 666 1323 718 aperuit
1349 666 1668 718 propulsatam
1698 678 1889 718 respon-

120 734 237 778 dens
272 735 318 776 in
355 734 569 778 omnibus
603 734 886 777 affirmative
922 736 1123 788 primum
1159 735 1443 788 extollendo,
1480 736 1733 778 secundum
1768 736 1889 778 refe-

122 805 268 847 rendo
290 809 334 848 et
356 805 549 847 tercium
572 805 885 859 promittendo
907 819 957 848 se
979 806 1086 849 totis
1107 806 1285 848 viribus
1309 806 1580 849 adhesuros.
1614 806 1705 848 Nec
1726 819 1888 849 norma

122 875 256 918 fuere
288 876 424 919 nobis
458 877 656 929 quedam
690 889 775 930 per
810 877 935 930 ipsos
971 877 1163 930 detecta,
1199 877 1399 929 qualiter
1434 878 1568 920 litere
1603 877 1794 920 fuerunt
1826 877 1889 919 ibi

122 949 309 999 reperte
336 947 480 990 variis
506 950 551 989 et
579 946 746 1000 ignotis
773 947 1120 990 characteribus
1148 947 1363 1000 figurate,
1393 960 1482 1000 que
1510 949 1684 990 sensim
1711 948 1888 1002 digeste

121 1017 418 1060 continebant
446 1017 684 1061 cuiusdam
712 1018 1019 1071 predicatoris
1049 1018 1293 1060 existentis
1323 1031 1424 1060 cum
1452 1018 1702 1061 Benedicto
1730 1022 1892 1061 tracta-

121 1091 217 1131 tum
238 1088 401 1131 initum
424 1102 525 1131 cum
548 1089 720 1132 Jacobo
743 1102 852 1142 rege
877 1089 1060 1142 Apulie,
1082 1089 1206 1142 quod
1228 1088 1505 1132 Benedictus
1529 1090 1587 1132 ad
1608 1103 1713 1132 eum
1734 1090 1892 1132 confu-

122 1163 266 1213 geret,
291 1160 329 1203 si
353 1159 543 1202 Romam
567 1161 656 1202 sibi
679 1160 887 1203 traderet
910 1164 956 1203 et
975 1160 1077 1213 ipse
1103 1161 1159 1202 de
1183 1161 1398 1202 omnibus
1424 1160 1580 1214 regnis
1603 1161 1691 1202 sibi
1716 1160 1893 1203 faceret

123 1231 311 1284 plenam
334 1231 669 1273 investituram.
704 1232 760 1273 Et
778 1232 901 1274 ultra
923 1232 1228 1284 requirebant
1250 1231 1418 1273 dictum
1440 1244 1612 1285 regem,
1633 1244 1692 1273 ne
1715 1232 1893 1285 legatos

125 1300 325 1344 mitteret
349 1301 406 1344 ad
430 1301 753 1344 Constanciam
778 1305 821 1344 et
845 1302 882 1344 si
906 1302 1270 1355 misisset,·quod
1292 1302 1485 1344 nuncios
1508 1305 1761 1355 revocaret,
1785 1303 1892 1356 quia

125 1372 278 1415 omnia
301 1374 593 1416 concluserat
617 1386 717 1415 cum
742 1372 1005 1415 Benedicto.
1044 1373 1111 1415 De
1135 1373 1220 1415 hoc
1245 1373 1599 1416 informavimus
1622 1373 1825 1426 plurime
1851 1372 1892 1414 d.

124 1446 333 1486 nostrum
368 1456 539 1498 regem,
574 1447 623 1486 ut
656 1443 939 1498 provideret,
974 1457 1032 1486 ne
1069 1444 1226 1497 fugam
1262 1444 1507 1497 arriperet.
1554 1444 1665 1485 Nam
1701 1445 1892 1486 multum

126 1513 422 1568 dispendium
450 1514 655 1568 negociis
683 1518 969 1568 procuraret.
1009 1514 1077 1557 Ob
1106 1515 1190 1557 hoc
1219 1514 1375 1557 videat
1403 1514 1608 1556 divinum
1637 1514 1894 1566 concilium,

126 1585 237 1638 quid
265 1585 508 1639 agendum.
539 1586 734 1628 Demum
762 1586 836 1628 die
865 1585 980 1628 iovis
1009 1590 1166 1628 sancta
1194 1586 1495 1638 pervenimus
1523 1586 1691 1628 Lucam
1720 1586 1892 1639 recepti

126 1668 211 1710 per
235 1657 389 1699 omnia
413 1660 624 1700 accurate
649 1670 674 1699 a
697 1656 1026 1699 venustissimo
1050 1657 1236 1699 domino
1260 1660 1306 1699 et
1327 1656 1586 1710 gaudenter
1609 1659 1654 1698 et
1678 1659 1895 1709 perorato

127 1740 212 1781 per
248 1728 403 1770 thema
440 1741 593 1771 coram
630 1741 703 1770 eo:
755 1727 927 1771 Luceat
963 1728 1043 1769 lux
1080 1731 1235 1770 vestra
1272 1740 1424 1770 coram
1462 1730 1543 1769 etc.
1585 1727 1764 1781 (Matth.
1802 1727 1894 1781 V.).

126 1798 266 1850 Quasi
299 1798 583 1842 illacrimans
617 1812 718 1841 cum
753 1799 895 1841 multa
930 1799 1178 1841 verborum
1213 1798 1382 1841 facetia
1417 1798 1674 1851 respondit:
1724 1798 1778 1840 Et
1812 1811 1896 1852 ego

127 1869 362 1912 vobiscum
392 1883 507 1922 sum,
534 1870 613 1912 ubi
645 1873 848 1913 sanctam
879 1869 1283 1923 congregationem
1311 1873 1356 1911 et
1386 1869 1427 1911 d.
1459 1882 1615 1922 regern
1645 1869 1824 1921 extulit,
1853 1871 1898 1925 et

129 1953 229 1983 curn
256 1940 357 1994 ipso
383 1953 661 1983 concurrere
691 1942 736 1982 in
764 1941 848 1983 hac
877 1941 1071 1983 materia
1098 1940 1311 1994 promisit
1336 1940 1485 1982 factus
1512 1940 1640 1982 vultu
1669 1943 1715 1981 et
1742 1938 1897 1982 verbis

130 2011 249 2054 letus
280 2011 337 2054 de
370 2012 698 2065 subtractione,
731 2025 831 2053 cum
863 2025 888 2054 a
918 2011 1100 2054 nunciis
1130 2011 1368 2053 Benedicti
1401 2010 1568 2052 fuisset
1598 2010 1655 2052 de
1686 2011 1898 2064 opposito

132 2082 420 2126 informatus.
458 2082 542 2125 Die
564 2096 676 2125 vero
700 2086 855 2126 sancta
879 2082 1058 2125 sabbati
1084 2081 1356 2125 intravimus
1380 2082 1662 2123 Florentiam
1686 2084 1731 2123 et
1754 2082 1800 2123 in
1824 2080 1898 2122 die

131 2166 269 2206 pasce
307 2166 393 2207 per
430 2154 470 2198 d.
510 2153 764 2207 Opiperitis
804 2154 1030 2195 convivati
1072 2154 1116 2195 in
1156 2152 1406 2195 crastinum
1445 2165 1529 2194 nos
1568 2152 1818 2194 audierunt
1856 2155 1901 2193 et

131 2224 285 2268 thema
313 2224 418 2267 fuit:
462 2225 746 2267 Florentiam
778 2225 823 2266 in
853 2228 1009 2267 sancta
1041 2227 1302 2267 sanctorum
1336 2223 1401 2277 (2⁰
1430 2236 1503 2276 pa.
1534 2236 1606 2265 no.
1637 2235 1757 2264 vers.
1787 2222 1897 2276 40)¹)

134 2294 353 2339 Deductis
386 2295 449 2338 ibi
483 2295 684 2339 floribus
719 2295 860 2337 variis
894 2299 938 2338 et
972 2295 1172 2348 qualiter
1205 2294 1291 2348 ipsi
1328 2295 1448 2336 inter
1480 2297 1665 2335 cunctos
1700 2293 1902 2335 debeant

135 2365 307 2409 intrare
335 2370 491 2409 sancta
518 2369 794 2419 sanctorum,
824 2366 869 2408 id
895 2369 965 2409 est
992 2369 1198 2408 sanctum
1225 2365 1469 2407 concilium
1497 2364 1771 2407 Constancie
1800 2376 1902 2406 con-

133 2439 386 2490 gregatum,
414 2437 535 2490 quod
562 2437 755 2491 probavi
785 2437 941 2479 multis
971 2436 1136 2479 mediis
1163 2436 1265 2478 fore
1294 2439 1450 2478 sancta
1479 2438 1754 2477 sanctorum.
1796 2434 1902 2476 Post

136 2507 209 2550 die
237 2509 396 2551 martis
425 2508 511 2551 fuit
534 2508 668 2551 nobis
695 2521 970 2561 responsum
998 2521 1083 2561 per
1109 2507 1280 2549 thema:
1323 2507 1462 2558 Deus
1489 2506 1668 2559 gracias
1695 2518 1780 2558 ago
1805 2504 1901 2555 tibi,

138 2577 318 2633 Marci²)
347 2582 430 2622 etc.
457 2582 503 2621 et
531 2579 568 2622 si
594 2578 841 2631 precordia
868 2578 1185 2632 respondeant
1211 2577 1382 2630 verbis,
1411 2577 1475 2619 nil
1504 2577 1795 2630 denegarunt
1822 2574 1903 2617 sed

139 2648 403 2692 fervencius
442 2650 743 2692 adhesionem
782 2662 864 2703 pre
903 2649 1008 2692 aliis
1046 2649 1373 2702 promiserunt.
1426 2648 1663 2689 Dominica
1702 2646 1745 2687 in
1786 2644 1904 2688 albis

139 2720 391 2763 Bononiam
419 2720 646 2764 adeuntes
673 2720 761 2763 fuit
787 2720 1073 2774 propositum
1102 2732 1187 2773 per
1214 2719 1386 2761 thema:
1418 2718 1569 2761 Credo
1596 2717 1755 2758 videre
1784 2717 1904 2757 bona

140 2790 312 2833 domini
340 2791 501 2846 (Ps.)³)
528 2791 605 2834 ubi
630 2792 686 2833 de
712 2791 916 2845 ipsorum
941 2791 1146 2833 bonitate
1168 2793 1214 2832 et
1237 2789 1383 2832 nostri
1408 2790 1531 2842 regis
1554 2791 1598 2830 et
1623 2789 1781 2829 sancte
1802 2799 1905 2828 con-

139 2860 420 2914 gregationis
447 2862 589 2904 multa
618 2862 804 2904 deduxi.
847 2862 900 2904 Et
927 2865 1051 2904 certe
1081 2860 1153 2903 isti
1181 2873 1281 2902 cum
1312 2860 1513 2902 lacrimis
1543 2857 1902 2911 responderunt:

144 2931 242 2974 Fiat
264 2933 477 2975 voluntas
499 2936 576 2976 tua
599 2936 697 2985 etc.,
720 2934 845 2986 etc.⁴)
873 2932 1080 2974 dicentes
1104 2944 1153 2974 se
1177 2944 1267 2973 non
1294 2930 1528 2973 audivisse
1553 2931 1724 2971 tantam
1748 2939 1906 2969 conso-

144 3001 382 3055 lacioncm‚
411 3015 469 3045 ex
499 3016 589 3056 quo
619 3004 855 3056 inceperat
883 3003 1079 3044 ecclesie
1109 3002 1267 3043 fedum
1299 3001 1478 3051 scisma,
1507 2998 1828 3052 promittentes
1858 3009 1906 3038 se

260 3095 290 3137 ¹)
315 3095 362 3130 So
383 3096 420 3138 B,
441 3096 479 3130 C.
513 3096 566 3131 Ob
588 3096 626 3130 ΙΙ
645 3096 728 3130 Par.
750 3096 814 3138 IV,
832 3095 903 3131 21?
979 3096 1011 3137 ²)
1036 3097 1093 3130 Lc.
1116 3095 1168 3136 18,
1192 3096 1244 3129 11.
1320 3095 1351 3135 ³)
1373 3093 1431 3127 Ps.
1452 3092 1508 3134 26,
1527 3092 1582 3127 30.
1658 3091 1689 3134 ⁴)
1714 3090 1778 3124 Mt.
1798 3091 1830 3130 6,
1851 3090 1903 3124 10.
