2227 3434
543 194 587 229 A.
628 194 825 229 Fillastres
854 194 969 228 Gesta
996 194 1147 228 concilii
1174 193 1488 228 Constantiensis.
1817 197 1898 239 107

134 311 336 353 firmiter
360 311 568 363 credere,
593 311 716 364 quod
741 312 880 364 legati
908 311 1110 353 Castelle
1136 324 1222 364 per
1246 311 1376 353 illum
1404 312 1603 364 modum,
1630 313 1669 353 si
1694 313 1899 365 placeret

133 382 341 434 concilio,
374 394 424 425 se
455 382 656 423 unirent,
703 381 842 423 Cuius
875 382 1039 424 cedule
1070 385 1203 423 tenor
1233 382 1338 424 talis
1370 385 1456 423 est:

251 452 320 493 Ex
346 455 478 505 parte
506 461 737 493 revmorum
767 452 808 493 d.
836 451 1157 504 cardinalium,
1185 452 1568 505 patriarcharum,
1597 453 1902 505 archiepisco—

133 535 312 576 porum,
347 523 672 576 episcoporum
707 526 751 565 et
786 523 983 564 aliorum
1018 523 1309 564 dominorum
1344 523 1428 565 hoc
1464 536 1644 565 sacrum
1679 524 1901 576 generale

134 592 495 636 Constanciense
527 593 769 635 concilium
802 594 1078 636 faciencium
1109 594 1401 646 significatur
1431 594 1472 635 d.
1506 594 1901 636 ambaxiatoribus

134 664 438 706 illustrissimi
468 664 508 708 d.
539 664 663 717 regis
692 664 894 706 Castelle
925 668 1022 716 etc.,
1051 665 1173 717 quod
1204 665 1292 717 ipsi
1322 664 1509 717 domini,
1538 665 1771 717 prefatum
1799 678 1901 707 con-

133 734 288 776 cilium
319 734 559 787 facientes,
590 738 696 776 sunt
727 735 979 777 concordes
1011 735 1067 776 de
1100 735 1316 777 faciendo
1347 748 1429 777 suo
1460 739 1683 789 tempore,
1716 739 1900 777 auctore

132 804 331 858 domino,
363 817 502 847 unam
534 805 701 847 bonam
734 809 778 847 et
810 806 1078 847 canonicam
1108 806 1391 847 eleccionem
1424 806 1546 847 unici
1579 809 1623 847 et
1654 806 1899 847 indubitati

134 875 326 918 Romani
361 875 597 929 pontificis
632 875 774 917 futuri
814 888 956 929 super
990 877 1168 929 hocque
1207 890 1289 918 suo
1323 879 1532 929 tempore
1569 889 1759 930 operam
1796 876 1902 918 effi-

135 958 288 988 cacem
317 946 534 999 prebere.

249 1016 346 1068 Qua
369 1017 535 1059 cedula
562 1018 683 1059 inter
709 1017 972 1059 cardinales
1000 1018 1130 1069 lecta,
1158 1018 1264 1059 licet
1291 1018 1639 1070 suspicarentur
1667 1019 1713 1059 in
1740 1030 1795 1059 ea
1822 1018 1903 1060 ali-

134 1100 224 1141 qua
260 1088 436 1129 occulta
473 1088 620 1129 latere
657 1088 703 1129 in
742 1088 974 1130 mentibus
1012 1088 1212 1140 illorum,
1251 1089 1327 1141 qui
1367 1089 1495 1130 illam
1531 1092 1901 1142 composuerant,

133 1161 287 1200 tamen
333 1161 524 1211 propter
570 1159 762 1200 verbum
809 1160 1078 1200 canonicam
1123 1159 1405 1200 eleccionem
1451 1162 1788 1201 consenserunt
1834 1159 1902 1200 illi

133 1228 310 1281 cedule,
335 1229 421 1271 sub
445 1229 714 1271 condicione
739 1232 909 1281 tamen,
934 1231 971 1272 si
996 1242 1082 1282 per
1106 1230 1233 1271 illam
1260 1231 1396 1282 legati
1425 1230 1627 1272 Castelle
1650 1230 1826 1271 vellent
1850 1242 1900 1271 se

133 1299 268 1342 unire
294 1303 340 1341 et
366 1312 527 1342 omnes
555 1300 776 1342 naciones
803 1300 848 1341 in
877 1300 957 1342 illa
985 1300 1150 1342 cedula
1176 1300 1505 1342 consentirent.
1547 1301 1600 1342 Et
1627 1301 1687 1342 ita
1716 1300 1903 1342 manda-

135 1373 300 1412 verunt
329 1371 443 1423 regi,
474 1371 550 1423 qui
583 1370 710 1412 illam
741 1371 953 1413 cedulam
984 1371 1107 1422 fecit,
1138 1371 1401 1423 presentari
1432 1371 1705 1413 nacionibus
1736 1371 1903 1422 Ytalie,

135 1440 399 1493 Germanie,
431 1441 670 1494 Hispanie,
703 1441 878 1484 scilicet
906 1441 1289 1494 Aragonensibus
1319 1445 1364 1484 et
1394 1442 1615 1494 Nauarre,
1646 1445 1691 1483 et
1722 1441 1902 1495 Anglie.

136 1511 190 1553 Et
215 1511 387 1565 placuit
414 1512 510 1554 illis
537 1512 811 1554 nacionibus
839 1512 1018 1554 cedula.
1058 1513 1196 1554 Nacio
1225 1516 1377 1554 autem
1404 1512 1646 1555 Gallicana
1674 1512 1904 1554 delibera-

136 1581 214 1624 bat
243 1581 323 1624 diu
355 1585 400 1624 et
431 1595 524 1624 non
555 1583 770 1636 placebat
802 1583 1031 1636 pluribus,
1065 1584 1172 1636 quia
1206 1583 1421 1625 dicebant
1454 1583 1610 1636 aliqua
1642 1583 1804 1625 latere.
1850 1582 1904 1624 Et

136 1665 236 1695 cum
276 1653 609 1706 deliberarent,
650 1658 1025 1707 supervenerunt
1066 1654 1209 1706 aliqui
1250 1655 1389 1707 legati
1432 1654 1635 1696 Castelle
1677 1653 1901 1696 dicentes:

135 1735 195 1765 ex
225 1727 358 1777 parte
391 1724 589 1766 aliorum
623 1737 811 1766 suorum
845 1725 1128 1777 collegarum
1163 1737 1213 1766 se
1249 1725 1484 1767 audivisse
1519 1725 1575 1766 de
1610 1725 1691 1766 illa
1725 1724 1903 1775 cedula,

137 1797 181 1836 et
203 1794 326 1848 quod
349 1794 567 1837 dixerant
592 1796 735 1848 aliqui
761 1795 888 1837 illam
914 1796 971 1837 ab
996 1795 1064 1838 eis
1088 1795 1374 1848 processisse
1400 1799 1445 1836 et
1468 1807 1553 1848 per
1578 1796 1705 1837 illam
1732 1807 1781 1837 se
1805 1795 1904 1836 uni-

135 1867 276 1919 turos,
307 1865 430 1918 quod
460 1878 553 1907 non
584 1870 685 1907 erat
717 1878 892 1918 verum,
923 1879 1008 1908 nec
1040 1879 1257 1919 umquam
1290 1866 1347 1908 ab
1379 1866 1447 1907 eis
1480 1869 1787 1919 processerat,
1818 1878 1903 1907 nec

136 1947 220 1988 per
247 1948 350 1978 eam
381 1949 431 1978 se
462 1936 663 1987 unirent,
693 1949 798 1989 ymo
828 1937 1059 1978 dederunt
1087 1949 1226 1978 unam
1258 1937 1411 1989 aliam,
1442 1949 1527 1989 per
1557 1949 1694 1989 quam
1726 1949 1776 1978 se
1806 1936 1904 1977 uni—

136 2009 263 2050 turos
282 2006 512 2059 dicebant,
535 2007 572 2049 si
594 2008 801 2060 placeret
823 2007 1030 2049 concilio.
1066 2007 1206 2049 Cuius
1229 2007 1432 2049 secunde
1455 2007 1619 2048 cedule
1642 2011 1775 2049 tenor
1797 2007 1903 2049 talis

135 2079 222 2118 est:
263 2076 488 2128 Quoniam
515 2090 600 2130 per
627 2078 877 2119 nonnullos
906 2077 1118 2120 dominos
1145 2078 1294 2119 extitit
1322 2078 1410 2120 iam
1441 2078 1600 2130 sepius
1628 2078 1685 2119 ab
1714 2077 1904 2119 oratori-

136 2147 222 2190 bus
251 2148 540 2191 serenissimi
571 2148 797 2201 principis
828 2152 873 2191 et
902 2149 1075 2190 domini
1108 2149 1231 2202 regis
1263 2148 1466 2190 Castelle
1496 2152 1541 2190 et
1572 2148 1788 2201 Legionis
1819 2151 1901 2189 etc.

136 2217 194 2260 de
225 2221 270 2261 et
301 2231 443 2272 super
473 2219 547 2261 via
581 2220 850 2272 congruenti
885 2219 943 2261 ad
976 2219 1258 2261 eleccionem
1291 2219 1435 2261 futuri
1469 2219 1634 2260 summi
1667 2218 1903 2272 pontificis

137 2300 236 2330 cum
261 2289 487 2332 instancia
513 2289 803 2342 sciscitatum,
829 2290 1012 2332 videtur
1036 2290 1194 2342 utique
1223 2290 1336 2343 ipsis
1363 2289 1638 2341 oratoribus,
1665 2289 1787 2342 quod
1812 2301 1903 2331 om-

137 2359 287 2413 nibus,
313 2373 403 2414 que
429 2361 549 2403 circa
577 2360 624 2402 id
649 2362 891 2414 negocium
917 2364 1047 2414 gesta
1074 2364 1179 2402 sunt
1205 2364 1250 2402 et
1275 2361 1481 2414 gerenda
1510 2363 1775 2413 supersunt,
1801 2372 1901 2401 cum

136 2441 295 2472 eorum
323 2430 684 2473 circumstanciis
712 2434 883 2473 attente
911 2431 1233 2481 consideratis,
1261 2431 1563 2484 presentique
1593 2430 1901 2483 disposicione

137 2503 181 2542 et
209 2504 329 2543 statu
358 2502 555 2544 ecclesie
587 2502 868 2544 universalis
899 2503 1164 2544 accuracius
1192 2505 1238 2543 et
1267 2515 1367 2543 cum
1400 2502 1523 2543 omni
1555 2502 1722 2543 mentis
1751 2504 1796 2542 et
1827 2500 1903 2542 de-

138 2571 339 2614 vocionis
376 2572 640 2615 sinceritate
679 2573 901 2626 pensatis,
937 2573 1010 2615 via
1046 2573 1191 2615 tucior
1228 2576 1271 2614 et
1307 2572 1641 2625 expediencior
1678 2575 1721 2613 et
1758 2570 1901 2623 magis

138 2642 379 2685 accomoda
401 2643 459 2685 ad
481 2655 638 2685 veram
662 2646 706 2685 et
730 2643 1033 2685 indubitatam
1058 2644 1278 2685 unionem
1301 2642 1676 2695 consequendam
1701 2654 1902 2683 omnem-

138 2723 226 2764 que
262 2714 529 2766 scrupulum
565 2717 611 2755 et
646 2713 992 2767 ambiguitatem
1027 2726 1221 2767 prorsus
1258 2713 1489 2766 utrimque
1526 2712 1783 2754 tollendum
1819 2714 1901 2762 est,

138 2782 258 2834 quod
284 2783 456 2826 eleccio
482 2784 626 2826 futuri
655 2784 819 2826 summi
847 2784 1082 2837 pontificis
1109 2797 1194 2837 pro
1221 2785 1304 2826 hac
1332 2784 1430 2825 vice
1457 2784 1721 2825 celebretur
1747 2786 1791 2823 et
1818 2782 1902 2823 fiat

139 2850 284 2895 libere
311 2857 357 2896 et
383 2854 672 2897 concorditer
701 2867 784 2907 per
812 2855 1058 2907 collegium
1087 2854 1393 2896 cardinalium
1423 2857 1467 2896 et
1495 2853 1737 2895 concilium
1765 2864 1902 2904 gene-

139 2923 236 2965 rale
261 2924 521 2977 promiscue
547 2926 645 2967 sive
671 2925 862 2967 mixtum
886 2929 932 2968 et
955 2925 1013 2967 de
1037 2925 1122 2967 hoc
1147 2928 1308 2978 petunt
1334 2925 1393 2966 ad
1416 2936 1614 2977 presens
1637 2924 1756 2965 circa
1782 2923 1901 2963 hunc

139 2992 378 3036 articulum
413 2995 662 3037 eleccionis
697 2996 991 3038 sufficienter
1025 2995 1288 3037 certificari.
1338 2996 1404 3037 De
1441 3007 1635 3035 numero
1670 2996 1822 3035 autem
1857 2995 1902 3032 et

139 3064 442 3117 proporcione
470 3067 722 3108 electorum
754 3079 837 3108 seu
867 3067 1146 3119 eligencium
1177 3065 1440 3107 huiusmodi
1472 3068 1516 3106 et
1547 3063 1900 3117 specificacione
