2227 3434
562 202 600 236 B.
637 202 713 237 Der
735 202 834 237 liber
853 204 1046 246 gestorum
1070 203 1138 237 des
1161 201 1402 237 Cerretanus.
1782 203 1862 244 271

99 321 343 364 lectionem
378 320 579 363 celerius
613 320 931 363 informabunt
965 324 1049 362 etc.
1097 320 1197 362 Dat.
1232 320 1448 362 Narbone
1484 320 1570 361 sub
1605 323 1764 361 nostro
1799 332 1868 360 se-

98 395 224 435 creto
253 391 674 445 Luczenburgensi,
706 391 934 433 dominica
963 395 1066 445 post
1097 391 1291 444 Lucie.¹)

216 463 433 517 Sequitur
467 475 560 504 una
594 462 803 504 clausula
838 465 1052 504 contenta
1086 462 1132 503 in
1168 463 1321 503 littera
1357 461 1527 514 scripta
1561 473 1646 514 per
1681 461 1867 502 Petrum

99 534 157 576 de
185 534 363 577 Trilhia
390 534 591 576 <Iohanni
623 533 907 585 Cordurerii,
939 533 1150 586 scriptori
1180 533 1439 574 litterarum
1466 535 1512 574 et
1540 532 1868 578 abbreviatori,

100 604 187 659 ina)
219 617 309 658 qua
336 604 425 647 sibi
452 603 684 658 significat
710 604 912 657 capitula
939 604 1125 646 unionis
1153 604 1274 645 inter
1301 603 1342 645 d.
1372 615 1529 656 regem
1558 602 1869 644 Romanorum

102 679 147 718 et
172 678 382 718 oratores
408 675 590 718 concilii
617 675 674 717 de
700 687 793 717 una
819 678 864 716 et
891 675 1008 717 alios
1035 675 1092 716 de
1120 674 1393 716 obediencia
1421 674 1545 716 Petri
1573 673 1630 716 de
1657 673 1786 715 Luna
1812 685 1872 714 ex

102 747 194 789 alia
225 746 437 800 partibus
469 745 617 789 fuisse
649 746 834 788 firmata
867 749 912 787 et
943 745 1172 787 conclusa.

220 818 306 860 Die
344 818 533 859 veneris
573 817 749 859 decima
788 817 931 859 tercia
969 816 1107 858 huius
1147 816 1267 858 inter
1307 815 1557 857 secundam
1597 819 1642 858 et
1680 816 1870 857 terciam

101 888 240 932 horas
264 892 370 942 post
393 888 652 941 meridiem,
679 891 785 930 ante
813 890 967 930 tamen
993 887 1241 940 prandium
1270 888 1316 928 in
1343 887 1543 940 capitulo
1570 899 1690 928 novo
1715 889 1871 928 sancte

100 959 418 1002 Narbonensis
443 959 640 1001 ecclesie
667 962 711 1001 et
736 958 906 1000 deinde
934 959 979 999 in
1005 970 1189 1000 camera
1215 970 1380 1011 magne
1405 958 1547 1000 turris
1572 958 1739 1010 palacii
1764 957 1870 998 novi

102 1030 514 1084 archiepiscopalis
539 1030 871 1082 Narbonensis,
900 1030 946 1071 in
972 1042 1062 1082 qua
1089 1030 1206 1071 iacet
1232 1029 1273 1070 d.
1302 1029 1568 1081 imperator,
1595 1028 1723 1070 cuius
1751 1028 1873 1069 simi-

104 1101 161 1144 lis
183 1101 230 1142 in
251 1101 511 1153 Alamania,
534 1101 688 1154 credo,
710 1113 803 1142 non
828 1101 1026 1142 habetur
1048 1101 1204 1152 turris,
1228 1100 1385 1141 clausa
1409 1100 1595 1141 firmata
1618 1102 1663 1141 et
1686 1099 1873 1152 penitus

102 1172 318 1215 conclusa
345 1171 500 1225 gracia
530 1172 674 1214 sancti
704 1171 895 1224 spiritus
923 1174 1202 1224 cooperante
1232 1170 1422 1212 fuerunt
1451 1170 1651 1223 capitula
1681 1170 1801 1211 inter
1831 1169 1872 1210 d.

104 1244 447 1297 imperatorem,
471 1243 833 1285 ambassiatores
857 1243 953 1284 sive
978 1243 1154 1295 legatos
1178 1242 1297 1284 sacri
1320 1241 1498 1283 concilii
1524 1241 1581 1283 ab
1604 1253 1694 1283 una
1717 1244 1762 1282 et
1783 1253 1874 1282 am-

64 1323 71 1330 ’
105 1314 389 1357 bassiatores
429 1314 470 1356 d.
512 1326 673 1367 regum
713 1313 931 1365 Castelle‚
971 1314 1239 1366 Aragonum
1280 1315 1324 1355 et
1363 1313 1566 1354 Navarre
1607 1324 1658 1354 ac
1695 1312 1874 1353 comitis

106 1385 222 1427 Fuxi
246 1397 306 1428 ex
329 1385 478 1427 altera
500 1384 714 1438 partibus
737 1388 783 1426 et
805 1385 961 1426 taliter
985 1384 1140 1437 gracia
1167 1383 1250 1425 Dei
1275 1396 1367 1425 non
1393 1384 1493 1425 sine
1518 1382 1716 1425 infinitis
1741 1385 1786 1424 et
1810 1382 1876 1423 in-

102 1455 475 1499 numerabilibus
506 1455 746 1498 laboribus
777 1458 823 1498 et
854 1455 1243 1497 altercacionibus
1272 1458 1317 1496 et
1349 1454 1600 1507 dangerfis,
1632 1453 1799 1506 quibus
1832 1455 1876 1494 et

104 1526 326 1580 expensis
353 1539 526 1580 expers
552 1539 646 1569 non
673 1526 756 1579 fui,
782 1526 953 1568 factum
978 1529 1064 1578 est,
1091 1525 1214 1578 quod
1241 1525 1352 1567 velit
1380 1528 1457 1567 aut
1482 1524 1597 1566 nolit
1624 1524 1790 1566 Petrus
1818 1523 1875 1565 de

105 1597 252 1640 Luna:
286 1597 396 1640 unio
428 1600 473 1640 et
502 1610 595 1651 pax
626 1597 923 1640 habebuntur
955 1598 1001 1638 in
1034 1597 1232 1638 ecclesia
1265 1596 1350 1637 Dei
1382 1608 1468 1649 per
1499 1596 1601 1637 eius
1634 1595 1876 1636 renuncia-

105 1668 284 1711 cionem
311 1681 398 1722 per
426 1681 532 1710 eum
563 1671 640 1711 aut
669 1668 770 1711 eius
798 1671 1126 1721 procuratores
1155 1667 1418 1709 faciendam
1449 1667 1495 1708 in
1527 1666 1802 1708 Constancia
1832 1668 1875 1706 et

104 1752 197 1782 non
227 1739 353 1793 alibi,
382 1740 422 1783 si
450 1739 580 1792 velit;
612 1739 651 1782 si
680 1752 791 1781 vero
820 1739 1036 1792 noluerit,
1066 1751 1152 1792 per
1181 1738 1282 1780 eius
1311 1738 1587 1779 eiectionem
1617 1737 1821 1779 totaliter
1851 1748 1876 1777 a

104 1813 278 1864 papatu
307 1813 384 1853 aut
413 1810 653 1852 eiectionis
684 1810 1054 1852 declaracionem
1084 1822 1170 1863 per
1200 1809 1445 1851 concilium
1474 1807 1730 1850 uniendum
1762 1807 1876 1849 Con-

106 1881 279 1923 stancie
313 1894 372 1923 ex
404 1884 564 1924 nostra
597 1884 643 1923 et
676 1894 759 1924 sua
793 1880 1091 1922 obediencias
1123 1879 1388 1922 faciendam
1423 1879 1533 1922 satis
1567 1879 1773 1921 breviter
1807 1890 1877 1919 re-

107 1955 266 2005 spectu
293 1952 403 1995 mali
429 1955 475 1994 et
501 1951 793 1994 difficultatis
820 1952 1118 2005 negociorum
1146 1954 1191 1993 et
1218 1950 1456 1992 firmitatis
1482 1946 1876 1999 obedienciarum‚

106 2034 222 2076 quas
245 2023 404 2076 habet;
433 2023 638 2066 secundo
665 2026 819 2066 autem
846 2023 904 2065 ad
929 2025 1135 2064 nostram
1163 2021 1484 2063 obedienciam
1511 2020 1760 2074 presertim
1787 2032 1877 2073 quo

108 2094 166 2136 ad
187 2107 269 2137 vos
293 2093 466 2136 ibidem
490 2094 747 2136 existentes
771 2093 1037 2146 aliqualiter
1060 2093 1180 2135 forte
1204 2095 1387 2145 tempus
1410 2091 1541 2134 vobis
1565 2091 1652 2133 erit
1675 2091 1875 2144 longum.

106 2164 321 2207 Attamen
350 2166 580 2207 communi
610 2165 814 2206 omnium
844 2165 1102 2218 legatorum
1131 2167 1177 2205 et
1207 2163 1498 2205 infinitorum
1528 2162 1724 2204 aliorum
1751 2164 1878 2203 nota-

108 2234 271 2278 bilium
307 2235 512 2278 virorum
549 2235 968 2278 ecclesiasticorum
1005 2238 1050 2277 et
1087 2234 1383 2286 secularium,
1420 2233 1498 2286 qui
1535 2233 1582 2274 in
1618 2233 1703 2275 hac
1739 2232 1878 2274 inter-

109 2309 337 2349 venerunt
373 2306 729 2359 deliberatione,
765 2306 913 2348 visum
949 2305 1037 2347 fuit
1073 2304 1299 2358 expedire
1335 2305 1401 2347 sic
1434 2305 1588 2357 potius
1622 2303 1794 2355 facere,
1831 2305 1879 2344 ut

109 2377 310 2420 scintilla
348 2389 442 2419 non
480 2374 762 2430 remaneatb)
806 2377 1049 2428 scismatis,
1087 2388 1225 2429 quam
1264 2379 1480 2417 truncare
1521 2375 1618 2417 sive
1658 2385 1877 2427 rumpere

109 2459 209 2490 cum
238 2450 365 2490 tanta
395 2451 440 2490 et
470 2448 550 2490 tali
581 2447 857 2490 obediencia
885 2450 932 2489 et
962 2447 1020 2489 ad
1049 2447 1187 2488 aliam
1220 2447 1267 2487 in
1298 2445 1573 2488 Constancia
1603 2444 1877 2487 electionem

110 2518 364 2571 procedere
392 2531 485 2561 non
513 2518 671 2560 habita
699 2517 1057 2560 renunciacione
1087 2529 1204 2571 pura
1231 2520 1277 2558 et
1306 2517 1456 2558 libera
1484 2516 1557 2557 vel
1586 2515 1732 2568 ipsius
1762 2515 1878 2556 eiec-

110 2587 233 2631 tione
262 2588 467 2642 legitima
496 2601 586 2642 quo
614 2589 672 2631 ad
701 2601 830 2631 suam
859 2588 1196 2640 obedienciam,
1226 2588 1334 2640 quia
1363 2599 1454 2640 quo
1483 2587 1540 2628 ad
1569 2599 1653 2629 nos
1681 2586 1770 2628 iam
1801 2585 1877 2627 diu

112 2658 280 2702 factum
312 2662 396 2703 est.
442 2659 590 2701 Aliter
622 2662 776 2702 autem
809 2658 1030 2711 scribere,
1065 2659 1110 2700 in
1145 2658 1299 2711 specie
1333 2657 1410 2699 XL
1444 2658 1663 2699 articulos
1696 2657 1877 2697 mittere

112 2741 202 2771 non
228 2730 392 2783 audeo,
419 2730 527 2783 quia
553 2730 594 2772 d.
623 2730 984 2772 ambassiatores
1011 2729 1192 2771 concilii
1222 2728 1427 2770 breviter
1454 2727 1774 2770 instrumentis
1802 2739 1879 2768 ex-

112 2800 280 2852 peditis
310 2800 544 2854 recedent,
574 2801 728 2843 omnia
757 2800 1008 2853 portabunt
1034 2803 1081 2841 et
1111 2799 1275 2840 dicent.
1318 2798 1409 2841 Sed
1439 2799 1520 2839 hoc
1551 2811 1635 2850 pro
1665 2796 1878 2839 omnibus

114 2870 277 2923 ingens
305 2871 524 2924 gaudium
554 2874 601 2913 et
630 2870 750 2913 festa
784 2870 1133 2923 inexplicabilia
1164 2873 1209 2912 et
1242 2870 1286 2910 in
1317 2869 1568 2911 crastinum
1601 2869 1788 2910 missam
1822 2867 1877 2908 de

114 2944 270 2984 sancto
307 2942 487 2995 spiritu,
525 2954 663 2994 quam
700 2941 815 2983 dixit
853 2941 895 2983 d.
933 2953 1064 2983 meus
1102 2940 1402 2991 Turonensis,
1441 2951 1541 2980 cum
1580 2937 1877 2991 processione

216 3060 246 3084 a)
270 3055 302 3083 in
324 3078 329 3083 .
350 3076 356 3082 .
379 3077 384 3082 .
404 3056 562 3083 conclusa
581 3056 661 3089 fehlt
685 3058 714 3083 ζ’.
776 3056 808 3087 ω
832 3056 857 3082 B
877 3055 957 3088 sohlt
979 3063 1051 3082 ιιιιιι,

232 3106 265 3147 ¹)
292 3107 345 3140 15.
372 3104 460 3140 Dez.
488 3105 588 3141 1415.
