2102 3444
219 137 277 180 94
746 137 771 171 I.
807 136 1018 172 Abschnitt.
1065 135 1466 182 Konzilstagebiicher.

222 255 533 297 Romanorum
558 267 704 308 prope
730 256 951 297 Basiliam
975 259 1021 298 et
1044 256 1301 308 captivatus
1325 255 1372 297 in
1395 258 1545 299 castro
1567 256 1625 298 de
1649 255 1842 310 Rinel,⁸)
1869 253 1991 308 quod

222 326 344 378 quod
380 329 507 368 tenet
542 326 642 379 ipse
680 339 762 368 rex
800 326 1111 368 Romanorum
1148 330 1193 368 et
1230 327 1398 380 littere,
1435 339 1551 380 quas
1587 327 1815 380 portabat,
1851 327 1991 368 allate

223 397 320 449 regi
342 396 388 438 in
412 396 702 449 Constancia,
726 397 848 450 quod
871 400 941 441 est
964 395 1226 451 rumpere¹')
1253 397 1433 439 salvum
1456 397 1730 440 conductum
1752 399 1798 438 et
1821 397 1992 439 securi-

224 470 375 519 tatem,
410 480 547 520 quam
582 467 708 509 dedit
743 467 958 510 omnibus
993 467 1039 509 in
1075 467 1322 521 veniendo,
1356 468 1520 511 stando
1554 471 1598 510 et
1634 467 1889 510 redeundo.
1937 467 1992 508 Et

221 538 513 590 postmodum
542 538 630 580 fuit
660 538 884 581 adductus
916 538 1239 581 Constanciam
1269 542 1313 580 et
1342 540 1521 592 positus
1552 539 1599 580 in
1629 537 1844 581 manibus
1874 538 1992 580 vice-

222 610 481 661 camerarii,
506 610 583 661 qui
608 609 797 651 favebat
822 609 920 662 regi
942 612 988 651 et
1011 609 1182 651 dictum
1206 623 1265 652 ex
1289 613 1421 663 parte
1446 610 1584 663 regis,
1609 609 1734 662 quod
1761 609 1855 651 IIII
1877 608 1993 651 iudi-

221 692 297 721 ces
329 679 510 721 concilii
545 679 803 721 iudicarent
837 680 894 722 de
928 680 1023 722 illo.
1068 680 1167 722 Rex
1200 683 1352 722 autem
1387 680 1698 722 Romanorum
1732 678 1992 721 convocatis

220 750 436 802 pluribus
470 750 526 792 de
558 749 832 793 nacionibus
865 750 990 793 venit
1023 751 1070 792 in
1104 751 1203 793 loco
1236 752 1444 793 nacionis
1479 750 1730 793 Germanic
1763 753 1809 792 et
1842 750 1993 793 attulit

221 821 445 873 quasdam
475 821 679 874 cedulas,
709 834 825 874 quas
854 821 1036 864 dicebat
1067 822 1198 863 illum
1227 825 1409 875 captum
1437 824 1641 875 portare,
1672 834 1761 875 que
1791 820 1992 863 contine-

225 891 331 933 bant
354 892 440 933 sub
463 891 620 934 verbis
643 892 855 935 obscuris
877 892 1149 935 inimicicias
1172 893 1296 946 regis
1318 894 1631 935 Romanorum
1654 895 1813 934 contra
1834 903 1993 945 regem

221 963 416 1004 Francie
449 966 494 1004 et
514 962 633 1005 'illas
666 963 856 1005 cedulas
888 963 1137 1006 intitulavit
1171 964 1271 1017 ipse
1306 976 1390 1005 rex
1423 964 1594 1016 scripta
1627 962 1915 1016 proditorum
1948 965 1993 1004 et

221 1034 510 1075 turbatorum
551 1033 735 1075 concilii
777 1036 821 1075 et
863 1034 1037 1076 ibidem
1078 1034 1187 1076 fecit
1228 1035 1397 1076 multas
1440 1035 1672 1088 querelas.
1732 1032 1992 1076 Mirandum

220 1108 375 1145 tamen
395 1104 544 1146 visum
566 1107 636 1146 est
656 1105 887 1157 pluribus,
908 1105 1031 1158 quod
1053 1105 1218 1158 legatis
1238 1105 1337 1158 regi
1357 1106 1553 1147 Francie
1575 1104 1622 1146 in
1641 1103 1836 1147 concilio
1854 1116 1993 1158 gene-

221 1175 308 1216 rali
343 1188 427 1217 suo
462 1175 561 1228 regi
597 1175 865 1228 significare
901 1188 995 1217 non
1030 1175 1270 1228 auderent,
1308 1188 1397 1229 que
1433 1178 1591 1218 contra
1627 1188 1733 1217 eum
1767 1178 1993 1228 parantur

221 1246 278 1288 ab
304 1246 516 1288 hostibus
542 1246 653 1288 suis.

338 1317 423 1358 Die
449 1317 610 1359 martis
634 1317 893 1370 penultima
919 1317 1092 1371 Marcii,
1118 1330 1208 1371 que
1232 1317 1320 1360 fuit
1344 1320 1447 1370 post
1472 1316 1750 1359 dominicam
1774 1316 1822 1358 in
1845 1316 1993 1370 passi-

220 1399 323 1440 one,
360 1387 651 1430 intraverunt
687 1387 1011 1430 Constanciam
1048 1388 1188 1441 legati
1225 1389 1350 1442 regis
1388 1387 1606 1441 Castelle‚
1643 1387 1734 1430 duo
1769 1385 1992 1441 episcopi,

220 1458 310 1501 duo
342 1459 529 1513 milites,
563 1461 760 1512 quatuor
793 1458 1006 1501 doctores
1039 1462 1085 1501 et
1116 1471 1237 1501 unus
1270 1459 1567 1513 secretarius,
1600 1458 1769 1512 quibus
1801 1458 1890 1501 fuit
1923 1470 1993 1501 so-

220 1530 422 1571 lenniter
451 1529 698 1572 obviatum.
739 1530 793 1572 Et
822 1529 901 1571 diu
930 1529 1117 1572 fuerant
1144 1531 1375 1583 expectati
1404 1530 1689 1582 missumque
1719 1529 1778 1572 ad
1804 1541 1886 1571 eos
1915 1528 1993 1571 ob-

220 1600 341 1643 viam
374 1613 459 1654 per
492 1600 756 1643 cardinales
790 1603 836 1643 et
866 1604 963 1642 tres
996 1601 1218 1643 naciones
1251 1613 1337 1654 per
1370 1613 1509 1642 unam
1544 1600 1717 1642 dietam
1750 1612 1899 1653 usque
1934 1597 1993 1642 ad

220 1671 461 1714 Scasusam
485 1671 687 1724 opidum.

338 1743 422 1783 Die
455 1742 670 1784 mercurii
701 1742 863 1785 ultima
897 1742 1035 1784 Marci
1065 1742 1185 1784 sedit
1215 1741 1459 1784 concilium
1491 1755 1593 1784 cum
1623 1741 1916 1784 solemnitate
1947 1743 1992 1783 et

219 1813 427 1865 presedit
455 1812 703 1866 episcopus
733 1813 961 1856 Ostiensis
990 1816 1035 1855 et
1063 1813 1111 1855 in
1138 1813 1367 1866 principio
1396 1812 1585 1866 quidam
1612 1812 1991 1866 prothonotarius

218 1884 442 1937 Anglicus
468 1884 628 1925 dicens
657 1896 706 1926 se
734 1887 1083 1936 procuratorem
1111 1885 1236 1938 regis
1262 1883 1430 1937 Anglie
1459 1884 1506 1925 in
1534 1884 1732 1926 ambone
1759 1895 1845 1936 pro
1872 1882 1992 1925 dicto

221 1967 331 2008 rege
363 1958 407 1996 et
437 1955 632 1996 nacione
665 1955 922 2007 Anglicana
954 1954 1069 1996 dixit
1102 1967 1151 1997 se
1184 1955 1297 1996 dare
1328 1958 1373 1996 et
1405 1954 1533 1996 dedit
1564 1954 1840 2007 scripturam
1871 1953 1993 1996 clau-

221 2038 333 2078 sam,
360 2038 497 2078 quam
522 2037 608 2066 nec
636 2025 760 2078 legit,
787 2037 872 2067 nec
900 2026 1058 2078 legere
1086 2025 1265 2078 obtulit,
1292 2038 1429 2078 quam
1458 2025 1640 2068 dicebat
1665 2037 1773 2067 esse
1800 2036 1992 2077 respon-

223 2096 400 2138 sionem
439 2096 498 2138 ad
534 2095 902 2149 protestaciones
941 2095 1115 2137 dudum
1153 2096 1299 2138 factas
1338 2097 1385 2137 in
1422 2095 1617 2138 concilio
1654 2108 1740 2149 per
1776 2107 1994 2149 procura-

221 2171 368 2209 torem
398 2167 523 2220 regis
553 2167 761 2219 Francie‚
791 2167 848 2208 de
878 2166 1046 2219 quibus
1076 2179 1231 2219 supra.
1273 2167 1441 2209 Postea
1469 2166 1660 2208 fuerunt
1688 2165 1994 2220 pronunciata

222 2238 467 2292 decretaff')
497 2237 647 2291 primo
675 2237 911 2279 decretum
939 2236 1276 2279 declaracionis
1302 2249 1530 2290 penarum
1558 2237 1807 2279 multarum
1835 2239 1993 2278 contra

221 2309 463 2360 facientes,
491 2311 536 2350 et
563 2307 641 2360 qui
668 2308 882 2349 fecerunt
910 2308 1097 2349 libellos
1125 2307 1349 2359 famosos;
1380 2307 1584 2350 secundo
1609 2319 1703 2350 una
1729 2307 1993 2349 commissio

222 2380 427 2432 quinque
463 2378 692 2421 iudicibus
729 2378 910 2420 abbatis
946 2378 1240 2420 Cesariensis
1275 2378 1452 2420 ordinis
1489 2378 1814 2420 Cisterciensis
1849 2411 1858 2420 .
1894 2411 1902 2419 .
1938 2375 1989 2431 .‘¹)

223 2450 434 2502 dyocesis
462 2452 620 2491 contra
649 2448 931 2491 Ludovicum
959 2449 1122 2490 ducem
1151 2448 1196 2490 in
1225 2448 1421 2490 Bavarie
1449 2461 1552 2490 cum
1579 2451 1808 2502 potestate
1835 2448 1994 2490 decer-

223 2520 365 2562 nendi
392 2519 686 2562 monitorium
714 2520 799 2562 sub
825 2520 1116 2572 gravissimis
1142 2519 1278 2573 penis
1304 2519 1361 2561 de
1388 2519 1630 2561 reddendo
1655 2519 1778 2562 bona
1804 2517 1994 2561 mobilia

225 2595 269 2633 et
303 2590 571 2643 immobilia,
607 2590 808 2643 dampna
842 2593 925 2632 etc.
962 2590 1069 2632 dicti
1104 2590 1373 2632 monasterii
1409 2593 1454 2631 et
1487 2593 1646 2632 contra
1681 2602 1843 2632 omnes
1878 2589 1995 2632 alios

226 2661 491 2704 nominibus
529 2674 622 2703 non
660 2661 920 2714 expressis3
960 2661 1104 2703 tercio
1142 2660 1380 2703 ordinacio
1418 2663 1463 2702 et
1501 2660 1762 2702 declaracio
1798 2659 1995 2712 concilii,

227 2732 363 2785 quod,
390 2745 490 2773 cum
517 2732 714 2774 durante
741 2732 955 2774 scismate
982 2731 1179 2774 ecclesia
1206 2731 1483 2774 Baionensis
1507 2730 1676 2773 fuisset
1701 2731 1788 2773 sub
1815 2730 1996 2772 duabus

226 2803 512 2845 obedienciis
540 2806 584 2844 et
615 2804 661 2844 in
691 2815 746 2845 ea
777 2803 867 2845 duo
897 2802 1117 2855 episcopi,
1145 2814 1341 2855 quorum
1372 2801 1570 2854 quilibet
1597 2802 1788 2844 tenebat
1814 2804 1995 2855 partem

331 2944 362 2976 a)
388 2943 427 2970 So
456 2944 493 2975 B,
517 2943 547 2975 C,
569 2943 608 2969 D.
660 2943 691 2975 b)
714 2943 750 2969 C:
778 2949 938 2976 rompere.
997 2941 1025 2975 c)
1048 2944 1085 2968 C:
1112 2943 1145 2968 et
1172 2942 1222 2967 est
1253 2940 1340 2967 iufra
1366 2939 1446 2967 folio
1474 2939 1617 2974 septimo
1645 2941 1677 2967 et
1702 2939 1744 2967 XI
1765 2939 1982 2974 sequentibus

226 2991 255 3016 D
275 2989 434 3016 vermertct
461 2997 514 3016 am
534 2990 648 3016 Raude
675 2989 808 3017 anstelle
830 2990 957 3017 dessen:
992 2988 1094 3016 Cuius
1119 2989 1216 3015 tenor
1236 2988 1388 3022 preterea
1408 2987 1544 3014 habitus
1565 2988 1616 3015 est
1636 2989 1668 3015 et
1692 2988 1743 3015 est
1768 2986 1854 3014 infra
1877 2986 1998 3015 solium

226 3036 397 3071 septimum
419 3038 451 3063 et
471 3036 511 3063 XI
533 3036 759 3071 sequentibus.
798 3037 829 3065 d}
853 3038 890 3069 B,
913 3037 942 3069 ζ’,
965 3037 994 3063 D
1019 3035 1134 3062 Lz‘tcke.

1988 1846 2102 1878 ae-TD'NJ'A

2012 1903 2102 1944 520·
