2102 3444
244 145 330 188 318
781 145 806 178 1.
832 144 1043 179 Abschnitt.
1083 143 1482 189 Konzilstagebiicher.

248 263 305 305 sit
327 267 371 305 et
393 276 450 305 an
473 263 618 316 possit
642 263 749 305 fieri
773 263 887 305 inibi
911 264 1132 305 canonica
1156 263 1321 305 electio
1343 267 1388 306 et
1412 264 1674 308 huiusmodi
1698 265 1870 308 similia
1892 269 2016 308 recte

246 335 303 375 ad
327 334 692 387 perturbandam
719 334 935 376 unionem
962 337 1005 376 et
1032 334 1382 376 dissolvendum
1407 336 1663 378 concilium.
1701 336 1797 388 Que
1823 337 2018 379 concilio

247 417 377 446 sacro
399 417 491 446 non
515 405 830 459 rescribimus,
854 406 961 458 quia
987 405 1212 447 assertive
1237 406 1469 449 nescimus
1492 410 1538 449 et
1560 420 1617 448 ne
1642 420 1723 450 eos
1746 407 2016 461 affligamus

245 476 292 516 in
317 476 565 529 mentibus,
593 476 714 533 quod
739 475 903 529 posito,
930 476 1052 529 quod
1078 476 1139 518 ita
1166 477 1301 530 foret,
1327 480 1553 530 tenemus,
1581 478 1705 531 quod
1730 478 1788 520 ad
1814 478 1899 520 hoc
1923 491 2015 521 non

245 546 439 588 deberet
462 547 637 589 admitti
664 546 787 588 idem
811 547 867 588 de
891 547 1035 599 Luna,
1059 548 1166 600 quia
1191 548 1302 589 certi
1326 552 1370 590 et
1397 549 1629 591 informati
1654 561 1812 592 sumus
1835 549 1909 591 hic
1930 561 2016 602 per

244 617 440 670 nobiles,
464 617 586 670 quod
610 629 847 671 nunquam
871 618 1178 672 renunciabit,
1202 623 1272 661 set
1295 632 1431 672 quam
1455 620 1638 673 poterit,
1660 621 2015 673 prorogationes

241 691 285 729 et
318 687 564 730 evasiones
596 692 760 741 querat
790 701 876 742 per
908 702 1069 731 omnes
1103 690 1398 743 subtilitates,
1431 691 1529 732 vias
1561 694 1605 732 et
1639 690 1813 744 modos,
1846 691 2016 745 quibus

243 759 425 812 poterit,
451 762 497 801 ut
522 759 601 812 sic,
627 759 772 802 donec
797 760 952 802 veniat
977 761 1077 803 dies
1101 762 1203 803 eius
1229 774 1400 814 amara,
1427 765 1609 815 tempus
1635 774 1768 804 suum
1791 765 2013 804 transeat.

242 830 331 872 Nos
355 833 522 883 autem,
545 843 588 884 p.
612 840 773 884 revffle,
796 835 979 884 tempus
1003 831 1318 885 expeditionis
1342 836 1500 874 nostre
1523 833 1709 886 penitus
1733 832 2014 886 ignoramus,

242 901 348 953 quia
372 901 446 943 isti
471 905 578 943 sunt
600 902 884 954 prolixiores
906 903 1133 956 homineS,
1157 916 1272 956 quos
1295 916 1498 957 unquam
1523 904 1736 946 vidimus.
1774 904 1921 946 Etiam
1946 917 2014 946 so-

243 972 334 1013 lum
361 972 435 1013 die
462 973 571 1015 lune
593 973 807 1026 proxima
830 974 1055 1026 preterita
1077 975 1227 1027 prima
1252 975 1390 1016 huius
1414 976 1589 1017 mensis
1612 975 1832 1017 resolutis
1856 975 1914 1017 ab
1938 974 2014 1017 ad-

241 1046 380 1084 ventu
416 1046 460 1085 et
496 1045 697 1097 appulsu
731 1048 890 1087 nostro
926 1045 998 1086 hic
1034 1045 1188 1087 XLIII
1225 1045 1390 1088 diebus
1427 1046 1483 1087 de
1519 1045 1819 1099 expeditione
1854 1049 2012 1088 nostra

240 1118 437 1156 tractare
462 1114 738 1168 inceperunt
762 1119 806 1157 et
830 1116 922 1158 nisi
948 1116 1037 1169 ipsi
1060 1116 1197 1159 nobis
1221 1116 1368 1159 finem
1392 1117 1577 1169 faciant,
1603 1130 1688 1159 nos
1713 1129 1931 1170 cogemur
1955 1117 2014 1159 ob

240 1185 541 1237 pecuniarum
583 1186 816 1228 defectum
856 1186 1003 1229 finem
1041 1187 1178 1230 nobis
1219 1188 1376 1230 facere
1417 1192 1461 1230 et
1503 1188 1566 1230 ibi
1608 1188 1925 1241 communiter,
1965 1191 2015 1230 ut

239 1257 374 1298 nobis
400 1256 569 1299 dictum
593 1260 678 1310 est,
703 1270 728 1299 a
752 1258 968 1310 pluribus
993 1262 1262 1300 consuetum
1287 1259 1462 1300 exstitit
1486 1259 1534 1300 in
1559 1259 1643 1301 hoc
1667 1271 1826 1313 regno,
1850 1259 1898 1301 in
1922 1271 2012 1312 quo

238 1328 364 1370 novit
398 1328 536 1381 Deus,
567 1331 731 1382 gentes
764 1329 1046 1371 collocantur
1079 1329 1179 1371 sine
1212 1342 1486 1383 quocunque
1518 1331 1695 1372 honore
1728 1343 1829 1372 cum
1862 1331 2013 1372 multi-

238 1398 396 1441 tudine
427 1398 760 1441 innumerabili
793 1399 1063 1442 animalium
1093 1413 1186 1443 non
1217 1401 1607 1443 nominandorum
1639 1402 1760 1443 inter
1790 1401 2012 1444 honestos

239 1473 283 1511 et
316 1482 401 1523 pro
435 1482 560 1524 vero,
593 1479 740 1513 revme
773 1483 817 1524 p.
852 1474 898 1513 et
931 1471 988 1524 d.,
1022 1484 1261 1525 nunquam
1295 1471 1468 1514 fuimus
1502 1472 1549 1513 in
1582 1475 1709 1514 tanta
1742 1472 1934 1514 miseria
1967 1475 2011 1514 et

237 1541 371 1584 ruina
399 1541 819 1596 allogimentorum,
848 1542 963 1585 sicut
991 1542 1093 1584 fere
1122 1555 1208 1596 per
1236 1555 1398 1585 omnes
1427 1542 1660 1596 Yspanias
1688 1546 1733 1585 et
1759 1543 2010 1597 presertim

236 1612 282 1653 in
310 1613 396 1655 hoc
425 1625 569 1666 regno
599 1612 774 1656 fuimus
803 1616 847 1655 et
877 1626 1050 1655 sumus.
1092 1613 1273 1655 Virtute
1305 1614 1429 1655 enirn
1459 1614 1720 1656 litterarum
1748 1617 2009 1656 vestrarum

238 1683 456 1726 denarios
496 1697 589 1726 non
628 1684 877 1727 habuimus
915 1697 1001 1727 nec
1037 1685 1178 1727 etiam
1216 1685 1432 1738 petimus,
1473 1686 1581 1738 quia
1620 1684 1846 1739 videmus,
1887 1684 2010 1738 quod

236 1755 411 1797 frustra
450 1755 774 1798 laboraremus
812 1759 857 1797 et
895 1755 1226 1809 laborabimus,
1264 1755 1354 1798 nisi
1394 1757 1580 1810 negotia
1619 1757 1756 1798 aliter
1795 1755 2010 1810 dispone-

236 1828 411 1868 rentur.
450 1826 540 1868 Nec
567 1826 660 1868 alia
685 1830 932 1869 occurrunt
956 1839 999 1880 p.
1027 1840 1066 1869 v.
1093 1836 1179 1867 rme
1207 1826 1530 1880 significanda,
1558 1839 1696 1880 quam
1722 1826 2008 1869 felicissimis

236 1909 336 1938 cum
363 1897 663 1940 incrementis
689 1910 969 1940 conservare
998 1897 1214 1951 dignetur
1241 1897 1495 1940 altissimus
1524 1899 1572 1939 in
1599 1897 1887 1951 longitudine
1914 1897 2009 1939 die-

236 1980 337 2010 rum
362 1971 529 2021 optata.
567 1967 797 2021 Scriptum
823 1968 1122 2011 Vallemoleti
1148 1968 1494 2011 Palentinensis
1520 1969 1720 2012 diocesis
1750 1969 1856 2012 IIII.
1883 1981 2008 2010 111011-

235 2039 299 2080 sis
325 2038 464 2083 Junii.

352 2110 508 2152 Vestri
532 2111 734 2152 humiles
760 2110 1035 2154 Lambertus
1062 2111 1118 2153 de
1144 2111 1308 2164 Stipite
1334 2111 1462 2164 prior
1485 2114 1532 2153 et
1556 2111 1722 2154 Petrus
1748 2110 1805 2153 de
1831 2110 2006 2153 Trilhia

235 2181 501 2224 servitores.

351 2252 511 2293 Revme
537 2265 580 2305 p.
607 2255 652 2294 et
678 2252 718 2294 d.
745 2252 1126 2294 metuendissime
1152 2253 1316 2294 humili
1343 2252 1797 2295 recommendatione
1823 2252 2002 2306 previa!

233 2322 347 2374 Quia
377 2322 528 2376 pridie
560 2335 646 2376 per
678 2323 959 2365 familiarem
994 2323 1226 2376 quondam
1259 2324 1300 2365 d.
1333 2323 1584 2366 cardinalis
1615 2323 1841 2377 Hispanie
1873 2323 2006 2366 vobis

235 2393 325 2435 late
354 2394 518 2447 scripsi
547 2396 592 2435 et
617 2406 739 2435 nunc
766 2394 807 2435 d.
835 2395 963 2447 prior
990 2397 1035 2436 et
1059 2406 1145 2447 ego
1172 2394 1392 2436 mittimus
1421 2394 1553 2437 vobis
1579 2395 1802 2436 minutam
1829 2406 2004 2447 eorum,

233 2476 322 2516 que
357 2463 602 2507 scribimus
635 2477 796 2506 omnes
831 2465 1019 2506 insimul
1056 2477 1186 2507 sacro
1221 2465 1413 2507 concilio
1445 2465 1518 2507 hic
1552 2466 1792 2518 inclusam,
1825 2464 2004 2507 modica

233 2535 324 2577 alia
359 2538 593 2588 occurunt,
630 2535 720 2578 nisi
756 2535 880 2588 quod
914 2535 1067 2587 credo,
1104 2535 1226 2588 quod
1261 2536 1334 2577 hic
1369 2548 1462 2577 non
1498 2536 1756 2589 poterimus
1791 2535 2003 2578 obtinere

231 2605 593 2658 publicationem
629 2606 982 2648 substractionis
1018 2607 1107 2648 iam
1142 2606 1314 2648 dudum
1348 2607 1422 2648 hic
1455 2606 1576 2649 facte
1610 2607 1823 2650 obstante
1856 2609 2002 2648 morte

233 2676 274 2718 d.
299 2676 422 2730 regis
444 2677 711 2730 Aragonum
735 2680 781 2718 et
802 2679 961 2719 nostro
984 2677 1116 2718 tardo
1139 2677 1212 2718 hic
1235 2677 1450 2730 adventu,
1474 2677 1595 2730 quia,
1619 2678 1656 2720 si
1681 2678 1866 2720 vivente
1890 2689 2000 2730 rege

232 2748 498 2800 Aragonum
540 2747 614 2789 hic
655 2747 962 2800 venissemus,
1006 2747 1159 2789 omnia
1202 2747 1580 2790 obtinuissemus.
1638 2747 1790 2790 Credo
1831 2750 2001 2800 tamen,

231 2817 353 2870 quod
385 2817 573 2861 missuri
605 2817 743 2861 huius
776 2819 907 2871 regni
943 2818 1305 2860 ambassiatores
1339 2819 1662 2871 plenissimam
1696 2818 1752 2860 de
1786 2818 2000 2860 omnibus

229 2892 273 2930 et
303 2888 349 2930 in
380 2889 596 2932 omnibus
624 2889 875 2941 portabunt
903 2891 1192 2941 potestatem.
1236 2889 1290 2930 Et
1320 2889 1526 2931 certifico
1556 2902 1652 2942 vos,
1683 2889 1806 2942 quod
1834 2889 2000 2931 Petrus

231 2958 286 3000 de
320 2959 450 3002 Luna
481 2959 622 3002 habet
654 2959 727 3002 hic
759 2959 971 3002 infinitos
1003 2959 1205 3011 favores,
1239 2959 1376 3001 etiam
1410 2973 1434 3001 a
1468 2959 1736 3013 maioribus,
1769 2959 1876 3002 licet
1909 2959 1998 3012 ipsi

232 3029 479 3082 fateantur,
518 3029 640 3083 quod
679 3031 779 3084 ipse
817 3042 1054 3083 nunquam
1093 3030 1390 3072 renuntiabit.
1441 3029 1532 3072 Sed
1571 3030 1609 3072 si
1648 3029 1795 3072 dictus
1833 3029 1875 3072 d.
1913 3041 1998 3071 rex
