2102 3444
245 134 301 176 52
766 135 791 169 I.
834 135 1044 170 Abschnitt.
1099 136 1496 182 Konzilstagebiicher.

363 252 564 296 Karolus
594 257 786 306 quartus
816 292 822 298 .
861 288 868 296 .
904 289 912 296 .
942 255 1162 298 vicesimo
1190 256 1387 313 tercio.¹)

366 323 450 365 Die
484 325 672 367 veneris
708 325 853 367 XXII.
888 326 1160 368 Novembris
1195 340 1317 370 anno
1353 329 1562 371 revoluto
1597 329 1802 372 secundo
1836 329 2016 372 concilii

246 407 271 436 a
303 394 533 448 principio
565 396 746 437 concilii
781 397 900 438 sedit
934 398 1177 439 concilium
1211 402 1255 440 et
1290 399 1496 442 decrevit
1529 401 1824 442 monitorium
1858 404 2016 443 contra

246 465 288 507 d.
316 466 615 508 Fredericum
643 467 806 509 ducem
833 468 1020 510 Austrie
1048 469 1106 511 ad
1134 469 1406 512 instanciam
1434 471 1640 524 episcopi
1668 471 1930 514 Tridentini
1957 472 2016 515 de

246 538 535 579 restituendo
566 539 749 591 precise
780 538 932 581 eidem
963 540 1183 593 episcopo
1213 542 1456 583 ecclesiam
1488 546 1532 584 et
1563 543 1794 584 civitatem
1825 542 2017 584 Triden-

245 609 366 651 tinas
395 621 479 650 nec
508 621 600 651 non
630 609 721 652 alia
750 613 914 662 castra,
943 611 1096 664 opida,
1125 612 1224 654 loca
1252 616 1297 654 et
1326 613 1417 655 alia
1448 613 1567 655 bona
1597 616 1643 655 et
1672 614 1774 656 iura
1804 614 2015 656 eiusdem

245 680 457 733 ecclesie,
482 693 597 733 quas
623 684 668 722 et
693 693 783 733 que
810 681 932 723 idem
959 682 1051 724 dux
1079 684 1331 736 occupabat
1358 684 1415 726 de
1441 684 1574 728 facto,
1615 684 1758 727 Cuius
1784 684 2015 727 monitorii

246 750 396 793 forma
420 764 657 804 nunquam
685 752 839 794 fuerat
865 753 963 795 visa
992 754 1037 794 in
1063 755 1337 796 nacionibus
1364 767 1517 808 neque
1545 767 1629 808 per
1655 755 1920 798 cardinales
1948 759 2017 798 set

245 834 330 875 per
357 824 585 877 paucos.2)

363 905 466 947 Fuit
502 906 640 948 etiam
680 907 847 948 lectum
885 907 1121 949 decretum
1159 921 1217 949 ex
1256 912 1387 962 parte
1426 909 1622 961 concilii,
1659 908 1781 962 quod
1817 909 2014 962 promoti

244 988 330 1029 per
371 976 607 1022 dominum
648 978 757 1019 olim
799 977 1061 1020 Johannem
1104 979 1364 1032 depositum
1409 980 1465 1021 ab
1507 979 1704 1022 ecclesia
1745 980 1820 1021 vel
1862 992 2017 1022 mona-

245 1047 386 1089 steria
420 1051 612 1100 possent
645 1048 857 1101 recipere
893 1061 1060 1092 munus
1094 1050 1462 1092 consecracionis
1498 1051 1572 1092 vel
1609 1050 1956 1093 benediccionis
1990 1063 2016 1093 a

245 1131 519 1171 quocunque
559 1120 763 1161 antistite
801 1120 857 1161 de
897 1120 1088 1163 licencia
1125 1121 1166 1162 d.
1206 1121 1449 1163 camerarii
1487 1122 1614 1164 sedis
1651 1121 1903 1175 apostolice
1940 1122 2015 1163 vel

243 1189 344 1231 eius
373 1189 497 1231 vices
526 1191 747 1242 gerentis.
788 1191 918 1242 Quod
947 1194 1101 1233 tamen
1132 1204 1369 1244 nunquam
1398 1192 1552 1234 fuerat
1581 1205 1667 1245 per
1695 1192 1938 1234 concilium
1969 1193 2015 1234 in

244 1260 518 1304 nacionibus
545 1262 812 1303 conclusum
840 1265 885 1304 et
912 1265 1068 1304 tamen
1096 1263 1142 1304 in
1172 1263 1272 1305 istis
1300 1263 1516 1305 omnibus
1550 1263 1642 1304 IIII
1671 1263 1879 1316 deputati
1907 1275 2016 1316 qua-

244 1335 348 1374 tuor
367 1333 614 1374 nacionum
635 1333 872 1375 dixerunt:
908 1333 1078 1376 Placet.

362 1415 430 1456 De
464 1415 710 1458 monitorio
744 1419 897 1458 autem
931 1420 1211 1469 conquestus
1244 1420 1315 1459 est
1347 1417 1441 1459 dux
1474 1416 1661 1459 Austrie
1696 1416 1821 1470 apud
1853 1428 2016 1459 omnes

244 1487 464 1529 naciones
491 1490 535 1529 et
561 1487 685 1540 apud
711 1487 957 1541 collegium
985 1487 1291 1529 cardinalium
1318 1491 1363 1529 et
1389 1488 1551 1541 petivit
1577 1487 1769 1541 copiam.

362 1569 716 1622 Consequenter
746 1571 793 1612 in
823 1570 997 1613 mensis
1028 1571 1300 1612 Decembris
1330 1584 1415 1624 pro
1445 1573 1577 1624 parte
1608 1570 1849 1612 Guillelmi
1879 1570 2015 1612 electi

243 1641 602 1693 Argentinensis
629 1641 717 1683 fuit
744 1642 791 1683 in
818 1641 1013 1684 concilio
1038 1645 1229 1695 propter
1256 1642 1338 1684 hoc
1366 1645 1644 1695 congregato
1669 1640 1883 1695 exposita
1908 1653 2017 1694 que-

245 1712 345 1754 rela
366 1714 526 1754 contra
545 1712 586 1754 d.
609 1712 836 1754 decanum
858 1716 902 1754 et
923 1712 1175 1766 capitulum
1197 1716 1334 1766 atque
1356 1713 1588 1765 consules,
1608 1712 1732 1754 cives
1753 1715 1798 1754 et
1818 1724 2015 1754 commu-

244 1784 434 1824 nitatem
464 1784 736 1836 Argentine,
769 1784 892 1836 quod
924 1783 991 1825 illi
1023 1783 1256 1836 prefatum
1289 1784 1487 1825 electum
1519 1784 1749 1825 violenter
1780 1785 2015 1836 ceperant,

244 1853 649 1896 incarceraverant
675 1857 719 1896 et
744 1854 965 1896 tenebant
991 1854 1037 1895 in
1064 1854 1229 1896 eadem
1254 1854 1435 1896 civitate
1462 1855 1692 1907 captivum
1717 1853 1921 1908 petendo
1945 1865 2015 1895 re-

245 1924 446 1966 medium
478 1928 524 1966 et
555 1925 662 1967 illos
692 1925 871 1966 moneri
904 1925 989 1967 sub
1022 1925 1156 1977 penis
1188 1928 1286 1977 etc.‚
1318 1925 1442 1978 quod
1471 1937 1578 1966 eum
1610 1924 1882 1967 liberarent.
1925 1924 2016 1966 Pro

244 1999 377 2048 parte
401 1995 591 2049 capituli
616 1999 662 2037 et
685 1996 883 2038 aliorum
907 1996 994 2037 fuit
1019 2008 1311 2048 responsum,
1337 1996 1460 2049 quod
1485 1996 1566 2038 ille
1592 1995 1874 2038 Guillelmus
1897 1995 2016 2038 elec-

243 2071 317 2110 tus
350 2067 438 2110 fuit
471 2067 630 2108 XXIII
665 2067 799 2109 annis
832 2068 1008 2109 electus
1043 2066 1169 2109 illius
1203 2067 1400 2108 ecclesie
1434 2070 1480 2108 et
1513 2067 1641 2108 illam
1675 2066 2016 2109 administravit

246 2151 398 2191 neque
423 2138 571 2180 adhuc
594 2141 695 2180 erat
720 2139 766 2179 in
790 2137 933 2180 sacris
956 2137 1214 2189 ordinibus,
1237 2150 1342 2190 ymo
1364 2137 1675 2190 nesciebatur,
1699 2138 1738 2179 si
1761 2140 1862 2179 erat
1883 2136 2015 2178 cleri-

244 2222 337 2262 cus,
371 2210 590 2262 quoniam
623 2212 791 2261 vestes,
825 2208 1031 2265 habitum
1065 2212 1141 2250 aut
1173 2212 1410 2250 tonsuram
1444 2220 1681 2261 nunquam
1714 2207 1913 2261 portavit
1945 2210 2015 2250 set

246 2293 432 2333 semper
459 2280 583 2323 stetit
611 2280 657 2321 in
683 2279 844 2322 habitu
871 2279 1071 2321 seculari
1100 2282 1176 2321 aut
1203 2278 1404 2320 militari.
1444 2279 1687 2331 Nunquam
1715 2291 1845 2320 suam
1872 2279 2015 2320 eccle-

247 2351 361 2393 siam
397 2351 638 2404 ingressus
675 2350 842 2402 fuerat,
867 2350 1005 2403 ,XXV
1040 2353 1190 2392 castra
1226 2353 1271 2391 et
1307 2350 1444 2391 villas
1480 2350 1537 2391 de
1573 2348 1852 2402 patrimonio
1887 2349 2014 2390 illius

245 2422 442 2465 ecclesie
483 2422 771 2464 alienaverat
812 2421 1143 2474 aspirabatque
1185 2420 1243 2462 ad
1285 2420 1515 2462 secularia
1554 2423 1657 2462 vota
1698 2423 1743 2462 et
1784 2421 1874 2462 iam
1915 2422 2015 2462 erat

245 2493 497 2547 dispositus
533 2505 619 2546 per
654 2495 874 2534 tractatus
911 2492 968 2534 ad
1006 2491 1363 2543 matrimonium,
1399 2494 1770 2544 tractaveratque
1809 2491 1866 2533 de
1904 2491 2015 2533 alie-

244 2565 399 2606 nando
429 2577 571 2606 unum
601 2563 906 2605 fortissimum
936 2566 1136 2605 castrum
1168 2562 1225 2603 de
1256 2563 1536 2615 patrimonio
1565 2561 1772 2615 predicte
1802 2562 2014 2613 ecclesie,

246 2636 375 2678 cuius
397 2638 651 2689 proventus
674 2635 893 2677 valebant
916 2635 1038 2676 ultra
1060 2634 1148 2675 tria
1171 2633 1297 2675 milia
1321 2633 1611 2674 florenorum
1636 2633 1737 2675 auri
1762 2631 2012 2674 annuatim.

247 2708 301 2749 Et
321 2711 421 2749 erat
442 2707 558 2748 illud
579 2709 779 2748 castrum
799 2704 979 2758 Tigella
999 2708 1045 2746 et
1065 2704 1208 2746 clavis
1229 2704 1380 2756 patrie
1401 2707 1446 2745 et
1467 2703 1662 2745 civitatis
1684 2706 1730 2745 et
1748 2703 1872 2756 quod
1891 2715 2012 2757 pene

246 2779 394 2820 solum
420 2777 617 2819 ecclesie
645 2779 948 2819 remanserat.
987 2776 1139 2827 Quare
1166 2775 1224 2817 ad
1251 2787 1380 2816 suam
1409 2774 1660 2826 legitimam
1688 2774 2013 2816 defensionem

246 2850 333 2891 sibi
364 2849 680 2902 providerant,
709 2860 768 2889 ne
799 2847 916 2889 illud
945 2847 1174 2888 alienaret
1205 2845 1510 2888 submitentes
1540 2857 1591 2886 se
1620 2845 1789 2888 iudicio
1817 2844 2012 2887 concilii.

367 2979 396 3020 1)
422 2979 542 3012 Hardl
566 2978 631 3019 Il',
654 2978 826 3013 523—25.

365 3039 396 3079 ²)
426 3038 544 3072 Hard!
572 3037 637 3077 Il*7
664 3037 743 3077 538,
768 3037 855 3078 540;
885 3036 1009 3070 Mansi
1036 3034 1106 3068 XX
1119 3034 1194 3076 HJ,
1221 3035 1298 3068 801.
