2227 3434
622 143 712 178 1415
734 145 834 186 Sept.
857 143 902 178 29
926 164 966 167 —
991 143 1085 177 nach
1109 143 1276 178 Oktober
1300 143 1352 176 10.
1784 143 1865 185 421

226 263 357 305 Michi
390 274 600 304 occasum
633 261 858 314 flebilem,
893 261 1274 303 reverendissimi
1306 265 1464 313 patres
1496 265 1540 302 et
1574 261 1761 312 domini,
1795 261 1870 302 do—

105 334 255 375 lenter
289 338 334 376 et
369 333 659 375 amarissime
696 332 932 383 recolenti,
967 344 1246 384 quamquam
1280 331 1439 384 pocius
1474 331 1594 373 flere
1632 332 1792 372 liceret
1827 335 1872 372 et

101 416 304 457 gemere,
363 416 499 457 quam
560 403 756 455 lugubre
818 415 1003 444 carmen
1065 402 1356 454 depromere,
1416 403 1656 455 nequienti
1716 405 1869 443 tamen

104 475 311 517 laborem
353 478 638 527 assumptum
680 474 917 516 declinare
958 474 1154 515 occurrit
1194 473 1387 515 verbum
1429 473 1783 526 proponendum
1824 474 1869 513 in

103 545 323 588 medium:
364 545 469 587 Hic
507 545 664 587 abiit
703 545 771 587 ad
812 544 1023 596 Deum,
1063 544 1184 597 quod
1213 544 1428 586 scribitur
1454 544 1510 586 ζΙο
1543 544 1633 584 llll
1659 546 1706 585 et
1731 543 1870 584 habe—

103 619 176 658 tur
219 617 264 658 in
307 616 564 670 ewangelio
606 615 904 669 proximioris
947 615 1190 657 dominice.
1245 615 1359 666 Quia
1403 615 1514 657 satis
1557 615 1645 656 cito
1687 614 1870 655 vacillat

101 687 352 730 humanum
387 687 602 739 studium,
637 687 713 728 ubi
749 686 954 727 divinum
989 686 1245 738 presidium
1280 698 1372 727 non
1407 686 1549 726 ‘fuerit
1582 685 1870 738 requisitum,

67 744 75 749 ”
104 758 209 800 ideo
241 758 286 799 in
318 758 455 800 huius
487 758 644 799 brevis
676 757 847 810 eloquii
880 757 1109 810 principio
1140 769 1225 809 pro
1258 756 1549 809 impetrando
1582 756 1736 797 divino
1768 755 1871 797 sub-

104 828 222 871 sidio
248 832 441 871 matrem
467 828 620 882 gracie
649 827 953 870 salutabimus
979 840 1080 868 cum
1107 827 1273 880 angelo
1300 827 1436 868 corde
1466 839 1634 869 sereno
1662 830 1706 868 et
1732 838 1870 879 prece

103 911 267 942 amena
296 899 520 942 dicentes:
563 899 660 941 Ave
694 898 835 941 Maria
863 899 1018 951 gracia
1046 898 1187 950 plena
1217 932 1224 939 .
1261 932 1268 939 .
1305 932 1312 939 .

189 970 389 1013 obmitto
421 973 575 1012 tamen
611 969 774 1012 laudes
809 972 1068 1022 parentum.
1116 969 1213 1010 Non
1249 970 1373 1010 enim
1408 981 1548 1010 narro
1583 968 1870 1010 nobilitatem

101 1042 310 1095 originis,
333 1042 442 1094 quia
464 1044 590 1083 ortus
613 1044 682 1083 est
706 1041 762 1082 de
787 1040 975 1093 antiqua
998 1044 1042 1082 et
1064 1040 1209 1082 nobili
1233 1040 1451 1093 prosapia
1475 1040 1532 1082 de
1560 1039 1866 1092 Marmaldisss)

102 1112 147 1154 in
184 1112 376 1165 Neapoli
415 1111 609 1163 civitate,
648 1112 793 1165 regali
832 1112 1026 1163 familia,
1066 1112 1171 1163 alta,
1210 1111 1522 1153 famosissima
1561 1114 1604 1152 et
1642 1111 1869 1163 preclara.

99 1183 286 1226 Reticeo
330 1183 590 1236 dignitates,
634 1183 802 1235 quibus
846 1182 932 1224 fuit
976 1183 1282 1235 perhenniter
1330 1182 1589 1235 insignitus,
1632 1182 1741 1234 quia
1784 1180 1870 1221 fuit

101 1254 453 1296 archidiaconus
503 1254 827 1305 Bononiensis,
880 1254 1258 1306 archiepiscopus
1310 1253 1529 1294 Barensis
1582 1256 1625 1294 et
1676 1251 1871 1293 XXXVI

101 1325 236 1368 annis
259 1329 304 1368 et
329 1325 528 1378 amplius
555 1328 710 1367 sancte
736 1325 940 1367 Romane
966 1325 1162 1366 ecclesie
1189 1325 1454 1365 cardinalis.
1493 1324 1692 1365 Narrare
1718 1326 1870 1364 autem

101 1396 249 1450 cupio,
277 1399 345 1439 set
372 1409 465 1438 non
494 1396 693 1448 sufficio,
721 1395 1081 1449 generositatem
1109 1396 1179 1437 sui
1209 1395 1364 1447 animi,
1392 1395 1500 1447 quia
1527 1395 1714 1436 labores
1742 1406 1871 1446 egre-

99 1467 199 1520 gios
229 1467 460 1520 sustinuit,
493 1467 729 1509 laudabile
763 1468 1044 1508 exercicium
1077 1466 1352 1520 perquisivit
1384 1469 1428 1507 et
1461 1466 1643 1507 virtutis
1675 1465 1870 1518 gloriam

100 1538 372 1592 concupivit.
410 1537 701 1580 Generosum
727 1538 930 1580 animum
955 1539 1027 1579 hic
1055 1537 1478 1579 reverendissimus
1503 1540 1636 1590 pater
1661 1540 1705 1578 et
1730 1535 1871 1577 domi-

102 1622 188 1652 nus
209 1610 370 1653 habuit
391 1613 436 1652 et
457 1610 672 1663 ostendit,
695 1609 801 1663 quia
826 1610 870 1650 in
894 1609 1182 1652 sustinendis
1202 1609 1444 1651 laboribus
1466 1620 1550 1660 pro
1572 1610 1690 1650 statu
1714 1609 1870 1649 sancte

101 1681 260 1724 matris
286 1681 482 1723 ecclesie
510 1681 596 1722 fuit
624 1692 810 1734 semper
839 1680 1099 1733 intrepidus
1127 1683 1172 1721 et
1197 1681 1373 1734 pariter
1401 1679 1714 1720 inconcussus.
1754 1677 1870 1729 Quid

100 1764 300 1805 namque
327 1751 473 1805 egerit
499 1764 583 1805 pro
610 1754 729 1794 statu
756 1754 800 1794 et
826 1751 1102 1793 defensione
1129 1751 1340 1802 ecclesie,
1368 1763 1504 1803 quam
1531 1750 1718 1802 egregie
1747 1748 1871 1790 labo-

101 1824 288 1875 raverit,
317 1826 511 1865 testatur
540 1823 712 1865 nobilis
741 1823 902 1864 civitas
932 1823 1173 1874 Perusina,
1202 1826 1294 1864 tota
1325 1821 1504 1872 Tussia,
1534 1820 1703 1873 Apulia
1734 1823 1869 1871 atque

102 1894 268 1937 Ytalia.
306 1894 422 1945 Quot
448 1897 600 1936 autem
628 1895 829 1946 labores,
857 1897 965 1946 quot
992 1893 1201 1945 sudores,
1228 1896 1337 1945 quot
1365 1895 1588 1944 sumptus,
1615 1894 1725 1943 quot
1751 1890 1871 1943 peri·

101 1966 203 2008 cula
240 1965 510 2008 sustinuerit
547 1978 638 2007 non
674 1964 923 2017 indulgens
960 1978 1041 2006 sue
1079 1965 1302 2006 senectuti
1339 1976 1493 2015 neque
1530 1963 1752 2015 expensis
1786 1974 1871 2014 pro

100 2036 273 2079 unione
311 2039 466 2079 sancte
505 2036 664 2078 matris
703 2037 915 2088 ecclesie,
954 2035 1072 2077 dicat
1112 2035 1325 2087 superior
1364 2034 1621 2085 Alemania,
1660 2033 1870 2084 Bavaria,

101 2107 302 2160 Austria,
339 2107 540 2159 Athesis,
579 2107 850 2159 Franconia,
893 2104 1113 2160 Misnia‚¹')
1153 2109 1245 2148 tota
1282 2106 1502 2147 Bohemia
1539 2107 1675 2156 atque
1715 2103 1872 2145 Carin-

102 2178 211 2231 thia,
249 2191 364 2231 quas
402 2182 558 2231 partes
596 2190 764 2231 aspera
802 2181 846 2219 et
884 2177 1035 2219 media
1071 2178 1238 2230 hyeme
1276 2175 1575 2229 perlustravit
1613 2188 1696 2228 pro
1733 2174 1871 2215 extir-

102 2249 294 2302 pacione
330 2248 559 2291 maledicti
598 2248 824 2291 scismatis
860 2252 904 2291 et
940 2248 1168 2301 pestiferi,
1204 2247 1450 2289 excitando
1485 2245 1744 2288 Germanos
1780 2248 1869 2286 tam

104 2320 310 2363 illustres
336 2320 573 2373 principes
601 2332 736 2372 quam
764 2321 984 2373 prelatos.
1023 2318 1278 2360 Advertant
1306 2331 1416 2371 ergo
1443 2321 1487 2360 et
1514 2317 1766 2367 attendant,
1795 2315 1869 2368 qui

102 2391 206 2433 huic
239 2391 387 2433 labori
423 2390 611 2444 egregio
644 2403 735 2432 non
772 2394 994 2432 verentur
1028 2389 1294 2432 detrahere!
1345 2390 1493 2430 Antea
1527 2387 1712 2440 quidem
1749 2387 1872 2428 labo-

103 2465 321 2504 raverant
357 2462 646 2514 permaxime
687 2461 828 2503 incliti
867 2461 1038 2503 domini
1079 2460 1258 2513 Gallici,
1297 2460 1475 2513 Anglici
1516 2448 1652 2512 atque
1692 2457 1871 2507 Ytalici,

103 2536 172 2575 set
206 2535 312 2575 tunc
348 2545 433 2586 per
468 2532 716 2574 adventum
752 2532 890 2575 huius
926 2531 1307 2573 reverendissimi
1343 2531 1489 2583 patris
1524 2533 1568 2571 et
1605 2529 1776 2571 domini
1815 2527 1871 2569 ad

101 2602 292 2645 eosdem
327 2603 514 2645 labores
549 2603 731 2645 excitati
768 2606 873 2644 sunt
908 2602 1144 2654 Germani,
1180 2602 1272 2654 qui,
1310 2602 1414 2643 licet
1450 2600 1648 2642 fuissent
1682 2599 1870 2652 posteri,

103 2673 293 2716 fuerunt
324 2677 478 2717 tamen
508 2676 669 2727 postea
701 2674 847 2727 magis
879 2674 1197 2726 prompciores
1228 2675 1271 2714 et
1302 2673 1501 2714 solliciti.
1546 2671 1600 2712 Et
1631 2670 1735 2711 licet
1767 2673 1871 2710 tunc

103 2745 224 2788 facta
245 2744 388 2788 fuerit
412 2744 599 2787 diversa
623 2743 897 2788 obediencia
919 2744 965 2786 in
990 2744 1217 2796 Almania‚
1243 2756 1354 2786 sane
1378 2743 1463 2784 hoc
1486 2745 1664 2795 gestum
1690 2743 1758 2781 est
1781 2739 1873 2780 dis-

105 2815 378 2868 pensatione
404 2815 574 2868 divina‚
599 2819 647 2857 ut
672 2828 833 2858 omnes
858 2816 914 2858 de
940 2818 1111 2868 papatu
1136 2814 1470 2856 contendentes
1495 2812 1722 2854 haberent
1748 2822 1872 2851 emu—

106 2887 173 2929 los
204 2889 251 2929 et
282 2884 509 2941 stimulos,
542 2889 590 2929 ut
623 2898 679 2928 eo
711 2886 858 2939 magis
891 2889 1166 2939 cogerentur
1199 2885 1310 2926 dare
1346 2885 1561 2925 unionem
1597 2881 1793 2923 ecclesie
1828 2882 1871 2920 et

106 2958 277 3009 populo
314 2956 581 2999 christiano.
631 2957 764 2999 Unde
803 2960 1010 3009 utraque·
1038 2955 1310 2998 obediencia
1349 2958 1437 2996 tarn
1478 2966 1567 2994 una
1607 2964 1742 3006 quam
1781 2950 1871 2992 alia

211 3058 241 3092 a)
268 3059 315 3085 ,viz
336 3041 558 3086 Man-«inmitia.
623 3060 655 3093 ι.)
683 3060 736 3086 me·
757 3059 880 3086 misina.
