<?xml version="1.0" encoding="UTF-8"?>
<!DOCTYPE html PUBLIC "-//W3C//DTD XHTML 1.0 Transitional//EN"
    "http://www.w3.org/TR/xhtml1/DTD/xhtml1-transitional.dtd">
<html xmlns="http://www.w3.org/1999/xhtml" xml:lang="en" lang="en">
 <head>
  <title>
</title>
<meta http-equiv="Content-Type" content="text/html;charset=utf-8" />
  <meta name='ocr-system' content='tesseract 3.04.00' />
  <meta name='ocr-capabilities' content='ocr_page ocr_carea ocr_par ocr_line ocrx_word'/>
</head>
<body>
  <div class='ocr_page' id='page_1' title='image "./actaconciliicons02counuoft/actaconciliicons02counuoft_0124.png"; bbox 0 0 2102 3444; ppageno 0'>
   <div class='ocr_carea' id='block_1_1' title="bbox 249 126 1492 171">
    <p class='ocr_par' dir='ltr' id='par_1_1' title="bbox 249 126 1492 171">
     <span class='ocr_line' id='line_1_1' title="bbox 249 126 1492 171; baseline 0.001 -12"><span class='ocrx_word' id='word_1_1' title='bbox 249 126 331 169; x_wconf 90' lang='lat'>110</span> <span class='ocrx_word' id='word_1_2' title='bbox 777 126 801 160; x_wconf 92' lang='grc' dir='ltr'>Ι.</span> <span class='ocrx_word' id='word_1_3' title='bbox 837 126 1046 161; x_wconf 79' lang='lat' dir='ltr'>Abschnitt.</span> <span class='ocrx_word' id='word_1_4' title='bbox 1092 126 1492 171; x_wconf 80' lang='lat' dir='ltr'>Konzilstagebiicher.</span> 
     </span>
    </p>
   </div>
   <div class='ocr_carea' id='block_1_2' title="bbox 243 243 2020 2988">
    <p class='ocr_par' dir='ltr' id='par_1_2' title="bbox 246 243 2020 1145">
     <span class='ocr_line' id='line_1_2' title="bbox 248 243 2018 299; baseline 0.002 -15"><span class='ocrx_word' id='word_1_5' title='bbox 248 243 481 296; x_wconf 83' lang='lat' dir='ltr'>dixerunt,</span> <span class='ocrx_word' id='word_1_6' title='bbox 516 243 638 296; x_wconf 90' lang='lat' dir='ltr'>quod</span> <span class='ocrx_word' id='word_1_7' title='bbox 673 244 752 286; x_wconf 85' lang='lat' dir='ltr'>illa</span> <span class='ocrx_word' id='word_1_8' title='bbox 787 245 951 286; x_wconf 82' lang='lat' dir='ltr'>cedula</span> <span class='ocrx_word' id='word_1_9' title='bbox 986 257 1070 297; x_wconf 91' lang='lat' dir='ltr'>per</span> <span class='ocrx_word' id='word_1_10' title='bbox 1104 257 1265 287; x_wconf 91' lang='lat' dir='ltr'>omnes</span> <span class='ocrx_word' id='word_1_11' title='bbox 1301 245 1406 287; x_wconf 93' lang='lat' dir='ltr'>illos</span> <span class='ocrx_word' id='word_1_12' title='bbox 1441 246 1617 299; x_wconf 88' lang='lat' dir='ltr'>legatos</span> <span class='ocrx_word' id='word_1_13' title='bbox 1650 245 1914 299; x_wconf 83' lang='lat' dir='ltr'>gratissime</span> <span class='ocrx_word' id='word_1_14' title='bbox 1947 257 2018 287; x_wconf 92' lang='lat' dir='ltr'>re-</span> 
     </span>
     <span class='ocr_line' id='line_1_3' title="bbox 248 315 2017 369; baseline 0.002 -14"><span class='ocrx_word' id='word_1_15' title='bbox 248 317 379 367; x_wconf 80' lang='lat' dir='ltr'>cepta</span> <span class='ocrx_word' id='word_1_16' title='bbox 414 317 528 366; x_wconf 87' lang='lat' dir='ltr'>erat,</span> <span class='ocrx_word' id='word_1_17' title='bbox 562 318 607 356; x_wconf 90' lang='lat' dir='ltr'>et</span> <span class='ocrx_word' id='word_1_18' title='bbox 642 316 789 367; x_wconf 84' lang='lat' dir='ltr'>parati</span> <span class='ocrx_word' id='word_1_19' title='bbox 826 319 958 357; x_wconf 88' lang='lat' dir='ltr'>erant</span> <span class='ocrx_word' id='word_1_20' title='bbox 995 328 1044 357; x_wconf 77' lang='lat' dir='ltr'>se</span> <span class='ocrx_word' id='word_1_21' title='bbox 1081 315 1229 367; x_wconf 90' lang='lat' dir='ltr'>unire,</span> <span class='ocrx_word' id='word_1_22' title='bbox 1266 317 1302 357; x_wconf 90' lang='lat' dir='ltr'>si</span> <span class='ocrx_word' id='word_1_23' title='bbox 1339 317 1546 369; x_wconf 80' lang='lat' dir='ltr'>placeret</span> <span class='ocrx_word' id='word_1_24' title='bbox 1579 315 1853 359; x_wconf 81' lang='lat' dir='ltr'>nacionibus</span> <span class='ocrx_word' id='word_1_25' title='bbox 1889 316 2017 358; x_wconf 92' lang='lat' dir='ltr'>illam</span> 
     </span>
     <span class='ocr_line' id='line_1_4' title="bbox 248 385 2019 440; baseline 0.001 -14"><span class='ocrx_word' id='word_1_26' title='bbox 248 389 507 438; x_wconf 79' lang='lat' dir='ltr'>acceptare;</span> <span class='ocrx_word' id='word_1_27' title='bbox 544 385 786 438; x_wconf 86' lang='lat' dir='ltr'>positaque</span> <span class='ocrx_word' id='word_1_28' title='bbox 825 387 902 428; x_wconf 92' lang='lat' dir='ltr'>illa</span> <span class='ocrx_word' id='word_1_29' title='bbox 938 386 1102 428; x_wconf 85' lang='lat' dir='ltr'>cedula</span> <span class='ocrx_word' id='word_1_30' title='bbox 1139 387 1183 427; x_wconf 92' lang='lat' dir='ltr'>in</span> <span class='ocrx_word' id='word_1_31' title='bbox 1219 386 1614 429; x_wconf 78' lang='lat' dir='ltr'>deliberacionem</span> <span class='ocrx_word' id='word_1_32' title='bbox 1650 399 1734 439; x_wconf 93' lang='lat' dir='ltr'>per</span> <span class='ocrx_word' id='word_1_33' title='bbox 1768 386 2019 440; x_wconf 90' lang='lat' dir='ltr'>archiepis-</span> 
     </span>
     <span class='ocr_line' id='line_1_5' title="bbox 247 456 2019 511; baseline 0.001 -14"><span class='ocrx_word' id='word_1_34' title='bbox 247 468 410 508; x_wconf 81' lang='lat' dir='ltr'>copum</span> <span class='ocrx_word' id='word_1_35' title='bbox 441 456 777 510; x_wconf 91' lang='lat' dir='ltr'>Turonensem,</span> <span class='ocrx_word' id='word_1_36' title='bbox 807 457 1125 509; x_wconf 81' lang='lat' dir='ltr'>presidentem</span> <span class='ocrx_word' id='word_1_37' title='bbox 1159 458 1204 498; x_wconf 88' lang='lat' dir='ltr'>in</span> <span class='ocrx_word' id='word_1_38' title='bbox 1234 457 1314 499; x_wconf 88' lang='lat' dir='ltr'>illa</span> <span class='ocrx_word' id='word_1_39' title='bbox 1344 457 1552 509; x_wconf 86' lang='lat' dir='ltr'>nacione,</span> <span class='ocrx_word' id='word_1_40' title='bbox 1585 459 1629 499; x_wconf 90' lang='lat' dir='ltr'>in</span> <span class='ocrx_word' id='word_1_41' title='bbox 1660 470 1750 510; x_wconf 91' lang='lat' dir='ltr'>qua</span> <span class='ocrx_word' id='word_1_42' title='bbox 1780 460 1885 499; x_wconf 92' lang='lat' dir='ltr'>tunc</span> <span class='ocrx_word' id='word_1_43' title='bbox 1914 469 2019 511; x_wconf 90' lang='lat' dir='ltr'>pre-</span> 
     </span>
     <span class='ocr_line' id='line_1_6' title="bbox 248 527 2018 581; baseline 0.001 -14"><span class='ocrx_word' id='word_1_44' title='bbox 248 529 404 568; x_wconf 80' lang='lat' dir='ltr'>sentes</span> <span class='ocrx_word' id='word_1_45' title='bbox 449 530 580 568; x_wconf 90' lang='lat' dir='ltr'>erant</span> <span class='ocrx_word' id='word_1_46' title='bbox 626 530 831 569; x_wconf 82' lang='lat' dir='ltr'>trecente</span> <span class='ocrx_word' id='word_1_47' title='bbox 877 539 1078 579; x_wconf 84' lang='lat' dir='ltr'>persone</span> <span class='ocrx_word' id='word_1_48' title='bbox 1126 527 1346 580; x_wconf 84' lang='lat' dir='ltr'>insignes,</span> <span class='ocrx_word' id='word_1_49' title='bbox 1391 540 1448 569; x_wconf 87' lang='lat' dir='ltr'>ex</span> <span class='ocrx_word' id='word_1_50' title='bbox 1494 528 1663 581; x_wconf 90' lang='lat' dir='ltr'>quibus</span> <span class='ocrx_word' id='word_1_51' title='bbox 1709 528 1849 581; x_wconf 88' lang='lat' dir='ltr'>legati</span> <span class='ocrx_word' id='word_1_52' title='bbox 1894 527 2018 581; x_wconf 89' lang='lat' dir='ltr'>regis</span> 
     </span>
     <span class='ocr_line' id='line_1_7' title="bbox 250 597 2019 651; baseline 0.001 -13"><span class='ocrx_word' id='word_1_53' title='bbox 250 598 456 649; x_wconf 86' lang='lat' dir='ltr'>Francie,</span> <span class='ocrx_word' id='word_1_54' title='bbox 489 597 771 651; x_wconf 87' lang='lat' dir='ltr'>Burgundie,</span> <span class='ocrx_word' id='word_1_55' title='bbox 803 598 980 640; x_wconf 81' lang='lat' dir='ltr'>comitis</span> <span class='ocrx_word' id='word_1_56' title='bbox 1015 599 1142 651; x_wconf 84' lang='lat' dir='ltr'>Fuxi,</span> <span class='ocrx_word' id='word_1_57' title='bbox 1176 599 1526 641; x_wconf 78' lang='lat' dir='ltr'>universitatum</span> <span class='ocrx_word' id='word_1_58' title='bbox 1559 599 1817 641; x_wconf 85' lang='lat' dir='ltr'>studiorum</span> <span class='ocrx_word' id='word_1_59' title='bbox 1849 599 2019 641; x_wconf 90' lang='lat' dir='ltr'>Parisi-</span> 
     </span>
     <span class='ocr_line' id='line_1_8' title="bbox 247 668 2019 723; baseline 0.001 -15"><span class='ocrx_word' id='word_1_60' title='bbox 247 668 388 720; x_wconf 88' lang='lat' dir='ltr'>ensis,</span> <span class='ocrx_word' id='word_1_61' title='bbox 436 668 692 721; x_wconf 79' lang='lat' dir='ltr'>Aureliani,</span> <span class='ocrx_word' id='word_1_62' title='bbox 741 669 1006 721; x_wconf 90' lang='lat' dir='ltr'>Tholosani,</span> <span class='ocrx_word' id='word_1_63' title='bbox 1062 669 1425 722; x_wconf 53' lang='lat' dir='ltr'>Aindegauensis,</span> <span class='ocrx_word' id='word_1_64' title='bbox 1477 669 1886 723; x_wconf 90' lang='lat' dir='ltr'>Montispessulani</span> <span class='ocrx_word' id='word_1_65' title='bbox 1933 681 2019 722; x_wconf 91' lang='lat' dir='ltr'>per</span> 
     </span>
     <span class='ocr_line' id='line_1_9' title="bbox 248 739 2016 794; baseline 0.002 -15"><span class='ocrx_word' id='word_1_66' title='bbox 248 740 456 792; x_wconf 87' lang='lat' dir='ltr'>singulos</span> <span class='ocrx_word' id='word_1_67' title='bbox 492 739 678 781; x_wconf 89' lang='lat' dir='ltr'>laudata</span> <span class='ocrx_word' id='word_1_68' title='bbox 713 743 758 782; x_wconf 82' lang='lat' dir='ltr'>et</span> <span class='ocrx_word' id='word_1_69' title='bbox 793 740 1049 793; x_wconf 86' lang='lat' dir='ltr'>approbata</span> <span class='ocrx_word' id='word_1_70' title='bbox 1083 744 1152 782; x_wconf 85' lang='lat' dir='ltr'>est</span> <span class='ocrx_word' id='word_1_71' title='bbox 1187 753 1287 782; x_wconf 88' lang='lat' dir='ltr'>cum</span> <span class='ocrx_word' id='word_1_72' title='bbox 1322 740 1582 793; x_wconf 84' lang='lat' dir='ltr'>graciarum</span> <span class='ocrx_word' id='word_1_73' title='bbox 1619 741 1798 783; x_wconf 89' lang='lat' dir='ltr'>actione</span> <span class='ocrx_word' id='word_1_74' title='bbox 1834 740 2016 794; x_wconf 87' lang='lat' dir='ltr'>spiritui</span> 
     </span>
     <span class='ocr_line' id='line_1_10' title="bbox 249 810 2018 864; baseline 0.002 -14"><span class='ocrx_word' id='word_1_75' title='bbox 249 813 405 851; x_wconf 90' lang='lat' dir='ltr'>sancto</span> <span class='ocrx_word' id='word_1_76' title='bbox 431 813 475 851; x_wconf 92' lang='lat' dir='ltr'>et</span> <span class='ocrx_word' id='word_1_77' title='bbox 500 810 818 853; x_wconf 87' lang='lat' dir='ltr'>cardinalibus</span> <span class='ocrx_word' id='word_1_78' title='bbox 844 814 1002 864; x_wconf 85' lang='lat' dir='ltr'>preter</span> <span class='ocrx_word' id='word_1_79' title='bbox 1027 812 1297 864; x_wconf 87' lang='lat' dir='ltr'>episcopum</span> <span class='ocrx_word' id='word_1_80' title='bbox 1323 812 1636 864; x_wconf 79' lang='lat' dir='ltr'>Aniciensem,</span> <span class='ocrx_word' id='word_1_81' title='bbox 1662 811 1739 864; x_wconf 88' lang='lat' dir='ltr'>qui</span> <span class='ocrx_word' id='word_1_82' title='bbox 1767 812 1913 864; x_wconf 90' lang='lat' dir='ltr'>ipsam</span> <span class='ocrx_word' id='word_1_83' title='bbox 1940 810 2018 853; x_wconf 92' lang='lat' dir='ltr'>diu</span> 
     </span>
     <span class='ocr_line' id='line_1_11' title="bbox 248 880 2020 935; baseline 0.002 -14"><span class='ocrx_word' id='word_1_84' title='bbox 248 880 374 923; x_wconf 72' lang='lat' dir='ltr'>visus</span> <span class='ocrx_word' id='word_1_85' title='bbox 401 884 471 923; x_wconf 88' lang='lat' dir='ltr'>est</span> <span class='ocrx_word' id='word_1_86' title='bbox 491 880 772 934; x_wconf 81' lang='lat' dir='ltr'>impugnare</span> <span class='ocrx_word' id='word_1_87' title='bbox 802 882 922 923; x_wconf 85' lang='lat' dir='ltr'>inter</span> <span class='ocrx_word' id='word_1_88' title='bbox 949 885 1103 924; x_wconf 90' lang='lat' dir='ltr'>cetera</span> <span class='ocrx_word' id='word_1_89' title='bbox 1131 882 1290 924; x_wconf 90' lang='lat' dir='ltr'>dicens</span> <span class='ocrx_word' id='word_1_90' title='bbox 1317 895 1401 935; x_wconf 90' lang='lat' dir='ltr'>pro</span> <span class='ocrx_word' id='word_1_91' title='bbox 1428 882 1747 935; x_wconf 83' lang='lat' dir='ltr'>fundamento,</span> <span class='ocrx_word' id='word_1_92' title='bbox 1775 882 1898 935; x_wconf 92' lang='lat' dir='ltr'>quod</span> <span class='ocrx_word' id='word_1_93' title='bbox 1924 894 2020 924; x_wconf 90' lang='lat' dir='ltr'>car-</span> 
     </span>
     <span class='ocr_line' id='line_1_12' title="bbox 248 951 2020 1006; baseline 0.001 -14"><span class='ocrx_word' id='word_1_94' title='bbox 248 951 430 994; x_wconf 87' lang='lat' dir='ltr'>dinales</span> <span class='ocrx_word' id='word_1_95' title='bbox 461 955 609 994; x_wconf 89' lang='lat' dir='ltr'>astute</span> <span class='ocrx_word' id='word_1_96' title='bbox 640 952 859 994; x_wconf 86' lang='lat' dir='ltr'>volebant</span> <span class='ocrx_word' id='word_1_97' title='bbox 890 954 961 994; x_wconf 84' lang='lat' dir='ltr'>ius</span> <span class='ocrx_word' id='word_1_98' title='bbox 991 953 1195 1006; x_wconf 89' lang='lat' dir='ltr'>eligendi</span> <span class='ocrx_word' id='word_1_99' title='bbox 1227 966 1410 1006; x_wconf 88' lang='lat' dir='ltr'>papam,</span> <span class='ocrx_word' id='word_1_100' title='bbox 1440 953 1564 1006; x_wconf 92' lang='lat' dir='ltr'>quod</span> <span class='ocrx_word' id='word_1_101' title='bbox 1594 953 1652 996; x_wconf 93' lang='lat' dir='ltr'>ad</span> <span class='ocrx_word' id='word_1_102' title='bbox 1682 965 1762 995; x_wconf 90' lang='lat' dir='ltr'>eos</span> <span class='ocrx_word' id='word_1_103' title='bbox 1792 965 1886 995; x_wconf 93' lang='lat' dir='ltr'>non</span> <span class='ocrx_word' id='word_1_104' title='bbox 1916 965 2020 1006; x_wconf 91' lang='lat' dir='ltr'>per-</span> 
     </span>
     <span class='ocr_line' id='line_1_13' title="bbox 246 1022 2020 1076; baseline 0.002 -13"><span class='ocrx_word' id='word_1_105' title='bbox 246 1022 422 1064; x_wconf 86' lang='lat' dir='ltr'>tinebat</span> <span class='ocrx_word' id='word_1_106' title='bbox 451 1035 536 1075; x_wconf 89' lang='lat' dir='ltr'>per</span> <span class='ocrx_word' id='word_1_107' title='bbox 567 1023 810 1064; x_wconf 88' lang='lat' dir='ltr'>concilium</span> <span class='ocrx_word' id='word_1_108' title='bbox 845 1023 959 1065; x_wconf 88' lang='lat' dir='ltr'>dari.</span> <span class='ocrx_word' id='word_1_109' title='bbox 1004 1023 1209 1065; x_wconf 86' lang='lat' dir='ltr'>Tandem</span> <span class='ocrx_word' id='word_1_110' title='bbox 1240 1024 1456 1066; x_wconf 85' lang='lat' dir='ltr'>conclusa</span> <span class='ocrx_word' id='word_1_111' title='bbox 1487 1027 1556 1066; x_wconf 86' lang='lat' dir='ltr'>est</span> <span class='ocrx_word' id='word_1_112' title='bbox 1588 1024 1715 1066; x_wconf 89' lang='lat' dir='ltr'>illius</span> <span class='ocrx_word' id='word_1_113' title='bbox 1746 1023 1910 1066; x_wconf 90' lang='lat' dir='ltr'>cedule</span> <span class='ocrx_word' id='word_1_114' title='bbox 1943 1035 2020 1076; x_wconf 91' lang='lat' dir='ltr'>ap-</span> 
     </span>
     <span class='ocr_line' id='line_1_14' title="bbox 249 1092 480 1145; baseline 0.004 -11"><span class='ocrx_word' id='word_1_115' title='bbox 249 1092 480 1145; x_wconf 89' lang='lat' dir='ltr'>probacio.</span> 
     </span>
    </p>

    <p class='ocr_par' dir='ltr' id='par_1_3' title="bbox 246 1164 2020 1360">
     <span class='ocr_line' id='line_1_15' title="bbox 363 1164 2020 1219; baseline 0.001 -14"><span class='ocrx_word' id='word_1_116' title='bbox 363 1164 588 1207; x_wconf 90' lang='lat' dir='ltr'>Naciones</span> <span class='ocrx_word' id='word_1_117' title='bbox 623 1165 790 1218; x_wconf 90' lang='lat' dir='ltr'>Ytalie,</span> <span class='ocrx_word' id='word_1_118' title='bbox 826 1165 1092 1218; x_wconf 87' lang='lat' dir='ltr'>Germanie,</span> <span class='ocrx_word' id='word_1_119' title='bbox 1126 1166 1366 1219; x_wconf 87' lang='lat' dir='ltr'>Hispanie,</span> <span class='ocrx_word' id='word_1_120' title='bbox 1401 1167 1576 1208; x_wconf 91' lang='lat' dir='ltr'>scilicet</span> <span class='ocrx_word' id='word_1_121' title='bbox 1610 1166 1940 1219; x_wconf 89' lang='lat' dir='ltr'>Aragonenses</span> <span class='ocrx_word' id='word_1_122' title='bbox 1974 1167 2020 1207; x_wconf 90' lang='lat' dir='ltr'>et</span> 
     </span>
     <span class='ocr_line' id='line_1_16' title="bbox 246 1235 2017 1289; baseline 0.001 -13"><span class='ocrx_word' id='word_1_123' title='bbox 246 1236 454 1288; x_wconf 80' lang='lat' dir='ltr'>Navarri,</span> <span class='ocrx_word' id='word_1_124' title='bbox 491 1239 535 1277; x_wconf 90' lang='lat' dir='ltr'>et</span> <span class='ocrx_word' id='word_1_125' title='bbox 571 1235 738 1289; x_wconf 83' lang='lat' dir='ltr'>Anglie</span> <span class='ocrx_word' id='word_1_126' title='bbox 776 1236 1008 1289; x_wconf 77' lang='lat' dir='ltr'>dixerunt,</span> <span class='ocrx_word' id='word_1_127' title='bbox 1047 1237 1169 1289; x_wconf 90' lang='lat' dir='ltr'>quod</span> <span class='ocrx_word' id='word_1_128' title='bbox 1205 1237 1525 1279; x_wconf 87' lang='lat' dir='ltr'>deliberarent</span> <span class='ocrx_word' id='word_1_129' title='bbox 1562 1236 1880 1289; x_wconf 91' lang='lat' dir='ltr'>communiter,</span> <span class='ocrx_word' id='word_1_130' title='bbox 1917 1248 2017 1278; x_wconf 91' lang='lat' dir='ltr'>cum</span> 
     </span>
     <span class='ocr_line' id='line_1_17' title="bbox 247 1306 1154 1360; baseline 0.001 -12"><span class='ocrx_word' id='word_1_131' title='bbox 247 1306 325 1349; x_wconf 94' lang='lat' dir='ltr'>illa</span> <span class='ocrx_word' id='word_1_132' title='bbox 355 1306 520 1349; x_wconf 83' lang='lat' dir='ltr'>cedula</span> <span class='ocrx_word' id='word_1_133' title='bbox 547 1306 763 1360; x_wconf 87' lang='lat' dir='ltr'>placebat</span> <span class='ocrx_word' id='word_1_134' title='bbox 791 1310 835 1349; x_wconf 92' lang='lat' dir='ltr'>et</span> <span class='ocrx_word' id='word_1_135' title='bbox 864 1306 1154 1349; x_wconf 86' lang='lat' dir='ltr'>laudabatur.</span> 
     </span>
    </p>

    <p class='ocr_par' dir='ltr' id='par_1_4' title="bbox 243 1378 2018 2069">
     <span class='ocr_line' id='line_1_18' title="bbox 363 1378 2018 1431; baseline 0 -12"><span class='ocrx_word' id='word_1_136' title='bbox 363 1378 463 1419; x_wconf 88' lang='lat' dir='ltr'>Hiis</span> <span class='ocrx_word' id='word_1_137' title='bbox 496 1378 811 1431; x_wconf 88' lang='lat' dir='ltr'>pendentibus</span> <span class='ocrx_word' id='word_1_138' title='bbox 843 1378 931 1420; x_wconf 83' lang='lat' dir='ltr'>fuit</span> <span class='ocrx_word' id='word_1_139' title='bbox 963 1378 1074 1420; x_wconf 80' lang='lat' dir='ltr'>finis</span> <span class='ocrx_word' id='word_1_140' title='bbox 1107 1379 1281 1421; x_wconf 90' lang='lat' dir='ltr'>mensis</span> <span class='ocrx_word' id='word_1_141' title='bbox 1317 1378 1423 1420; x_wconf 90' lang='lat' dir='ltr'>Maii</span> <span class='ocrx_word' id='word_1_142' title='bbox 1457 1378 1631 1420; x_wconf 91' lang='lat' dir='ltr'>scilicet</span> <span class='ocrx_word' id='word_1_143' title='bbox 1664 1378 1739 1420; x_wconf 91' lang='lat' dir='ltr'>die</span> <span class='ocrx_word' id='word_1_144' title='bbox 1773 1379 1883 1420; x_wconf 89' lang='lat' dir='ltr'>lune</span> <span class='ocrx_word' id='word_1_145' title='bbox 1913 1390 2018 1431; x_wconf 91' lang='lat' dir='ltr'>pre-</span> 
     </span>
     <span class='ocr_line' id='line_1_19' title="bbox 246 1448 2017 1503; baseline 0 -13"><span class='ocrx_word' id='word_1_146' title='bbox 246 1448 377 1490; x_wconf 88' lang='lat' dir='ltr'>dicta.</span> <span class='ocrx_word' id='word_1_147' title='bbox 422 1449 476 1490; x_wconf 91' lang='lat' dir='ltr'>Et</span> <span class='ocrx_word' id='word_1_148' title='bbox 508 1449 582 1490; x_wconf 90' lang='lat' dir='ltr'>die</span> <span class='ocrx_word' id='word_1_149' title='bbox 614 1450 776 1492; x_wconf 86' lang='lat' dir='ltr'>martis</span> <span class='ocrx_word' id='word_1_150' title='bbox 807 1452 910 1502; x_wconf 90' lang='lat' dir='ltr'>post</span> <span class='ocrx_word' id='word_1_151' title='bbox 940 1449 1289 1502; x_wconf 90' lang='lat' dir='ltr'>penthecostem</span> <span class='ocrx_word' id='word_1_152' title='bbox 1320 1449 1407 1491; x_wconf 83' lang='lat' dir='ltr'>fuit</span> <span class='ocrx_word' id='word_1_153' title='bbox 1437 1450 1588 1503; x_wconf 93' lang='lat' dir='ltr'>prima</span> <span class='ocrx_word' id='word_1_154' title='bbox 1620 1448 1720 1491; x_wconf 90' lang='lat' dir='ltr'>dies</span> <span class='ocrx_word' id='word_1_155' title='bbox 1752 1449 1894 1502; x_wconf 84' lang='lat' dir='ltr'>Junii,</span> <span class='ocrx_word' id='word_1_156' title='bbox 1927 1460 2017 1502; x_wconf 91' lang='lat' dir='ltr'>qua</span> 
     </span>
     <span class='ocr_line' id='line_1_20' title="bbox 245 1519 2017 1574; baseline 0.001 -13"><span class='ocrx_word' id='word_1_157' title='bbox 245 1520 447 1572; x_wconf 91' lang='lat' dir='ltr'>oportuit</span> <span class='ocrx_word' id='word_1_158' title='bbox 485 1520 642 1562; x_wconf 83' lang='lat' dir='ltr'>facere</span> <span class='ocrx_word' id='word_1_159' title='bbox 681 1519 978 1573; x_wconf 90' lang='lat' dir='ltr'>presidentes</span> <span class='ocrx_word' id='word_1_160' title='bbox 1017 1521 1063 1561; x_wconf 94' lang='lat' dir='ltr'>in</span> <span class='ocrx_word' id='word_1_161' title='bbox 1100 1521 1389 1562; x_wconf 90' lang='lat' dir='ltr'>nacionibus.</span> <span class='ocrx_word' id='word_1_162' title='bbox 1440 1521 1494 1562; x_wconf 92' lang='lat' dir='ltr'>Et</span> <span class='ocrx_word' id='word_1_163' title='bbox 1532 1520 1682 1562; x_wconf 83' lang='lat' dir='ltr'>fertur</span> <span class='ocrx_word' id='word_1_164' title='bbox 1720 1523 2017 1574; x_wconf 89' lang='lat' dir='ltr'>procuratum</span> 
     </span>
     <span class='ocr_line' id='line_1_21' title="bbox 244 1589 2015 1644; baseline 0.001 -13"><span class='ocrx_word' id='word_1_165' title='bbox 244 1603 350 1632; x_wconf 86' lang='lat' dir='ltr'>esse</span> <span class='ocrx_word' id='word_1_166' title='bbox 386 1603 471 1644; x_wconf 92' lang='lat' dir='ltr'>per</span> <span class='ocrx_word' id='word_1_167' title='bbox 508 1603 680 1644; x_wconf 88' lang='lat' dir='ltr'>regem,</span> <span class='ocrx_word' id='word_1_168' title='bbox 718 1591 840 1643; x_wconf 87' lang='lat' dir='ltr'>quod</span> <span class='ocrx_word' id='word_1_169' title='bbox 879 1592 925 1632; x_wconf 92' lang='lat' dir='ltr'>in</span> <span class='ocrx_word' id='word_1_170' title='bbox 960 1591 1234 1634; x_wconf 90' lang='lat' dir='ltr'>nacionibus</span> <span class='ocrx_word' id='word_1_171' title='bbox 1273 1591 1438 1643; x_wconf 89' lang='lat' dir='ltr'>Ytalie,</span> <span class='ocrx_word' id='word_1_172' title='bbox 1476 1591 1729 1633; x_wconf 82' lang='lat' dir='ltr'>Germanic</span> <span class='ocrx_word' id='word_1_173' title='bbox 1766 1593 1812 1633; x_wconf 88' lang='lat' dir='ltr'>et</span> <span class='ocrx_word' id='word_1_174' title='bbox 1847 1589 2015 1644; x_wconf 90' lang='lat' dir='ltr'>Anglie</span> 
     </span>
     <span class='ocr_line' id='line_1_22' title="bbox 244 1661 2017 1715; baseline 0 -13"><span class='ocrx_word' id='word_1_175' title='bbox 244 1661 440 1703; x_wconf 88' lang='lat' dir='ltr'>haberet</span> <span class='ocrx_word' id='word_1_176' title='bbox 465 1662 760 1714; x_wconf 88' lang='lat' dir='ltr'>presidentes</span> <span class='ocrx_word' id='word_1_177' title='bbox 790 1662 878 1703; x_wconf 91' lang='lat' dir='ltr'>sibi</span> <span class='ocrx_word' id='word_1_178' title='bbox 904 1665 1060 1715; x_wconf 92' lang='lat' dir='ltr'>gratos</span> <span class='ocrx_word' id='word_1_179' title='bbox 1087 1665 1133 1704; x_wconf 89' lang='lat' dir='ltr'>et</span> <span class='ocrx_word' id='word_1_180' title='bbox 1158 1662 1334 1715; x_wconf 89' lang='lat' dir='ltr'>habuit,</span> <span class='ocrx_word' id='word_1_181' title='bbox 1361 1662 1580 1704; x_wconf 87' lang='lat' dir='ltr'>videlicet</span> <span class='ocrx_word' id='word_1_182' title='bbox 1606 1662 1653 1703; x_wconf 94' lang='lat' dir='ltr'>in</span> <span class='ocrx_word' id='word_1_183' title='bbox 1680 1662 1876 1704; x_wconf 87' lang='lat' dir='ltr'>nacione</span> <span class='ocrx_word' id='word_1_184' title='bbox 1903 1661 2017 1704; x_wconf 90' lang='lat' dir='ltr'>Ger·</span> 
     </span>
     <span class='ocr_line' id='line_1_23' title="bbox 245 1731 2017 1786; baseline 0 -13"><span class='ocrx_word' id='word_1_185' title='bbox 245 1732 397 1774; x_wconf 89' lang='lat' dir='ltr'>manie</span> <span class='ocrx_word' id='word_1_186' title='bbox 424 1732 823 1785; x_wconf 88' lang='lat' dir='ltr'>archiepiscopum</span> <span class='ocrx_word' id='word_1_187' title='bbox 850 1732 1113 1786; x_wconf 83' lang='lat' dir='ltr'>Rigensem,</span> <span class='ocrx_word' id='word_1_188' title='bbox 1139 1734 1217 1786; x_wconf 88' lang='lat' dir='ltr'>qui</span> <span class='ocrx_word' id='word_1_189' title='bbox 1244 1736 1344 1775; x_wconf 87' lang='lat' dir='ltr'>erat</span> <span class='ocrx_word' id='word_1_190' title='bbox 1368 1735 1488 1775; x_wconf 90' lang='lat' dir='ltr'>totus</span> <span class='ocrx_word' id='word_1_191' title='bbox 1515 1733 1654 1786; x_wconf 89' lang='lat' dir='ltr'>regis,</span> <span class='ocrx_word' id='word_1_192' title='bbox 1678 1732 1846 1786; x_wconf 89' lang='lat' dir='ltr'>Anglie</span> <span class='ocrx_word' id='word_1_193' title='bbox 1871 1731 2017 1774; x_wconf 89' lang='lat' dir='ltr'>Saris-</span> 
     </span>
     <span class='ocr_line' id='line_1_24' title="bbox 243 1803 2016 1857; baseline 0 -13"><span class='ocrx_word' id='word_1_194' title='bbox 243 1804 500 1855; x_wconf 92' lang='lat' dir='ltr'>berienem,</span> <span class='ocrx_word' id='word_1_195' title='bbox 532 1804 578 1844; x_wconf 92' lang='lat' dir='ltr'>in</span> <span class='ocrx_word' id='word_1_196' title='bbox 610 1803 788 1845; x_wconf 91' lang='lat' dir='ltr'>Ytalica</span> <span class='ocrx_word' id='word_1_197' title='bbox 820 1807 973 1845; x_wconf 88' lang='lat' dir='ltr'>autem</span> <span class='ocrx_word' id='word_1_198' title='bbox 1005 1804 1092 1845; x_wconf 80' lang='lat' dir='ltr'>fuit</span> <span class='ocrx_word' id='word_1_199' title='bbox 1123 1803 1354 1846; x_wconf 86' lang='lat' dir='ltr'>discordia</span> <span class='ocrx_word' id='word_1_200' title='bbox 1385 1816 1470 1857; x_wconf 89' lang='lat' dir='ltr'>per</span> <span class='ocrx_word' id='word_1_201' title='bbox 1501 1804 1617 1846; x_wconf 91' lang='lat' dir='ltr'>duos</span> <span class='ocrx_word' id='word_1_202' title='bbox 1649 1803 1764 1857; x_wconf 89' lang='lat' dir='ltr'>dies,</span> <span class='ocrx_word' id='word_1_203' title='bbox 1794 1804 1902 1856; x_wconf 92' lang='lat' dir='ltr'>quia</span> <span class='ocrx_word' id='word_1_204' title='bbox 1934 1803 2016 1845; x_wconf 90' lang='lat' dir='ltr'>illa</span> 
     </span>
     <span class='ocr_line' id='line_1_25' title="bbox 246 1874 2014 1927; baseline -0.001 -11"><span class='ocrx_word' id='word_1_205' title='bbox 246 1875 378 1916; x_wconf 89' lang='lat' dir='ltr'>nacio</span> <span class='ocrx_word' id='word_1_206' title='bbox 415 1874 562 1916; x_wconf 85' lang='lat' dir='ltr'>divisa</span> <span class='ocrx_word' id='word_1_207' title='bbox 597 1878 697 1916; x_wconf 87' lang='lat' dir='ltr'>erat</span> <span class='ocrx_word' id='word_1_208' title='bbox 731 1878 922 1927; x_wconf 90' lang='lat' dir='ltr'>propter</span> <span class='ocrx_word' id='word_1_209' title='bbox 957 1875 1072 1917; x_wconf 91' lang='lat' dir='ltr'>duas</span> <span class='ocrx_word' id='word_1_210' title='bbox 1108 1874 1408 1917; x_wconf 87' lang='lat' dir='ltr'>obediencias</span> <span class='ocrx_word' id='word_1_211' title='bbox 1443 1874 1670 1917; x_wconf 82' lang='lat' dir='ltr'>Johannis</span> <span class='ocrx_word' id='word_1_212' title='bbox 1704 1877 1750 1916; x_wconf 92' lang='lat' dir='ltr'>et</span> <span class='ocrx_word' id='word_1_213' title='bbox 1785 1874 2014 1927; x_wconf 88' lang='lat' dir='ltr'>Gregorii.</span> 
     </span>
     <span class='ocr_line' id='line_1_26' title="bbox 245 1945 2017 1999; baseline 0 -13"><span class='ocrx_word' id='word_1_214' title='bbox 245 1945 522 1998; x_wconf 88' lang='lat' dir='ltr'>Gregoriani</span> <span class='ocrx_word' id='word_1_215' title='bbox 551 1945 690 1998; x_wconf 89' lang='lat' dir='ltr'>enim,</span> <span class='ocrx_word' id='word_1_216' title='bbox 720 1946 826 1987; x_wconf 89' lang='lat' dir='ltr'>licet</span> <span class='ocrx_word' id='word_1_217' title='bbox 855 1946 1004 1998; x_wconf 87' lang='lat' dir='ltr'>pauci,</span> <span class='ocrx_word' id='word_1_218' title='bbox 1033 1946 1255 1988; x_wconf 88' lang='lat' dir='ltr'>tenebant</span> <span class='ocrx_word' id='word_1_219' title='bbox 1283 1949 1463 1998; x_wconf 87' lang='lat' dir='ltr'>partem</span> <span class='ocrx_word' id='word_1_220' title='bbox 1492 1946 1617 1999; x_wconf 88' lang='lat' dir='ltr'>regis</span> <span class='ocrx_word' id='word_1_221' title='bbox 1646 1948 1692 1987; x_wconf 87' lang='lat' dir='ltr'>et</span> <span class='ocrx_word' id='word_1_222' title='bbox 1718 1945 1905 1987; x_wconf 87' lang='lat' dir='ltr'>volebat</span> <span class='ocrx_word' id='word_1_223' title='bbox 1932 1956 2017 1986; x_wconf 89' lang='lat' dir='ltr'>rex</span> 
     </span>
     <span class='ocr_line' id='line_1_27' title="bbox 245 2015 1229 2069; baseline 0.001 -12"><span class='ocrx_word' id='word_1_224' title='bbox 245 2016 420 2058; x_wconf 90' lang='lat' dir='ltr'>habere</span> <span class='ocrx_word' id='word_1_225' title='bbox 460 2015 859 2058; x_wconf 87' lang='lat' dir='ltr'>Mediolanensem</span> <span class='ocrx_word' id='word_1_226' title='bbox 896 2015 1229 2069; x_wconf 89' lang='lat' dir='ltr'>presidentem.</span> 
     </span>
    </p>

    <p class='ocr_par' dir='ltr' id='par_1_5' title="bbox 245 2086 2016 2775">
     <span class='ocr_line' id='line_1_28' title="bbox 362 2086 2013 2140; baseline 0 -13"><span class='ocrx_word' id='word_1_227' title='bbox 362 2087 569 2128; x_wconf 90' lang='lat' dir='ltr'>Tandem</span> <span class='ocrx_word' id='word_1_228' title='bbox 598 2090 875 2139; x_wconf 79' lang='lat' dir='ltr'>congregata</span> <span class='ocrx_word' id='word_1_229' title='bbox 903 2087 1098 2128; x_wconf 90' lang='lat' dir='ltr'>nacione</span> <span class='ocrx_word' id='word_1_230' title='bbox 1127 2087 1213 2128; x_wconf 80' lang='lat' dir='ltr'>fuit</span> <span class='ocrx_word' id='word_1_231' title='bbox 1241 2088 1418 2129; x_wconf 86' lang='lat' dir='ltr'>electus</span> <span class='ocrx_word' id='word_1_232' title='bbox 1447 2086 1696 2140; x_wconf 91' lang='lat' dir='ltr'>presidens</span> <span class='ocrx_word' id='word_1_233' title='bbox 1724 2086 2013 2139; x_wconf 58' lang='lat' dir='ltr'>episcopusfl)</span> 
     </span>
     <span class='ocr_line' id='line_1_29' title="bbox 248 2157 2015 2210; baseline 0 -12"><span class='ocrx_word' id='word_1_234' title='bbox 248 2157 490 2199; x_wconf 88' lang='lat' dir='ltr'>Firmanus</span> <span class='ocrx_word' id='word_1_235' title='bbox 524 2158 762 2209; x_wconf 89' lang='lat' dir='ltr'>canonice;</span> <span class='ocrx_word' id='word_1_236' title='bbox 799 2157 986 2209; x_wconf 88' lang='lat' dir='ltr'>quidam</span> <span class='ocrx_word' id='word_1_237' title='bbox 1022 2161 1174 2199; x_wconf 90' lang='lat' dir='ltr'>autem</span> <span class='ocrx_word' id='word_1_238' title='bbox 1208 2158 1454 2210; x_wconf 88' lang='lat' dir='ltr'>elegerunt</span> <span class='ocrx_word' id='word_1_239' title='bbox 1491 2157 1903 2209; x_wconf 90' lang='lat' dir='ltr'>Mediolanensem,</span> <span class='ocrx_word' id='word_1_240' title='bbox 1937 2157 2015 2210; x_wconf 91' lang='lat' dir='ltr'>qui</span> 
     </span>
     <span class='ocr_line' id='line_1_30' title="bbox 245 2227 2016 2281; baseline -0.001 -12"><span class='ocrx_word' id='word_1_241' title='bbox 245 2229 372 2271; x_wconf 86' lang='lat' dir='ltr'>visus</span> <span class='ocrx_word' id='word_1_242' title='bbox 397 2231 467 2270; x_wconf 92' lang='lat' dir='ltr'>est</span> <span class='ocrx_word' id='word_1_243' title='bbox 493 2241 542 2271; x_wconf 93' lang='lat' dir='ltr'>se</span> <span class='ocrx_word' id='word_1_244' title='bbox 569 2228 828 2279; x_wconf 73' lang='lat' dir='ltr'>intrudere,</span> <span class='ocrx_word' id='word_1_245' title='bbox 857 2231 901 2269; x_wconf 88' lang='lat' dir='ltr'>et</span> <span class='ocrx_word' id='word_1_246' title='bbox 926 2231 1026 2270; x_wconf 93' lang='lat' dir='ltr'>orto</span> <span class='ocrx_word' id='word_1_247' title='bbox 1051 2241 1236 2269; x_wconf 88' lang='lat' dir='ltr'>rumore</span> <span class='ocrx_word' id='word_1_248' title='bbox 1263 2228 1414 2270; x_wconf 89' lang='lat' dir='ltr'>statim</span> <span class='ocrx_word' id='word_1_249' title='bbox 1443 2240 1540 2280; x_wconf 83' lang='lat' dir='ltr'>rex,</span> <span class='ocrx_word' id='word_1_250' title='bbox 1566 2228 1644 2281; x_wconf 92' lang='lat' dir='ltr'>qui</span> <span class='ocrx_word' id='word_1_251' title='bbox 1670 2227 1786 2270; x_wconf 83' lang='lat' dir='ltr'>foris</span> <span class='ocrx_word' id='word_1_252' title='bbox 1812 2230 1913 2270; x_wconf 91' lang='lat' dir='ltr'>erat</span> <span class='ocrx_word' id='word_1_253' title='bbox 1938 2240 2016 2270; x_wconf 86' lang='lat' dir='ltr'>ex-</span> 
     </span>
     <span class='ocr_line' id='line_1_31' title="bbox 245 2297 2016 2352; baseline 0 -12"><span class='ocrx_word' id='word_1_254' title='bbox 245 2302 449 2352; x_wconf 87' lang='lat' dir='ltr'>pectans,</span> <span class='ocrx_word' id='word_1_255' title='bbox 497 2299 684 2341; x_wconf 85' lang='lat' dir='ltr'>intravit</span> <span class='ocrx_word' id='word_1_256' title='bbox 729 2298 1032 2340; x_wconf 77' lang='lat' dir='ltr'>vehementer</span> <span class='ocrx_word' id='word_1_257' title='bbox 1079 2302 1331 2340; x_wconf 89' lang='lat' dir='ltr'>commotus</span> <span class='ocrx_word' id='word_1_258' title='bbox 1378 2302 1422 2340; x_wconf 91' lang='lat' dir='ltr'>et</span> <span class='ocrx_word' id='word_1_259' title='bbox 1470 2298 1622 2340; x_wconf 92' lang='lat' dir='ltr'>subito</span> <span class='ocrx_word' id='word_1_260' title='bbox 1667 2297 1816 2341; x_wconf 91' lang='lat' dir='ltr'>minas</span> <span class='ocrx_word' id='word_1_261' title='bbox 1863 2297 2016 2340; x_wconf 90' lang='lat' dir='ltr'>intulit</span> 
     </span>
     <span class='ocr_line' id='line_1_32' title="bbox 245 2368 2015 2423; baseline -0.001 -11"><span class='ocrx_word' id='word_1_262' title='bbox 245 2370 465 2423; x_wconf 88' lang='lat' dir='ltr'>episcopo</span> <span class='ocrx_word' id='word_1_263' title='bbox 503 2370 732 2411; x_wconf 86' lang='lat' dir='ltr'>Feltrensi</span> <span class='ocrx_word' id='word_1_264' title='bbox 773 2370 830 2410; x_wconf 89' lang='lat' dir='ltr'>de</span> <span class='ocrx_word' id='word_1_265' title='bbox 867 2369 1139 2422; x_wconf 89' lang='lat' dir='ltr'>perdicione</span> <span class='ocrx_word' id='word_1_266' title='bbox 1177 2369 1373 2411; x_wconf 91' lang='lat' dir='ltr'>ecclesie</span> <span class='ocrx_word' id='word_1_267' title='bbox 1413 2382 1495 2411; x_wconf 92' lang='lat' dir='ltr'>sue</span> <span class='ocrx_word' id='word_1_268' title='bbox 1533 2372 1578 2411; x_wconf 89' lang='lat' dir='ltr'>et</span> <span class='ocrx_word' id='word_1_269' title='bbox 1615 2381 1817 2422; x_wconf 89' lang='lat' dir='ltr'>persone</span> <span class='ocrx_word' id='word_1_270' title='bbox 1853 2372 1900 2411; x_wconf 93' lang='lat' dir='ltr'>et</span> <span class='ocrx_word' id='word_1_271' title='bbox 1935 2368 2015 2410; x_wconf 92' lang='lat' dir='ltr'>uni</span> 
     </span>
     <span class='ocr_line' id='line_1_33' title="bbox 246 2438 2016 2493; baseline -0.001 -11"><span class='ocrx_word' id='word_1_272' title='bbox 246 2440 458 2482; x_wconf 87' lang='lat' dir='ltr'>auditori.</span> <span class='ocrx_word' id='word_1_273' title='bbox 498 2441 551 2482; x_wconf 88' lang='lat' dir='ltr'>Et</span> <span class='ocrx_word' id='word_1_274' title='bbox 576 2440 701 2482; x_wconf 89' lang='lat' dir='ltr'>venit</span> <span class='ocrx_word' id='word_1_275' title='bbox 727 2440 783 2482; x_wconf 90' lang='lat' dir='ltr'>ad</span> <span class='ocrx_word' id='word_1_276' title='bbox 817 2440 1212 2482; x_wconf 85' lang='lat' dir='ltr'>Mediolanensem</span> <span class='ocrx_word' id='word_1_277' title='bbox 1239 2439 1638 2492; x_wconf 86' lang='lat' dir='ltr'>archiepiscopum</span> <span class='ocrx_word' id='word_1_278' title='bbox 1664 2442 1710 2481; x_wconf 92' lang='lat' dir='ltr'>et</span> <span class='ocrx_word' id='word_1_279' title='bbox 1735 2439 1865 2493; x_wconf 84' lang='lat' dir='ltr'>dixit,</span> <span class='ocrx_word' id='word_1_280' title='bbox 1893 2438 2016 2492; x_wconf 94' lang='lat' dir='ltr'>quod</span> 
     </span>
     <span class='ocr_line' id='line_1_34' title="bbox 245 2509 2015 2564; baseline -0.001 -11"><span class='ocrx_word' id='word_1_281' title='bbox 245 2524 350 2553; x_wconf 90' lang='lat' dir='ltr'>eum</span> <span class='ocrx_word' id='word_1_282' title='bbox 373 2514 697 2553; x_wconf 87' lang='lat' dir='ltr'>manuteneret</span> <span class='ocrx_word' id='word_1_283' title='bbox 719 2510 765 2552; x_wconf 94' lang='lat' dir='ltr'>in</span> <span class='ocrx_word' id='word_1_284' title='bbox 787 2511 1084 2563; x_wconf 89' lang='lat' dir='ltr'>presidencia</span> <span class='ocrx_word' id='word_1_285' title='bbox 1107 2514 1151 2552; x_wconf 89' lang='lat' dir='ltr'>et</span> <span class='ocrx_word' id='word_1_286' title='bbox 1173 2511 1315 2552; x_wconf 89' lang='lat' dir='ltr'>multa</span> <span class='ocrx_word' id='word_1_287' title='bbox 1338 2511 1481 2552; x_wconf 84' lang='lat' dir='ltr'>verba</span> <span class='ocrx_word' id='word_1_288' title='bbox 1504 2523 1673 2564; x_wconf 91' lang='lat' dir='ltr'>aspera</span> <span class='ocrx_word' id='word_1_289' title='bbox 1695 2510 1870 2563; x_wconf 88' lang='lat' dir='ltr'>dicens,</span> <span class='ocrx_word' id='word_1_290' title='bbox 1892 2509 2015 2563; x_wconf 92' lang='lat' dir='ltr'>quod</span> 
     </span>
     <span class='ocr_line' id='line_1_35' title="bbox 245 2579 2014 2634; baseline -0.002 -10"><span class='ocrx_word' id='word_1_291' title='bbox 245 2583 431 2624; x_wconf 88' lang='lat' dir='ltr'>tolleret</span> <span class='ocrx_word' id='word_1_292' title='bbox 471 2582 734 2624; x_wconf 90' lang='lat' dir='ltr'>turbatores</span> <span class='ocrx_word' id='word_1_293' title='bbox 776 2580 972 2634; x_wconf 88' lang='lat' dir='ltr'>concilii,</span> <span class='ocrx_word' id='word_1_294' title='bbox 1012 2582 1157 2623; x_wconf 92' lang='lat' dir='ltr'>eciam</span> <span class='ocrx_word' id='word_1_295' title='bbox 1200 2581 1237 2623; x_wconf 94' lang='lat' dir='ltr'>si</span> <span class='ocrx_word' id='word_1_296' title='bbox 1280 2581 1474 2623; x_wconf 85' lang='lat' dir='ltr'>deberet</span> <span class='ocrx_word' id='word_1_297' title='bbox 1513 2593 1690 2634; x_wconf 90' lang='lat' dir='ltr'>ponere</span> <span class='ocrx_word' id='word_1_298' title='bbox 1732 2583 1915 2623; x_wconf 90' lang='lat' dir='ltr'>centum</span> <span class='ocrx_word' id='word_1_299' title='bbox 1957 2579 2014 2623; x_wconf 90' lang='lat' dir='ltr'>ad</span> 
     </span>
     <span class='ocr_line' id='line_1_36' title="bbox 246 2650 2015 2705; baseline -0.001 -11"><span class='ocrx_word' id='word_1_300' title='bbox 246 2665 415 2695; x_wconf 91' lang='lat' dir='ltr'>saccos.</span> <span class='ocrx_word' id='word_1_301' title='bbox 457 2653 511 2694; x_wconf 86' lang='lat' dir='ltr'>Et</span> <span class='ocrx_word' id='word_1_302' title='bbox 538 2652 599 2694; x_wconf 91' lang='lat' dir='ltr'>ita</span> <span class='ocrx_word' id='word_1_303' title='bbox 627 2652 810 2694; x_wconf 80' lang='lat' dir='ltr'>turbata</span> <span class='ocrx_word' id='word_1_304' title='bbox 839 2655 909 2693; x_wconf 92' lang='lat' dir='ltr'>est</span> <span class='ocrx_word' id='word_1_305' title='bbox 938 2652 1018 2693; x_wconf 90' lang='lat' dir='ltr'>illa</span> <span class='ocrx_word' id='word_1_306' title='bbox 1047 2651 1190 2693; x_wconf 89' lang='lat' dir='ltr'>nacio.</span> <span class='ocrx_word' id='word_1_307' title='bbox 1233 2652 1286 2693; x_wconf 89' lang='lat' dir='ltr'>Et</span> <span class='ocrx_word' id='word_1_308' title='bbox 1315 2654 1544 2694; x_wconf 91' lang='lat' dir='ltr'>venerunt</span> <span class='ocrx_word' id='word_1_309' title='bbox 1572 2665 1630 2693; x_wconf 87' lang='lat' dir='ltr'>ex</span> <span class='ocrx_word' id='word_1_310' title='bbox 1658 2651 1740 2694; x_wconf 92' lang='lat' dir='ltr'>illa</span> <span class='ocrx_word' id='word_1_311' title='bbox 1767 2651 1930 2705; x_wconf 89' lang='lat' dir='ltr'>plures</span> <span class='ocrx_word' id='word_1_312' title='bbox 1957 2650 2015 2694; x_wconf 86' lang='lat' dir='ltr'>ad</span> 
     </span>
     <span class='ocr_line' id='line_1_37' title="bbox 245 2723 1094 2775; baseline -0.001 -11"><span class='ocrx_word' id='word_1_313' title='bbox 245 2723 524 2775; x_wconf 87' lang='lat' dir='ltr'>cardinales,</span> <span class='ocrx_word' id='word_1_314' title='bbox 551 2723 628 2775; x_wconf 90' lang='lat' dir='ltr'>qui</span> <span class='ocrx_word' id='word_1_315' title='bbox 656 2725 790 2764; x_wconf 89' lang='lat' dir='ltr'>erant</span> <span class='ocrx_word' id='word_1_316' title='bbox 816 2723 1094 2775; x_wconf 89' lang='lat' dir='ltr'>congregati.</span> 
     </span>
    </p>

    <p class='ocr_par' dir='ltr' id='par_1_6' title="bbox 246 2791 2014 2988">
     <span class='ocr_line' id='line_1_38' title="bbox 364 2791 2013 2846; baseline -0.001 -11"><span class='ocrx_word' id='word_1_317' title='bbox 364 2794 471 2835; x_wconf 87' lang='lat' dir='ltr'>Post</span> <span class='ocrx_word' id='word_1_318' title='bbox 495 2794 579 2835; x_wconf 86' lang='lat' dir='ltr'>hec</span> <span class='ocrx_word' id='word_1_319' title='bbox 606 2806 688 2834; x_wconf 83' lang='lat' dir='ltr'>rex</span> <span class='ocrx_word' id='word_1_320' title='bbox 714 2793 921 2846; x_wconf 89' lang='lat' dir='ltr'>precepit</span> <span class='ocrx_word' id='word_1_321' title='bbox 948 2793 1261 2845; x_wconf 87' lang='lat' dir='ltr'>personaliter</span> <span class='ocrx_word' id='word_1_322' title='bbox 1286 2792 1511 2845; x_wconf 89' lang='lat' dir='ltr'>gardiano</span> <span class='ocrx_word' id='word_1_323' title='bbox 1537 2795 1791 2835; x_wconf 89' lang='lat' dir='ltr'>conventus</span> <span class='ocrx_word' id='word_1_324' title='bbox 1817 2791 2013 2834; x_wconf 83' lang='lat' dir='ltr'>fratrum</span> 
     </span>
     <span class='ocr_line' id='line_1_39' title="bbox 246 2863 2014 2917; baseline -0.001 -12"><span class='ocrx_word' id='word_1_325' title='bbox 246 2865 488 2916; x_wconf 86' lang='lat' dir='ltr'>Minorum,</span> <span class='ocrx_word' id='word_1_326' title='bbox 509 2864 631 2917; x_wconf 87' lang='lat' dir='ltr'>quod</span> <span class='ocrx_word' id='word_1_327' title='bbox 652 2876 743 2906; x_wconf 91' lang='lat' dir='ltr'>non</span> <span class='ocrx_word' id='word_1_328' title='bbox 761 2865 965 2916; x_wconf 87' lang='lat' dir='ltr'>aperiret</span> <span class='ocrx_word' id='word_1_329' title='bbox 983 2863 1112 2904; x_wconf 92' lang='lat' dir='ltr'>illum</span> <span class='ocrx_word' id='word_1_330' title='bbox 1129 2864 1292 2915; x_wconf 88' lang='lat' dir='ltr'>locum,</span> <span class='ocrx_word' id='word_1_331' title='bbox 1308 2863 1386 2904; x_wconf 91' lang='lat' dir='ltr'>ubi</span> <span class='ocrx_word' id='word_1_332' title='bbox 1403 2864 1770 2916; x_wconf 89' lang='lat' dir='ltr'>congregabatur</span> <span class='ocrx_word' id='word_1_333' title='bbox 1786 2863 1867 2905; x_wconf 89' lang='lat' dir='ltr'>illa</span> <span class='ocrx_word' id='word_1_334' title='bbox 1881 2863 2014 2905; x_wconf 86' lang='lat' dir='ltr'>nacio</span> 
     </span>
     <span class='ocr_line' id='line_1_40' title="bbox 248 2934 2013 2988; baseline -0.001 -11"><span class='ocrx_word' id='word_1_335' title='bbox 248 2936 439 2988; x_wconf 84' lang='lat' dir='ltr'>Ytalica,</span> <span class='ocrx_word' id='word_1_336' title='bbox 461 2935 551 2976; x_wconf 90' lang='lat' dir='ltr'>nisi</span> <span class='ocrx_word' id='word_1_337' title='bbox 575 2935 925 2987; x_wconf 88' lang='lat' dir='ltr'>archiepiscopo</span> <span class='ocrx_word' id='word_1_338' title='bbox 950 2934 1301 2987; x_wconf 86' lang='lat' dir='ltr'>Mediolanensi,</span> <span class='ocrx_word' id='word_1_339' title='bbox 1324 2937 1369 2976; x_wconf 89' lang='lat' dir='ltr'>et</span> <span class='ocrx_word' id='word_1_340' title='bbox 1391 2934 1559 2987; x_wconf 90' lang='lat' dir='ltr'>quibus</span> <span class='ocrx_word' id='word_1_341' title='bbox 1580 2935 1736 2987; x_wconf 87' lang='lat' dir='ltr'>vellet,</span> <span class='ocrx_word' id='word_1_342' title='bbox 1758 2935 1836 2987; x_wconf 92' lang='lat' dir='ltr'>qui</span> <span class='ocrx_word' id='word_1_343' title='bbox 1858 2937 2013 2976; x_wconf 90' lang='lat' dir='ltr'>tamen</span> 
     </span>
    </p>
   </div>
   <div class='ocr_carea' id='block_1_3' title="bbox 355 3025 752 3061">
    <p class='ocr_par' dir='ltr' id='par_1_7' title="bbox 355 3025 752 3061">
     <span class='ocr_line' id='line_1_41' title="bbox 355 3025 752 3061; baseline -0.005 -8"><span class='ocrx_word' id='word_1_344' title='bbox 355 3027 384 3060; x_wconf 83' lang='lat' dir='ltr'>a)</span> <span class='ocrx_word' id='word_1_345' title='bbox 406 3028 451 3053; x_wconf 63' lang='lat'>15:</span> <span class='ocrx_word' id='word_1_346' title='bbox 473 3025 752 3061; x_wconf 80' lang='lat' dir='ltr'>archiepiscopus.</span> 
     </span>
    </p>
   </div>
  </div>
 </body>
</html>
