2227 3434
708 175 798 210 141ss
822 176 921 219 Sept.
947 180 968 210 ω
994 197 1033 200 —
1059 176 1160 219 Sept.
1186 176 1238 210 10.
1771 177 1855 219 467

90 307 210 336 nunc
237 294 493 347 impediunt
518 294 860 345 execucionem‚
887 294 1007 346 quod
1034 294 1100 335 rei
1126 293 1243 336 fiant
1269 294 1508 347 sanguinis
1534 294 1736 336 omnium
1763 295 1857 336 ani—

91 377 267 406 marum
292 365 531 406 occasione
555 364 660 406 talis
685 364 928 406 dilacionis
953 365 1269 416 pereuncium.

208 435 322 477 Puto
354 434 514 487 eciam,
548 435 669 487 quod
704 438 828 476 recto
862 435 1025 476 ordine
1062 438 1167 476 ante
1201 435 1477 476 electionem
1513 435 1677 477 summi
1711 436 1858 488 ponti-

89 505 192 548 ficis
227 505 519 547 emendande
557 506 648 547 sint
681 505 1084 557 prevaricaciones
1119 505 1273 546 divine
1311 505 1440 559 legis,
1475 506 1724 558 presertim
1760 506 1858 546 uni-

90 576 300 618 versales
336 576 557 617 maiorem
595 579 773 628 partem
809 575 1004 617 ecclesie
1043 576 1342 627 maculantes,
1380 588 1573 628 quarum
1610 575 1858 629 gravisima

89 649 158 688 est
186 647 409 699 symonia,
436 659 494 687 ne
521 646 597 688 det
623 646 756 687 nobis
784 646 909 687 Deus
934 649 1168 698 pastorem
1198 646 1243 686 in
1270 646 1428 688 furore
1456 659 1553 699 suo,
1578 659 1670 688 non
1698 642 1858 687 secun-

90 716 197 758 dum
229 729 306 759 cor
338 729 485 769 suum,
519 720 588 758 set
620 716 871 758 secundum
903 719 1061 758 nostra
1094 715 1334 769 demerita,
1367 716 1756 769 quemadmodum
1786 717 1859 758 hic

89 799 212 829 anno
239 788 464 841 preterito
491 787 667 828 diffuse
697 787 868 828 deduxi
899 800 957 828 ex
986 786 1334 829 auctoritatibus
1363 788 1603 828 beatorum
1632 786 1859 829 Jeronimi

90 861 136 899 et
161 856 374 911 Gregorii
401 858 445 898 in
473 869 687 899 sermone
715 858 770 898 de
799 857 968 899 sanctis
994 857 1131 898 Petro
1156 860 1201 898 et
1227 857 1426 910 Paulo.¹)

208 928 384 970 Rursus
409 927 486 970 alii
512 915 788 980 repellendo
814 961 821 968 .
858 961 865 968 .
902 961 910 968 .
937 927 1107 979 dicunt,
1133 927 1255 980 quod
1281 928 1326 968 in
1350 927 1453 969 foro
1478 928 1741 980 penitencie
1766 918 1858 969 non

90 999 149 1040 sit
169 999 496 1040 committenda
520 998 784 1040 doctoribus
809 998 1055 1040 auctorit-as
1080 998 1353 1040 absolvendi
1379 999 1668 1050 symoniacos
1691 1001 1736 1040 et
1758 1011 1858 1039 cum

91 1068 159 1111 eis
187 1068 491 1122 dispensandi
521 1072 623 1120 etc.;
654 1081 712 1110 ne
743 1069 925 1121 papalis
956 1069 1203 1110 auctorItas
1234 1069 1527 1110 multitudine
1556 1070 1760 1121 vilescat,
1792 1071 1861 1111 set

91 1139 353 1193 ordinariis,
386 1140 478 1192 qui,
511 1143 558 1181 ut
591 1140 732 1191 aiunt,
763 1139 1114 1192 presumptione
1146 1139 1261 1181 iuriis
1293 1140 1439 1192 magis
1469 1139 1638 1192 ydonei
1671 1143 1714 1181 et
1745 1139 1860 1180 fide-

91 1210 233 1253 liores
270 1213 375 1252 sunt
413 1210 624 1262 subditis,
662 1210 829 1263 quibus
867 1222 916 1251 se
955 1222 1038 1262 pre
1076 1210 1244 1251 ceteris
1282 1209 1613 1251 astrinxerunt.
1663 1210 1746 1262 Ve,
1782 1209 1859 1262 qui

92 1281 331 1334 sapientes
349 1281 462 1322 estis
485 1281 608 1333 apud
631 1280 939 1334 vosmetipsos
959 1283 1003 1322 et
1028 1281 1088 1322 ita
1111 1280 1339 1333 desipitis,
1362 1283 1409 1322 ut
1431 1281 1675 1333 episcopos
1697 1266 1861 1322 consti-

90 1351 228 1394 tuatis
256 1351 434 1394 iudices
462 1352 508 1392 in
536 1363 674 1393 causa
702 1352 906 1404 propria.
951 1351 1043 1404 Ipsi
1073 1351 1197 1393 enim
1227 1354 1332 1392 sunt
1360 1363 1483 1403 pars,
1512 1351 1589 1404 qui
1619 1364 1727 1393 suos
1756 1350 1861 1392 sub-

92 1422 211 1464 ditos
250 1422 309 1464 ad
347 1421 601 1474 symoniam
642 1421 940 1463 induxerunt.
994 1455 1001 1462 .
1038 1455 1045 1463 .
1082 1455 1090 1463 .
1142 1421 1242 1474 Qui,
1283 1433 1441 1474 queso,
1482 1424 1587 1464 sunt
1626 1421 1860 1481 turpiores

92 1492 342 1546 symoniaci
384 1505 521 1546 quam
562 1492 818 1534 ordinarii‘.>
874 1491 1013 1534 Certe
1053 1491 1184 1544 nulli,
1225 1492 1315 1533 nisi
1358 1491 1480 1533 forte
1519 1491 1719 1533 curiales
1763 1525 1771 1533 .
1808 1525 1815 1533 .

91 1563 347 1605 verendum
376 1566 459 1616 est,
489 1563 612 1616 quod
640 1563 760 1616 patri
790 1576 873 1605 suo
901 1562 1087 1615 Symoni
1118 1563 1182 1604 sic
1211 1575 1376 1604 novam
1406 1562 1551 1604 velint
1579 1562 1860 1604 constituere

91 1633 330 1676 officinam
362 1668 370 1676 .
406 1667 414 1675 .
450 1667 460 1676 .
501 1633 611 1685 Quis
640 1633 983 1675 ordinariorum
1013 1636 1188 1676 tantum
1219 1633 1397 1675 subiret
1427 1633 1649 1686 laborem,
1681 1636 1730 1675 ut
1759 1633 1860 1686 ipse

91 1704 254 1747 unicus
281 1705 408 1746 mille
437 1704 633 1757 audiret,
663 1704 875 1747 distincte
905 1707 950 1745 et
976 1703 1225 1757 diligenter
1252 1703 1310 1745 ad
1334 1704 1648 1756 penitenciam
1676 1702 1861 1745 induce-

92 1780 162 1818 ret
187 1810 195 1817 .
231 1809 239 1817 .
276 1809 283 1817 .
322 1775 487 1818 Pocius
512 1787 622 1827 ergo
647 1774 974 1816 committenda
999 1777 1068 1816 est
1093 1774 1200 1816 talis
1225 1773 1471 1816 auctoritas
1498 1773 1656 1826 doctis,
1682 1773 1739 1815 de
1765 1773 1860 1826 qui—

91 1846 177 1888 bus
212 1845 364 1888 saltim
397 1845 661 1898 confiditur,
696 1845 818 1898 quod
852 1845 943 1886 sint
976 1845 1034 1886 ad
1069 1845 1324 1896 symoniam
1359 1844 1590 1886 immunes
1621 1847 1698 1886 aut
1730 1843 1861 1897 prius

92 1916 297 1958 mundati
325 1919 371 1958 et
397 1919 569 1957 norunt
594 1915 858 1968 penitentes
888 1949 896 1957 .
932 1949 939 1956 .
976 1949 984 1957 .
1014 1915 1071 1957 ad
1100 1927 1258 1957 veram
1286 1914 1596 1967 penitenciam
1625 1918 1670 1957 et
1696 1926 1860 1967 puram

91 1987 419 2029 contricionem
455 1986 690 2039 inducere,
723 1999 780 2028 ne
815 1986 1018 2028 habeant
1052 1998 1181 2039 spem
1216 1985 1262 2026 in
1298 1986 1438 2038 lucro,
1472 1985 1861 2038 quemadmodum

91 2057 135 2099 in
167 2070 298 2100 sacro
327 2057 654 2099 reformatorio
683 2057 938 2099 dinoscitur
967 2056 1384 2098 racionabilissime
1415 2055 1672 2098 advisatum
1705 2090 1712 2098 .
1749 2089 1756 2097 .
1793 2089 1801 2097 .

93 2151 216 2205 Sept.
250 2151 289 2194 8.
328 2179 376 2183 —
413 2152 733 2194 „lohannes
774 2150 1028 2193 Gerson.

216 2222 240 2255 T
256 2223 340 2255 ext
361 2231 371 2255 .’
409 2222 459 2255 Bc
481 2222 549 2255 6312
569 2222 594 2264 Τ.
620 2221 703 2263 107,·
727 2221 782 2255 Nu·
807 2222 908 2263 4811.
928 2221 1016 2261 371;
1040 2220 1108 2254 Rei
1129 2221 1175 2254 423
1196 2220 1221 2263 Ῐ.
1243 2220 1306 2261 54,’
1330 2220 1392 2253 Ste
1413 2221 1459 2254 :53
1479 2219 1503 2262 f.
1526 2220 1612 2260 ²279‚·
1640 2219 1689 2253 '1¹11'
1716 2219 1774 2253 Me
1795 2219 1864 2253 282

93 2278 120 2322 f.
150 2280 231 2321 133‚·
263 2280 301 2312 W
326 2280 419 2314 3759
442 2279 468 2322 γ.
497 2280 580 2321 199.-
607 2279 699 2313 ‹1292
722 2278 748 2321 f.
774 2278 860 2320 211‚·
887 2278 980 2313 4958
1002 2277 1027 2321 f.
1052 2278 1131 2313 302.

211 2336 417 2370 Druck:
459 2335 618 2376 Gersmz,
647 2336 711 2379 Op.
740 2335 810 2370 III.
842 2336 940 2370 1345.

214 2395 318 2436 lnh
338 2396 424 2437 alt
444 2408 455 2436 .·
491 2394 786 2446 Feszprecze'yt
811 2394 891 2447 auf
913 2394 1060 2436 Mariti
1083 2392 1274 2435 Geburt.

211 2466 400 2507 Jacob
455 2468 654 2508 autem
707 2464 924 2518 genuit
978 2465 1212 2516 Joseph
1268 2463 1463 2504 virum
1522 2462 1738 2516 Marie,
1793 2461 1861 2503 de

94 2548 207 2588 qua
252 2539 438 2579 natus
485 2539 578 2578 est
625 2535 836 2587 -Jesus‚
885 2535 985 2587 qui
1033 2537 1291 2576 vocatur
1339 2533 1646 2576 Christus.
1698 2532 1862 2586 (Origi-

95 2607 265 2649 naliter
293 2606 426 2648 Math.
454 2607 471 2648 I
497 2609 542 2648 et
566 2606 801 2648 recitative
830 2606 873 2646 in
898 2604 1142 2658 evangelio
1164 2604 1515 2657 presentialiter
1539 2604 1676 2657 lecto)
1706 2637 1713 2645 .
1750 2641 1756 2647 .
1794 2637 1801 2644 .

94 2698 217 2753 Sept.
255 2698 320 2742 10.
359 2727 406 2731 —
444 2698 717 2751 sperans
766 2700 823 2740 in
871 2698 991 2741 Deo
1042 2697 1380 2751 Cardonai‘)

216 2769 341 2803 Τρωΐ
362 2779 372 2803 .·
412 2768 606 2802 (ferr-etan.

214 2828 278 2869 1η
297 2829 320 2869 h
341 2841 365 2870 α
383 2828 395 2869 l
413 2833 456 2869 t:
497 2828 660 2869 Zwecls
687 2828 814 2869 ihrer
841 2826 1078 2879 Sendunqs
1109 2827 1392 2879 Exstirpatio
1418 2825 1654 2876 heresum;
1682 2824 1791 2865 unio
1819 2826 1862 2864 et

96 2897 365 2940 reformatio
393 2897 603 2939 ecclesie.

214 3003 244 3044 ¹)
273 3002 328 3036 29.
356 3002 448 3036 Juni
480 3003 566 3036 mm
593 3002 669 3043 ,Hii
696 3005 783 3036 sunt
810 3001 905 3035 viri‘.

212 3062 244 3101 2)
275 3058 489 3093 (r'esandler
515 3058 639 3101 Κόηἱῃ
665 3058 802 3101 ΑΙῙυηε
840 3059 871 3092 l'.
901 3069 971 3093 con
997 3058 1161 3099 Arasson.

1570 3113 1647 3152 30*
