2227 3434
794 142 886 176 1416
914 142 1007 178 Juni
1036 141 1090 177 18.
1741 145 1827 187 449

59 261 171 303 alibi
203 264 249 303 et
282 261 394 302 locis
426 260 642 313 pluribus
673 261 911 302 coexistat.
957 260 1111 303 Primo
1143 264 1189 302 et
1222 262 1426 303 secundo
1459 262 1606 304 modis
1639 275 1827 304 carnem

61 331 230 374 Christi
269 332 315 372 in
351 331 512 373 altaris
548 334 837 372 sacramento
873 330 975 373 fore
1011 332 1182 373 falsum
1219 335 1288 374 est
1324 336 1370 374 et
1405 345 1653 374 erroneum
1690 337 1826 386 atque

60 401 322 455 improbum
352 401 610 444 affirmare.
654 401 817 442 Tercio
848 414 959 443 vero
990 402 1125 443 modo
1158 403 1383 444 indicibili
1415 403 1710 445 ineffabilem
1742 404 1826 444 Dei

58 475 334 526 potestatem
360 484 420 514 ex
449 473 519 515 sui
547 472 791 514 excessiva
817 472 1021 514 bonitate
1049 476 1093 514 et
1121 473 1347 526 singulari
1372 473 1619 527 privilegio
1644 474 1826 527 corpori

58 543 206 585 dhesu
239 542 410 585 Christi
446 542 591 584 verbo
623 543 876 595 ypostatice
913 543 1040 584 unito
1074 543 1258 585 cottidie
1294 544 1549 586 concedere
1585 545 1663 597 pia
1696 557 1827 586 mens

59 613 204 655 credit
238 617 283 656 et
317 626 352 655 s.
387 613 623 655 doctorum
660 613 898 655 sentencia
934 617 1234 656 auctumatur.
1284 614 1417 657 Unde
1452 628 1574 668 papa
1609 615 1827 657 Urbanus

58 684 136 726 ubi
165 697 324 737 supra:
367 684 594 726 Convenit
620 684 773 737 itaque
802 684 1102 725 devocionem
1130 685 1343 726 fidelium
1371 686 1676 739 solempniter
1702 699 1827 728 reco-

59 756 157 797 lere
197 755 539 797 institucionem
577 758 668 797 tam
708 754 941 797 salutiferi
980 759 1164 808 tamque
1205 756 1495 798 admirabilis
1536 757 1826 809 sacramenti,

57 829 106 868 ut
128 826 423 869 ineffabilem
448 826 633 867 modum
658 826 814 867 divine
837 826 1081 878 presencie
1108 826 1153 867 in
1178 830 1467 868 sacramento
1492 827 1665 870 visibili
1690 839 1827 869 vene-

59 897 240 951 retur.-”¹)
283 896 586 939 Innocencius
606 908 717 938 vero
740 896 798 938 ad
820 897 1109 949 propositum
1132 897 1329 950 loquens
1354 897 1417 940 sic
1438 899 1517 940 ait:
1555 898 1676 940 Reor
1698 899 1825 940 salva

57 967 154 1010 fide
180 968 450 1020 maiestatis,
476 967 599 1020 quod
624 968 902 1020 ubicumque
928 968 1064 1020 panis
1091 971 1386 1010 consecratus
1413 972 1496 1021 est,
1524 969 1587 1010 ibi
1614 973 1658 1011 et
1683 972 1825 1011 totum

57 1051 225 1092 corpus
251 1038 421 1081 Christi
445 1042 528 1080 est.
549 1038 758 1089 Quidam
785 1050 896 1080 vero
921 1039 1078 1081 doctor
1103 1051 1264 1091 novus,
1291 1039 1420 1082 cuius
1444 1052 1614 1081 nomen
1641 1040 1698 1082 ad
1723 1052 1826 1093 pre-

57 1122 167 1152 sens
193 1112 384 1162 tacetur,
413 1110 459 1150 in
486 1109 684 1161 quodam
713 1122 796 1151 suo
822 1113 1016 1151 tractatu
1045 1110 1101 1151 de
1130 1123 1323 1163 corpore
1354 1110 1525 1152 Christi
1553 1111 1710 1153 verbis
1736 1111 1826 1152 hiis

57 1179 272 1222 alludens
301 1180 365 1222 sic
393 1179 472 1222 ait:
515 1192 652 1229 nemo
682 1180 840 1222 fidelis
871 1180 1041 1222 Christi
1072 1181 1274 1234 ambigat
1302 1193 1488 1222 carnem
1520 1181 1705 1233 Christi,
1736 1194 1825 1235 que

56 1255 126 1293 est
151 1251 197 1292 in
225 1251 326 1293 celo
353 1251 468 1293 sicut
493 1251 798 1304 individuum,
825 1251 898 1292 hic
926 1255 970 1293 et
996 1264 1117 1292 nunc
1143 1252 1285 1293 veluti
1314 1252 1360 1293 in
1387 1252 1486 1294 loco
1513 1253 1705 1305 proprio
1730 1253 1825 1293 exi-

56 1324 179 1364 stere
216 1322 264 1364 in
300 1322 436 1364 altari
472 1334 557 1375 per
593 1322 887 1375 presenciam
923 1323 1214 1365 sacramenti.
1266 1323 1481 1374 Quelibet
1516 1324 1640 1364 enim
1676 1323 1824 1365 hostia

56 1395 325 1435 consecrata
347 1393 519 1435 alicubi
543 1398 614 1436 est
637 1396 682 1435 et
707 1392 961 1435 accidentia
987 1393 1356 1447 sacramentalia,
1381 1396 1551 1446 quanta
1578 1397 1696 1436 sunt.
1733 1393 1826 1435 Sed

57 1463 162 1506 licet
187 1463 358 1506 Christi
383 1476 489 1506 caro
513 1466 684 1517 quanta
709 1463 766 1506 sit
790 1463 836 1505 in
861 1476 992 1506 sacra
1016 1463 1179 1517 hostia,
1203 1476 1296 1506 non
1321 1467 1476 1506 tamen
1500 1466 1572 1506 est
1594 1463 1658 1506 ibi
1683 1477 1825 1517 quan-

55 1535 231 1577 titative
254 1546 340 1576 nec
364 1534 538 1576 ibidem
561 1534 953 1577 circumscribitur
975 1547 1128 1588 neque
1154 1534 1464 1577 definibiliter
1487 1535 1696 1577 situatur.
1731 1535 1824 1587 Set,

55 1618 82 1647 0
109 1605 346 1647 metuendi
375 1604 563 1658 domini,
592 1619 618 1647 o
647 1605 885 1648 christiani
915 1605 1082 1658 devoti,
1111 1618 1269 1659 queso,
1299 1619 1397 1648 oro:
1440 1605 1488 1647 in
1517 1619 1608 1659 quo
1635 1606 1748 1659 loco,
1778 1605 1824 1646 in

55 1688 146 1730 quo
185 1676 276 1718 situ
314 1677 558 1719 conversio
596 1676 861 1719 huiusmodi
902 1676 957 1718 fit
995 1679 1041 1718 et
1079 1676 1362 1719 sacrificium
1402 1680 1494 1719 tam
1533 1676 1824 1719 admirabilis

55 1746 363 1789 sacramenti?
414 1747 464 1788 In
496 1759 587 1800 qua
618 1747 783 1800 patria,
816 1748 864 1788 in
897 1759 988 1800 qua
1018 1747 1240 1800 regione‘?
1287 1748 1358 1789 An
1390 1747 1437 1789 in
1468 1747 1657 1801 templis
1687 1759 1823 1800 paga-

55 1830 219 1860 norum
247 1817 525 1870 infidelium,
552 1818 599 1859 in
625 1818 794 1871 quibus
820 1818 1032 1860 coluntur
1059 1830 1178 1860 vana
1203 1817 1341 1870 ydola
1367 1822 1503 1871 atque
1532 1821 1670 1871 muta,
1696 1830 1825 1860 num-

55 1888 167 1941 quid
192 1889 238 1930 in
263 1888 466 1931 excelsis
489 1889 724 1931 montibus
753 1889 930 1930 Israhel
958 1889 1129 1941 Modin,
1155 1888 1354 1942 Pharan,
1382 1888 1599 1942 Carmeli,
1625 1889 1823 1941 Thabor,

56 1958 157 2002 Dan
184 1962 230 2002 et
254 1959 523 2001 Beersabe‘?
564 1959 679 2001 Num
706 1960 791 2001 sub
818 1960 943 2001 omni
970 1959 1137 2001 arbore
1165 1959 1303 2001 viridi
1329 1963 1406 2002 aut
1433 1960 1519 2002 sub
1547 1959 1672 2013 ligno
1699 1959 1823 2001 fron-

56 2029 170 2072 doso
193 2030 267 2072 vel
293 2029 414 2073 forte
442 2030 489 2072 in
514 2030 859 2073 execrabilibus
885 2030 997 2072 locis
1024 2030 1112 2072 diis
1139 2029 1407 2073 falsissimis
1433 2030 1730 2084 dedicatis?¹)
1761 2064 1770 2072 .
1788 2063 1822 2072 ..

54 2101 147 2143 Sed
180 2101 329 2143 adhuc
364 2101 571 2154 obsecro,
607 2114 632 2143 o
666 2101 840 2143 domini
876 2101 1258 2154 metuendissimi,
1294 2101 1371 2154 qui
1406 2101 1672 2144 sacerdotes
1707 2101 1823 2143 offe-

55 2175 160 2215 runt
195 2171 479 2214 sacrificium
513 2172 796 2225 acceptabile
833 2184 1011 2214 summo
1046 2172 1174 2214 Deo‘?
1223 2172 1338 2214 Num
1372 2172 1639 2215 sacerdotes
1674 2172 1823 2213 excel-

55 2254 210 2284 sorum
236 2245 282 2285 et
306 2242 534 2296 prophete
561 2243 768 2284 lucorum
796 2243 923 2296 Beel,
950 2242 1114 2295 Belial,
1142 2242 1450 2296 Beelphegor,
1477 2243 1603 2296 Baal,
1631 2242 1822 2294 Baalim,

55 2312 226 2367 Berith,
256 2313 475 2356 Astaroth
503 2316 548 2356 et
581 2313 771 2366 Moloch,
801 2313 857 2355 de
889 2313 1058 2366 quibus
1086 2314 1230 2356 tercio
1259 2325 1420 2367 regum
1448 2314 1611 2356 ultimo
1639 2316 1684 2356 et
1712 2325 1823 2366 pen-

56 2383 216 2427 ultimo
255 2383 488 2437 capitulis;
531 2387 607 2426 aut
649 2384 810 2427 forsan
853 2384 1071 2427 Cadmius
1113 2384 1377 2426 Thebarum
1420 2383 1640 2426 fundator
1681 2418 1689 2426 .
1725 2417 1733 2426 .
1769 2385 1819 2437 .“-’)

54 2453 220 2497 Absint
246 2454 510 2496 huiusmodi
541 2455 825 2497 sacerdotes!
872 2455 1029 2508 Cedat,
1061 2456 1150 2497 iam
1182 2455 1313 2497 cedat
1343 2455 1537 2508 sphings
1567 2457 1821 2496 monstrum

55 2524 190 2567 solita
209 2537 474 2579 proponere
497 2526 729 2579 enigmata
754 2526 1040 2568 insolubilia!
1077 2526 1241 2567 Procul
1264 2538 1289 2568 a
1310 2526 1446 2568 nobis
1468 2526 1559 2568 sint
1579 2525 1821 2579 prophana

55 2594 285 2638 sacrificia
317 2599 362 2638 et
396 2596 511 2638 ritus
544 2597 756 2649 gencium
790 2596 1070 2648 infidelium,
1105 2608 1194 2649 que
1229 2608 1391 2638 verum
1427 2596 1573 2638 Deum
1609 2597 1822 2649 ignorant

156 2746 187 2777 a)
208 2748 244 2773 ut
266 2766 273 2772 .
294 2765 300 2772 .
323 2768 327 2772 .
348 2748 524 2773 veneretur
543 2746 623 2779 fehlt
645 2747 712 2779 Rei,
734 2749 806 2780 ΜΗ
827 2748 933 2780 dusili-
953 2755 1017 2773 11111'
1042 2746 1164 2774 xisibili
1188 2754 1390 2774 veneremur.

169 2806 201 2849 ¹)
235 2806 284 2841 Es
312 2806 407 2850 folyc
438 2807 502 2841 die
532 2806 777 2850 Aufzc'ilelunq
809 2807 917 2841 einer
946 2807 1067 2842 Reihe
1098 2807 1250 2841 [tntiker
1283 2807 1502 2841 Gotthenen
1533 2806 1607 2840 ‘wie
1641 2805 1816 2841 Bacchus,

51 2863 190 2907 Apollo
215 2864 352 2906 Diana,
381 2864 565 2900 Minerva.

167 2924 199 2965 2)
234 2921 378 2957 Etliche
411 2922 634 2956 heidnisclee
666 2923 950 2966 ()1›7'er11re'esler
984 2924 1137 2958 werden
1167 2925 1352 2966 glenctnnst
1387 2923 1477 2956 Τρωὶ
1510 2922 1615 2955 slarlc
1647 2922 1816 2955 leorrum-

56 2979 166 3022 pieri.
212 2980 290 3013 Das
330 2979 475 3014 Wissen
509 2981 578 3015 cles
612 2980 815 3023 I’redifsers
848 2982 976 3024 clitrfle
1015 2982 1112 3014 wohl
1148 2991 1215 3015 uns
1251 2980 1457 3021 Boccarelo,
1494 2980 1726 3020 (lenealosse‘a
1762 2988 1822 3019 ‚qe-

50 3036 198 3081 scho'pft
226 3037 320 3072 sein.

122 3104 260 3139 pinizo,
281 3106 362 3133 Acta
382 3105 515 3133 concilii
538 3105 817 3133 Constaneiensis.
860 3105 897 3134 11.
1553 3095 1606 3135 25)
