2227 3434
525 178 570 213 A.
610 178 807 214 Fillastres
836 179 952 215 Gesta
979 180 1129 214 concilii
1155 180 1470 217 Constantiensis.
1825 186 1882 229 85

118 296 361 338 hibitorias
389 307 526 349 quam
553 297 899 339 convocatorias
927 310 1012 350 per
1039 297 1310 351 religiosum
1337 300 1487 342 virum
1515 300 1710 344 fratrem
1739 302 1883 344 Finis-

118 367 242 409 laum
268 366 445 409 ordinis
470 365 666 408 fratrum
691 366 1055 420 Predicatorum,
1080 368 1127 410 in
1154 381 1298 422 regno
1322 369 1472 412 Scotie
1498 371 1720 414 vicarium
1745 385 1884 426 gene-

118 437 279 489 ralem,
304 437 351 478 in
376 449 507 479 sacra
531 437 700 490 pagina
726 437 1081 491 baccalaurium‚
1107 439 1426 482 confessorem
1453 453 1605 483 meum
1632 442 1883 495 specialem

116 507 354 550 caritative
384 507 583 550 directas
609 507 869 550 honorifice
899 510 1070 562 recepi.
1114 509 1166 550 In
1195 510 1365 563 quibus
1393 514 1547 553 vestre
1577 518 1705 553 rev¹¹¹⁰
1732 516 1884 566 pater·

117 577 285 620 nitates
308 590 380 620 me
404 590 456 620 ac
479 590 607 620 meos
631 578 689 620 ad
713 580 1125 632 congregacionem
1149 584 1393 636 vestramh)
1422 583 1651 625 sinceram
1674 583 1882 636 graciose

117 651 398 690 vocaverunt
425 651 471 690 et
498 648 879 702 exhortabantur,
909 653 958 691 ut
987 651 1107 692 circa
1137 650 1257 693 dicte
1287 655 1443 694 sancte
1474 653 1634 695 matris
1663 654 1883 696 unionem

117 718 412 772 diligenciam
434 722 479 761 et
500 731 691 771 operam
712 719 956 762 efficacem
977 720 1292 764 effectualiter
1315 722 1588 765 adhiberem
1609 727 1655 766 et
1675 737 1761 777 pro
1782 724 1883 767 eius

117 789 318 842 denique
354 790 668 843 complecione
704 803 804 832 cum
842 791 1056 833 omnibus
1091 793 1258 834 ceteris
1294 793 1560 836 christianis
1594 794 1883 848 principibus

117 859 459 903 ambaxiatores
486 872 537 902 ac
562 860 756 903 nuncios
783 862 1014 914 speciales
1041 866 1292 916 eapropter
1319 863 1378 905 ad
1403 864 1634 906 civitatem
1663 865 1884 908 Constan-

117 930 320 972 ciensem
344 930 520 983 absque
544 943 673 973 more
697 931 944 985 dispendio
967 933 1282 975 transmittere
1307 934 1491 977 vellem.
1530 934 1671 978 Cuius
1695 936 1883 989 quidem

116 1001 325 1054 parentis
351 1004 508 1044 sancte
536 1001 851 1045 dulcissimam
880 1016 930 1045 ac
959 1003 1305 1046 devotissimam
1331 1005 1552 1047 unionem
1581 1019 1632 1048 ac
1657 1006 1882 1059 pestifere

117 1071 317 1114 scissure
346 1071 517 1115 Christi
544 1072 836 1116 inconsutilis
863 1073 1015 1115 tunice
1042 1072 1258 1128 tamdiu'‘)
1290 1078 1447 1128 totque
1476 1076 1566 1118 iam
1594 1077 1754 1120 lustris
1780 1089 1884 1131 per-

117 1142 229 1185 actis
264 1142 630 1196 extirpacionem
667 1156 752 1197 pre
790 1144 931 1186 rebus
969 1145 1138 1188 ceteris
1175 1146 1242 1187 nil
1280 1146 1506 1199 devotius,
1544 1147 1609 1188 nil
1647 1147 1884 1190 desidera-

117 1212 271 1266 bilius,
304 1213 370 1255 nil
404 1214 604 1267 optatius
638 1215 799 1267 nilque
835 1215 972 1258 totius
1006 1216 1174 1258 mentis
1208 1229 1309 1258 mee
1345 1217 1603 1260 visceribus
1636 1217 1884 1260 ardencius

117 1285 403 1338 concupisco,
441 1287 510 1327 set
546 1284 825 1327 zizaniorum
863 1289 1017 1328 satore
1055 1287 1374 1340 malorumque
1412 1288 1616 1330 omnium
1651 1289 1782 1331 nulla
1818 1289 1884 1332 fe-

117 1357 248 1397 rente
285 1355 359 1409 (‘?)
397 1355 578 1398 artifice
615 1356 947 1409 impedimenta
981 1369 1118 1410 quam
1153 1357 1354 1410 plurima
1390 1359 1664 1412 seminante,
1698 1372 1757 1401 ne
1791 1362 1884 1402 tam

118 1429 323 1468 sanctum
364 1438 481 1479 opus
522 1426 648 1468 felici
689 1427 959 1469 execucioni
1002 1427 1379 1482 demandaretur,
1420 1432 1466 1472 et
1504 1429 1753 1482 presertim
1793 1430 1884 1472 duo

116 1509 390 1550 guerrarum
432 1497 716 1550 discrimina,
760 1498 912 1550 cedes,
956 1498 1264 1552 predaciones
1306 1502 1555 1553 ceteraque
1599 1501 1721 1543 mala
1764 1500 1884 1543 inter

117 1566 265 1610 Scotie
293 1570 339 1610 et
367 1568 534 1621 Anglie
565 1581 708 1622 regna
737 1572 829 1611 tam
858 1582 944 1622 per
974 1582 1101 1612 mare
1133 1582 1268 1623 quam
1299 1583 1384 1624 per
1414 1573 1587 1613 terram
1616 1570 1884 1615 fervencius

117 1638 338 1691 vigencia,
367 1639 455 1681 huc
484 1651 631 1692 usque
662 1639 1006 1682 ambaxiatores
1036 1652 1119 1683 seu
1148 1641 1342 1683 nuncios
1374 1642 1609 1694 solennes,
1639 1641 1754 1684 sicut
1781 1655 1885 1696 pro-

117 1710 265 1762 posui,
298 1709 613 1752 transmittere
648 1710 936 1764 prepeditus,
973 1712 1113 1764 ipsos,
1149 1724 1286 1764 quam
1321 1712 1473 1754 statim
1508 1713 1798 1765 oportunitas
1834 1725 1884 1755 se

117 1780 350 1833 obtulerit,
380 1793 482 1823 cum
512 1782 654 1834 pleno
683 1784 729 1823 et
760 1781 1014 1824 sufficienti
1045 1782 1262 1825 mandato
1293 1782 1351 1825 ad
1381 1783 1647 1825 huiusmodi
1677 1786 1884 1825 sanctum

118 1850 356 1904 negocium
395 1851 739 1905 perficiendum
780 1865 882 1894 cum
922 1852 1266 1895 acceleracione
1306 1853 1521 1906 possibili
1561 1853 1884 1907 dilacioneque

117 1922 371 1975 postposita
402 1935 503 1965 sum
533 1923 775 1965 missurus.
823 1923 981 1976 Itaque
1013 1923 1118 1965 dicti
1151 1924 1495 1967 ambaxiatores
1526 1937 1619 1967 una
1648 1924 1884 1967 vobiscum

118 1995 163 2034 et
189 2005 291 2034 cum
321 1993 426 2036 aliis
454 1994 685 2046 operariis
716 1993 960 2036 sollicitate
990 2007 1083 2036 non
1112 1995 1233 2048 pigri
1263 1995 1429 2048 spiritu
1460 1995 1713 2047 ferventes,
1743 1995 1885 2037 servi-

119 2065 250 2106 entes
281 2063 328 2105 in
358 2063 495 2106 vinea
528 2064 629 2117 ipsa
662 2064 835 2106 domini
867 2064 1068 2107 Sabaoth
1100 2078 1185 2118 pro
1217 2065 1411 2110 denario
1442 2065 1600 2108 divino
1632 2064 1885 2108 obtinendo

118 2133 375 2178 effectuose
407 2138 697 2187 concurrent,
730 2135 922 2189 insuper
954 2148 1040 2188 pro
1071 2136 1364 2189 extirpandis
1398 2136 1619 2178 viciorum
1652 2137 1801 2190 spinis
1835 2149 1886 2179 ac

120 2208 410 2257 peccatorum
433 2206 618 2249 tribulis
640 2219 724 2248 nec
747 2219 840 2248 non
863 2207 1131 2260 plantandis
1154 2207 1373 2248 virtutum
1395 2207 1698 2260 germinibus,
1721 2207 1767 2249 in
1790 2207 1886 2260 qui-

122 2275 207 2319 bus
227 2276 442 2320 dominus
464 2277 735 2327 delectatur,
758 2278 864 2320 totis
887 2278 1065 2320 viribus
1089 2278 1374 2320 intendendo
1397 2281 1646 2331 ceteraque
1670 2278 1761 2320 alia
1783 2290 1886 2332 per-

121 2346 313 2400 agendo,
339 2360 428 2400 que
456 2348 576 2390 dicte
602 2348 761 2391 matris
787 2349 984 2391 ecclesie
1013 2361 1173 2402 pacem
1200 2361 1251 2391 ac
1279 2348 1666 2390 reformacionem
1695 2349 1886 2401 exigunt

122 2420 166 2459 et
203 2422 498 2471 concernunt,
540 2419 929 2472 quemadmodum
969 2420 1265 2472 presencium
1307 2420 1424 2462 lator
1463 2419 1700 2473 predictus
1740 2419 1887 2461 frater

123 2486 329 2532 Finilaus
362 2501 504 2542 super
538 2489 671 2531 dictis
704 2489 1051 2543 impedimentis
1085 2493 1130 2532 et
1163 2490 1268 2532 aliis
1302 2493 1504 2532 vestram
1538 2489 1750 2532 devotam
1784 2501 1887 2531 con-

122 2559 442 2612 gregacionem
480 2560 651 2602 clarius
690 2560 971 2602 informabit.
1021 2561 1166 2612 Quam
1203 2561 1261 2602 ad
1299 2563 1455 2603 sancte
1480 2560 1539 2602 ‘et
1577 2560 1885 2603 saluberrime

123 2629 308 2672 unionis
345 2630 464 2672 dicte
505 2631 665 2673 matris
704 2631 901 2674 ecclesie
939 2631 1198 2684 perfectum
1238 2644 1290 2674 ac
1328 2630 1651 2673 felicissimum
1689 2631 1887 2683 comple-

125 2702 326 2742 mentum
353 2701 635 2754 corroboret,
663 2703 948 2755 prosperetss)
979 2705 1023 2743 et
1050 2701 1265 2755 perficiat
1293 2702 1394 2755 ipsa
1422 2702 1635 2755 potencia
1663 2700 1884 2743 increata!

125 2767 351 2823 Scriptum
389 2772 512 2824 apud
551 2775 752 2814 castrum
792 2785 943 2814 meum
983 2772 1041 2814 de
1083 2772 1245 2814 Donne
1285 2771 1459 2815 mensis
1498 2772 1771 2814 Novembris
1811 2770 1886 2813 die

131 2838 223 2882 1111
251 2852 354 2883 meo
383 2841 470 2884 sub
500 2846 692 2885 secreto.

242 2910 470 2955 Robertus
500 2912 624 2966 regis
654 2912 805 2955 Scotie
837 2913 1033 2966 genitus,
1065 2913 1159 2955 dux
1190 2913 1404 2965 Albanie‚
1436 2925 1589 2955 comes
1620 2912 1678 2954 de
1710 2911 1810 2954 Fife
1844 2913 1888 2954 et

128 2979 186 3021 de
210 2980 419 3024 Menceth
439 2995 490 3025 ac
511 2983 706 3036 predicti
730 2983 862 3037 regni
881 2984 1178 3037 gubernator.

232 3084 263 3116 a)
284 3084 315 3118 Ο,
335 3085 366 3112 D
386 3092 487 3113 suam.
524 3085 557 3120 b)
580 3087 610 3120 ζ’,
633 3087 662 3114 D
683 3086 823 3114 tandem.
862 3088 890 3120 c)
912 3087 1089 3122 prosperat
1109 3108 1114 3113 .
1137 3108 1141 3114 .
1164 3106 1170 3112 .
1190 3085 1339 3114 increata
1359 3085 1439 3119 fehlt
1464 3086 1498 3112 B.
