2102 3444
242 46 326 111 594
684 65 751 99 ΙΙΙ.
780 62 989 98 Abschnitt.
1030 61 1182 95 Reform
1211 61 1288 95 und
1317 59 1566 105 Verfassung.

242 186 370 227 cibus
402 183 646 226 beneficiis
675 185 719 223 et
753 180 1055 222 inferioribus
1086 178 1401 232 dignitatibus,
1432 178 1746 222 extenderunt
1776 179 1836 222 ad
1863 179 2010 222 archi-

243 256 547 308 episcopales,
575 253 867 306 episcopales
896 254 939 292 et
971 250 1236 291 abbaciales
1267 249 1529 302 dignitates,
1558 262 1647 303 que
1675 249 1851 292 nedum
1876 253 2010 292 erant

247 328 289 368 in
319 327 409 367 illis
435 323 842 366 constitut-ionibus
866 334 956 362 non
983 332 1225 374 expresse,
1250 333 1355 373 ymo
1380 321 1649 373 specialiter
1673 321 1731 363 ab
1752 321 1843 364 *isto
1863 333 2009 363 onere

245 401 472 448 exempte.
511 395 637 442 Ecce,
663 406 750 445 qua
776 393 895 434 bona
920 392 1016 434 fide
1041 391 1127 433 ista
1152 392 1365 433 fecerunt
1387 394 1431 432 et
1455 403 1505 433 se
1528 391 1865 444 prescripsisse
1886 404 2011 435 asse-

246 471 450 517 ruerunt,
479 469 523 506 ut
550 465 703 506 veniat
733 465 777 504 in
804 462 1006 504 medium
1034 462 1195 514 regula
1223 462 1272 503 11
1301 461 1433 504 iuris:
1473 474 1720 514 possessor
1747 462 1868 505 male
1893 462 2011 505 fidei

247 538 340 578 ullo
366 541 572 588 tempore
599 548 688 575 non
714 533 973 586 prescribit.

363 619 493 661 Circa
520 630 630 659 vero
657 616 840 658 modum
869 615 1130 656 exaccionis
1155 616 1353 656 istarum
1379 615 1726 658 vaccanciarum
1749 618 1825 658 ¹est
1850 615 2013 658 adver-

246 690 446 741 tendum,
484 689 604 741 quod
643 690 747 729 ante
784 690 993 739 tempora
1031 685 1259 727 scismatis
1294 686 1424 728 nulla
1461 686 1637 728 solucio
1670 689 1750 728 aut
1785 686 2014 740 obligacio

244 760 529 813 exigebatur,
566 759 647 799 sed
685 758 839 800 habita
875 756 1173 810 possessione
1209 756 1483 799 collectores
1518 757 1759 810 apostolici
1795 757 2013 799 levabant

247 831 291 872 in
318 831 472 872 multis
496 834 538 872 et
564 829 761 882 prolixis
786 828 997 870 terminis
1021 831 1191 881 taxam,
1218 828 1281 869 ita
1304 827 1428 880 quod
1450 831 1558 870 taxa
1582 828 1659 869 vix
1685 829 1733 869 in
1758 828 1799 869 X
1822 828 1898 870 vel
1922 827 2014 870 XII

245 902 378 943 annis
413 904 511 942 erat
545 901 709 941 levata.
757 900 810 940 Et
843 898 1146 940 communiter
1181 898 1503 940 remittebatur
1535 911 1648 951 pars
1681 902 1727 941 et
1761 898 2014 952 aliquando

246 976 384 1013 totum
414 975 603 1024 propter
632 973 934 1022 paupertates
963 970 1035 1010 vel
1067 970 1183 1011 alias
1212 969 1619 1012 consideraciones
1647 971 1733 1025 eta)
1765 973 1868 1023 post
1896 981 2015 1012 mor-

246 1047 335 1084 tem
362 1042 531 1084 domini
560 1041 772 1094 Gregorii
799 1041 877 1083 XI.
905 1041 1198 1082 debebantur
1223 1041 1329 1093 plus
1355 1053 1492 1093 quam
1520 1040 1632 1082 IIII‘·
1657 1053 1714 1094 m,
1741 1040 1848 1084 licet
1871 1040 2015 1083 habu-

248 1115 356 1156 isset
396 1117 458 1155 tot
498 1125 641 1154 onera
678 1124 952 1165 guerrarum
993 1115 1038 1153 et
1078 1123 1392 1164 expensarum
1432 1115 1641 1165 tempore
1682 1124 1779 1165 suo,
1819 1124 2014 1165 quorum

247 1185 466 1225 maiorem
501 1187 678 1236 partem
714 1183 872 1225 habuit
908 1195 1159 1224 successor.

363 1267 469 1308 Post
502 1279 613 1307 vero
646 1270 828 1318 tempus
863 1265 1089 1308 scismatis
1123 1269 1229 1307 ante
1263 1265 1568 1307 tradicionem
1600 1265 1835 1307 bullarum
1868 1265 2016 1308 solve-

248 1338 379 1379 batur
407 1350 497 1379 una
524 1349 689 1389 magna
718 1349 827 1389 pars
854 1340 899 1378 et
925 1336 1172 1389 presertim
1202 1337 1259 1378 de
1284 1339 1420 1389 parte
1447 1349 1645 1390 camere,
1672 1339 1719 1378 et
1745 1336 1804 1378 de
1831 1336 2015 1390 reliqua

247 1412 376 1460 parte
404 1408 748 1460 recipiebantur
775 1408 1091 1460 obligaciones
1118 1406 1375 1449 formarum
1401 1407 1450 1448 in
1477 1407 1728 1450 durissima
1754 1410 1800 1450 et
1825 1419 1928 1450 cum
1952 1409 2017 1449 tot

247 1479 454 1521 censuris
485 1479 787 1532 gravissimis,
819 1479 941 1531 quod
973 1478 1107 1531 pauci
1140 1478 1344 1531 fuerunt,
1377 1479 1490 1532 quin
1519 1478 1785 1521 inciderunt
1815 1479 1863 1520 in
1894 1478 2016 1532 illas,

247 1554 289 1592 et
317 1563 415 1591 cum
443 1550 526 1591 hoc
553 1550 738 1591 termini
767 1551 960 1591 multum
986 1550 1157 1592 breves
1184 1554 1229 1592 et
1254 1549 1577 1602 importabiles
1603 1553 1695 1592 tam
1719 1562 1807 1603 pro
1831 1561 2016 1592 camera

247 1633 382 1673 quam
417 1634 501 1673 pro
535 1621 730 1674 collegio
765 1620 1055 1662 dominorum
1091 1620 1410 1662 cardinalium.
1459 1620 1528 1662 Ex
1559 1623 1666 1673 post
1699 1621 2016 1663 invalescente
2069 1640 2071 1642 -

249 1704 432 1744 semper
467 1691 552 1733 ista
587 1692 778 1744 angaria
812 1692 1014 1744 oportuit
1046 1694 1188 1733 totum
1223 1691 1410 1733 tradere
1445 1695 1550 1734 ante
1586 1703 1788 1744 manum,
1823 1691 1908 1734 sed
1938 1703 2017 1744 po-

249 1766 418 1803 stremo
440 1762 687 1804 deventum
709 1765 777 1804 est
798 1763 855 1804 ad
876 1762 1161 1815 profundum
1181 1763 1423 1815 malorum,
1444 1765 1492 1804 ut
1511 1762 1684 1804 nedum
1703 1765 1811 1805 taxa
1830 1774 1917 1816 per
1935 1774 2017 1804 eos

246 1832 302 1874 ad
323 1832 500 1874 libitum
524 1832 736 1884 imposita
758 1832 840 1875 sed
861 1832 1112 1886 aliquando
1132 1832 1365 1886 duplicata
1379 1833 1614 1885 triplicata
1635 1831 1734 1887 [sit]
1759 1831 1818 1874 ad
1831 1831 2017 1875 modum

248 1903 517 1945 licitacionis
549 1904 732 1956 publice
767 1904 1065 1957 expediendo
1096 1905 1204 1957 plus
1235 1904 1459 1946 offerenti
1486 1904 1537 1946 'in
1568 1907 1760 1958 tantum,
1793 1903 1917 1957 quod
1947 1906 2017 1946 est

250 1974 489 2025 prebenda
514 1975 559 2015 in
585 1975 793 2027 Francia,
819 1987 906 2027 que
931 1987 1023 2016 non
1048 1979 1120 2017 est
1140 1978 1296 2017 taxata
1319 1975 1378 2017 ad
1400 1975 1483 2016 XV
1507 1975 1612 2018 libr.
1635 1987 1722 2016 nec
1743 1975 1869 2017 valet
1890 1974 2015 2016 XXV

250 2056 340 2085 non
374 2045 611 2098 residenti,
645 2058 729 2098 pro
763 2058 852 2098 qua
887 2046 1078 2087 fuerunt
1111 2047 1263 2088 soluta
1300 2046 1410 2087 11112·
1445 2049 1574 2088 scuta
1607 2045 1708 2088 auri
1740 2049 1788 2089 et
1819 2048 1870 2088 ut
1899 2057 2018 2088 com-

249 2116 432 2157 munius
472 2115 661 2168 signatis
700 2117 1126 2169 supplicacionibus
1163 2116 1498 2170 expectabatur
1534 2117 1642 2170 plus
1680 2116 1895 2159 offerens
1930 2128 2017 2170 per

249 2197 455 2226 mensem
486 2189 529 2228 et
559 2187 679 2229 ultra
709 2190 753 2228 et
782 2187 862 2228 ille
893 2187 1132 2229 obtinebat
1161 2192 1206 2230 et
1236 2187 1428 2230 alterius
1459 2188 1639 2241 signata
1666 2187 2016 2241 supplicacione

252 2256 349 2297 iure
384 2256 563 2308 quesito
596 2257 642 2297 in
677 2270 727 2298 re
762 2258 1080 2311 rumpebatur,
1114 2262 1160 2300 et
1194 2271 1306 2312 sepe
1342 2258 1465 2300 idem
1500 2258 1785 2300 beneficium
1819 2257 2018 2300 dabatur

250 2326 462 2378 pluribus
490 2331 535 2369 et
562 2340 586 2369 a
615 2327 828 2380 pluribus
858 2329 1126 2371 solvebatur
1154 2342 1247 2371 non
1276 2329 1463 2382 quidem
1491 2332 1601 2372 taxa
1628 2329 1713 2372 sed
1739 2329 2016 2382 quicumque

251 2397 501 2448 superaddi
527 2401 706 2450 poterat
731 2412 815 2451 per
843 2399 1127 2442 licitaciones
1152 2400 1364 2453 publicas
1389 2403 1434 2442 et
1459 2400 1551 2443 al¹ia
1575 2399 1743 2442 media.
1783 2400 1838 2442 Et
1861 2402 2017 2442 tamen

252 2479 369 2508 unus
394 2468 519 2509 solus
545 2468 781 2512 obtinebat
806 2471 951 2512 eciam
973 2475 1080 2523 post
1105 2471 1274 2514 multas
1300 2483 1535 2524 expensas
1559 2474 1606 2513 et
1629 2471 1816 2513 labores
1841 2473 1888 2513 et
1911 2469 2016 2512 lites

251 2540 295 2578 et
323 2537 636 2589 perdicionem
665 2539 895 2582 fructuum
921 2545 968 2583 et
995 2543 1233 2594 temporis.
1276 2542 1330 2584 Et
1355 2542 1440 2584 hec
1469 2541 1665 2584 l’i-citacio
1692 2542 1740 2583 in
1765 2539 2018 2595 spirituali-

252 2607 336 2649 bus
364 2608 423 2650 ita
450 2608 536 2650 fuit
562 2610 796 2663 conducta,
823 2616 870 2654 ut
895 2612 1082 2665 nedum,
1109 2613 1181 2654 cui
1208 2613 1482 2655 remanebat
1506 2625 1660 2654 merce
1688 2615 1732 2655 et
1758 2611 2016 2654 l‹icit]acione

252 2677 434 2730 vicerat,
470 2679 671 2722 solveret
707 2681 927 2736 precium,
965 2683 1048 2724 sed
1081 2683 1227 2725 eciam
1266 2683 1333 2725 illi
1370 2686 1415 2725 et
1448 2683 1606 2736 ceteri,
1644 2682 1723 2736 qui
1758 2681 2015 2725 licitacione

252 2748 439 2790 t'uerunt
467 2750 586 2801 victi,
614 2751 781 2803 quibus
808 2765 893 2794 nec
923 2765 1053 2794 merx
1081 2754 1250 2796 tradita
1277 2767 1362 2796 nec
1391 2755 1598 2807 precium
1627 2753 1715 2796 fuit
1741 2753 2016 2805 restitutum,

254 2818 356 2859 licet
385 2819 429 2859 in
454 2821 721 2874 prophanis,
748 2823 818 2863 cui
842 2836 935 2865 non
961 2825 1159 2866 traditur
1183 2836 1329 2878 merx,
1352 2837 1381 2867 a
1406 2824 1662 2867 tradicione
1686 2823 1832 2878 precii
1856 2823 2017 2866 immu-

357 2976 386 2994 ’.ιι
411 2970 452 2996 lls¹
473 2975 530 2996 est.

1961 3278 2102 3444 A
