2102 3444
223 138 309 180 344
760 137 784 170 I.
811 136 1021 172 Abschnitt.
1060 134 1459 179 Konzilstagebiicher.

223 255 331 297 tiam
360 255 636 297 habuerunt.
679 255 787 296 Rev.
815 267 858 307 p.
889 254 930 295 d.
960 253 1179 306 magister
1208 253 1493 295 Laurencius
1521 254 1696 296 electus
1722 253 1992 295 Aversanus

225 338 343 367 unus
370 339 427 367 ex
454 325 676 378 predictis
702 325 964 367 oratoribus
993 337 1075 366 suo
1101 327 1147 366 et
1173 324 1368 365 aliorum
1396 328 1629 366 oratorum
1656 323 1842 365 nomine
1870 323 1992 376 lega-

227 397 394 438 tionem
418 409 547 439 suam
570 396 787 448 exposuit
807 408 892 448 per
914 395 1098 436 modum
1119 395 1356 447 orationis,
1378 396 1455 448 qui
1479 395 1706 448 sequitur;
1730 393 1801 435 cui
1823 403 1992 435 revmuS

227 468 270 508 in
295 467 401 510 Chr.
425 480 467 520 p.
493 467 534 508 d.
561 466 833 508 Franciscus
857 465 1156 507 miseratione
1180 465 1336 508 divina
1361 469 1622 508 sanctorum
1648 464 1812 507 Cosme
1837 467 1883 506 et
1906 465 1992 506 Da-

224 538 363 580 miani
388 541 543 580 sancte
567 537 773 578 Romane
797 536 994 578 ecclesie
1019 536 1240 579 diaconus
1263 536 1513 578 cardinalis
1537 535 1724 578 nomine
1748 534 1866 577 sacri
1888 547 1993 577 con-

223 609 315 650 cilii
348 610 510 650 ornato
542 619 756 648 sermone
789 606 1044 660 respondit,
1076 610 1124 649 ut
1155 607 1376 660 sequitur.

340 678 496 721 Oratio
537 678 658 721 facta
700 678 746 719 in
789 677 1101 720 Constatiensi
1145 678 1321 731 synodo
1362 691 1446 731 per
1489 676 1850 719 ambassiatores
1891 676 1992 719 illu-

224 749 556 791 strissimorum
584 749 849 802 principum
882 749 1006 802 regis
1037 749 1197 791 Jacobi
1228 752 1273 790 et
1303 749 1463 802 regine
1495 748 1708 790 Johanne
1739 747 1993 801 Hungarie‚

223 820 486 862 Jerusalem
515 822 560 862 et
587 818 758 872 Sicilie,
786 832 922 873 quam
952 820 1162 862 recitavit
1190 832 1285 861 rev.
1314 832 1357 873 p.
1387 819 1428 861 d.
1459 818 1680 872 magister
1708 817 1994 860 Laurencius

223 890 398 934 electus
424 890 751 944 Aversanus.¹)

340 961 395 1004 Et
422 961 460 1004 si
488 960 724 1004 verendus
751 962 887 1003 michi
917 960 1169 1015 plurimum
1197 964 1471 1015 conspectus
1500 963 1655 1003 vester
1685 994 1693 1002 .
1730 994 1737 1002 .
1774 994 1782 1002 .
1811 973 1862 1002 ac
1890 959 1993 1003 fere

223 1032 480 1086 stupendus
514 1045 573 1074 ex
607 1035 838 1074 tantorum
874 1045 1156 1075 summorum
1192 1032 1397 1074 virorum
1434 1045 1483 1074 ac
1519 1031 1881 1074 orthodoxorum
1915 1043 1994 1084 pa-

221 1108 341 1145 trum
371 1103 639 1156 frequentia
667 1107 715 1145 et
745 1103 1011 1146 assistentia
1041 1104 1169 1145 visus
1201 1104 1272 1155 sit,
1305 1137 1313 1145 .
1350 1137 1357 1144 .
1394 1137 1401 1144 .
1433 1102 1590 1155 aliqua
1619 1102 1827 1145 refer-am
1857 1101 1992 1144 michi

223 1176 306 1217 hac
329 1175 375 1216 in
398 1174 472 1216 die
498 1175 743 1217 commissa
767 1175 912 1217 sancti
935 1173 1144 1216 flaminis
1167 1173 1317 1227 primo
1339 1173 1487 1227 gratia
1510 1173 1722 1227 flagitata
1745 1175 1791 1215 et
1812 1172 1992 1227 virgine

223 1246 391 1289 Christi
424 1248 570 1288 matre
600 1245 839 1287 humiliter
870 1245 955 1288 sub
986 1245 1174 1286 silentio
1203 1245 1402 1287 salutata
1433 1256 1677 1287 assumens
1709 1243 1840 1297 illud,
1871 1243 1994 1297 quod

222 1317 439 1359 scribitur
471 1316 650 1370 (Matth.
682 1316 763 1370 V):
810 1315 1021 1358 Gaudete
1051 1319 1098 1357 et
1127 1316 1348 1368 exultat-e,
1380 1315 1597 1368 quoniam
1629 1327 1809 1357 merces
1838 1317 1994 1356 vestra

221 1388 407 1440 copiosa
439 1390 511 1430 est
542 1420 550 1428 .
587 1421 594 1429 .
631 1420 639 1428 .

339 1458 571 1501 Fictiones
590 1458 810 1512 incogniti
829 1461 878 1500 ‹et
901 1458 1127 1511 inopinati
1152 1492 1160 1499 .
1197 1492 1204 1499 .
1242 1491 1249 1498 .
1274 1457 1467 1500 sceleris
1489 1469 1575 1510 per
1596 1457 1849 1499 nonnullos
1869 1456 1994 1498 viros

222 1530 480 1583 flagitiosos
514 1533 560 1572 et
592 1528 838 1572 seditiosos
871 1541 1110 1571 venenosa
1142 1528 1273 1571 rabie
1308 1528 1394 1570 isto
1427 1528 1474 1569 in
1507 1527 1703 1570 concilio
1735 1529 1841 1570 ante
1875 1539 1994 1570 sum-

223 1613 399 1642 morum
437 1601 641 1643 virorum
679 1599 993 1653 frequentiam
1030 1612 1224 1642 exorsas
1262 1603 1400 1652 atque
1438 1598 1662 1641 evomitas
1696 1601 1856 1641 contra
1891 1611 1995 1652 pre-

223 1672 343 1715 fatos
366 1672 604 1725 principes
629 1684 787 1725 regem
811 1674 856 1713 et
879 1671 1104 1724 reginam,
1127 1674 1220 1713 tam
1245 1670 1301 1712 de
1327 1670 1594 1713 obedientia
1619 1670 1758 1712 Petro
1782 1669 1839 1712 de
1864 1669 1995 1712 Luna

223 1743 490 1796 prestanda,
515 1755 652 1796 quam
676 1743 733 1784 de
759 1742 961 1785 adventu
985 1742 1087 1784 eius
1111 1742 1169 1784 ad
1192 1741 1357 1783 urbem
1382 1744 1428 1784 et
1448 1754 1536 1795 per
1560 1741 1788 1783 nonnulla
1809 1740 1995 1794 navigia

222 1816 358 1866 atque
393 1814 552 1867 galeas
587 1814 725 1856 aliam
758 1816 952 1867 propter
986 1825 1171 1855 causam
1204 1812 1582 1855 honestissimam
1615 1815 1661 1854 et
1695 1811 1993 1854 iustissimam

224 1885 281 1926 ad
303 1885 460 1937 Aquas
485 1888 689 1927 mortuas
711 1885 877 1927 missas
897 1888 1039 1937 *atque
1061 1884 1317 1926 destinatas
1343 1918 1350 1925 .
1370 1918 1377 1925 .
1396 1918 1403 1926 .
1428 1883 1491 1925 hii
1515 1882 1847 1925 solemn-issimi
1868 1882 1995 1936 prin-

222 1955 349 2008 cipes
376 1993 382 1999 .
403 1989 436 1997 ..
464 1968 701 2008 nunquam
727 1956 785 1998 de
811 1956 901 1998 hiis
928 1955 1143 1997 omnibus
1167 1955 1385 2008 nequiter
1409 1958 1456 1996 et
1482 1955 1642 2007 iniquo
1667 1954 1822 1996 animo
1845 1953 1995 1996 obiec-

222 2027 279 2069 tis
301 2030 436 2079 atque
459 2026 606 2080 dictis,
624 2027 690 2069 uti
712 2028 801 2068 iam
822 2030 867 2068 et
885 2026 1095 2079 experiri
1116 2026 1444 2079 comprobatur
1462 2029 1510 2068 et
1527 2028 1816 2079 argumento,
1838 2025 1995 2078 imagi-

223 2099 315 2139 nati
344 2100 449 2140 sunt
475 2100 612 2150 atque
638 2097 907 2150 cogitarunt.
946 2098 1105 2150 Neque
1132 2097 1270 2139 etiam
1298 2097 1397 2139 sine
1426 2096 1579 2150 magni
1606 2109 1658 2138 ac
1683 2096 1872 2138 maximi
1899 2109 1994 2138 soe-

224 2169 336 2211 leris
371 2169 607 2221 impietate
641 2168 705 2210 hii
740 2169 917 2222 pariter
952 2181 1112 2210 omnes
1146 2167 1401 2210 extimandi
1438 2171 1544 2210 sunt
1578 2170 1714 2221 atque
1749 2167 1994 2221 cogitandi,

223 2240 309 2281 viri
337 2239 656 2292 illustrissimi,
685 2239 762 2292 qui
793 2239 1143 2282 serenissimum
1173 2251 1331 2292 regem
1360 2242 1568 2281 nostrum
1598 2238 1820 2281 Jacobum
1849 2251 1876 2281 a
1902 2241 1993 2280 tam

223 2310 515 2352 sanctissima
543 2313 587 2352 et
615 2309 1001 2352 christianissima
1029 2310 1164 2352 domo
1194 2310 1387 2352 Francie
1417 2313 1461 2351 et
1490 2309 1763 2352 clarissimis
1790 2309 1995 2363 parenti·

224 2380 310 2423 bus
334 2383 483 2422 ortum
511 2415 518 2422 .
555 2415 562 2422 .
587 2382 607 2422 ’.
632 2383 880 2433 tyrannum
904 2384 1029 2422 terre
1055 2381 1251 2423 ecclesie
1277 2381 1509 2422 dixerunt.

339 2452 437 2504 Qua
468 2452 513 2493 in
544 2463 609 2504 re,
640 2454 769 2494 vates
799 2451 1184 2505 christianissimi,
1217 2455 1262 2493 et
1293 2451 1636 2494 detrahentium
1666 2453 1713 2493 et
1742 2451 1994 2505 obloquen-

223 2524 334 2565 tium
360 2523 664 2565 intentionem
688 2525 732 2564 et
755 2535 940 2565 causam
965 2523 1224 2565 clarissime
1249 2522 1409 2564 videre
1432 2522 1626 2576 potestis
1646 2521 1787 2565 hodie
1808 2524 1856 2564 et
1879 2521 1994 2564 iudi-

223 2606 328 2636 care
354 2597 400 2636 et
422 2593 669 2646 puritatem
695 2596 740 2635 et
766 2594 1076 2635 innocentiam
1101 2593 1391 2646 prefatorum
1417 2593 1540 2646 regis
1566 2596 1611 2635 et
1636 2593 1796 2647 regine
1821 2593 1994 2636 exami-

224 2677 337 2706 nare
360 2664 554 2718 potestis
578 2699 586 2706 .
622 2698 630 2706 .
667 2699 674 2706 .
711 2665 855 2716 Quam
879 2665 936 2706 ob
960 2677 1057 2706 rem
1081 2667 1126 2706 et
1147 2663 1326 2706 offerre
1351 2664 1575 2707 latissime
1600 2676 1650 2706 ac
1672 2666 1837 2718 sponte
1858 2663 1993 2706 nobis

223 2736 517 2778 commissum
553 2738 623 2778 est
658 2735 947 2788 prefatorum
982 2735 1245 2788 principum
1280 2748 1338 2777 ex
1373 2738 1506 2788 parte
1544 2734 1856 2778 sacratissimo
1890 2747 1994 2777 con-

223 2806 329 2848 cilio
354 2809 398 2848 et
421 2806 590 2849 vestris
614 2805 772 2848 revmiS
795 2806 1155 2859 paternitatibus
1179 2818 1340 2847 eorum
1364 2819 1503 2859 posse
1528 2818 1679 2859 omne,
1703 2805 1828 2859 quod
1852 2805 1993 2848 maxi-

224 2889 346 2919 mum
380 2889 485 2920 esse
520 2877 718 2930 videtur,
753 2876 798 2918 in
832 2877 924 2920 hiis
956 2876 1218 2930 presertim,
1253 2889 1341 2929 que
1378 2877 1435 2918 ad
1469 2876 1713 2920 utilitatem
1747 2879 1793 2919 et
1825 2879 1991 2919 statum

344 2984 374 3022 ¹)
403 2982 476 3016 Die
503 2982 824 3025 Ueberlieferuny
849 2983 919 3016 der
945 2982 1205 3025 eigenarte‘yen
1232 2982 1336 3017 Recte
1363 2983 1401 3016 in
1428 2983 1455 3016 B
1484 2983 1557 3017 und
1585 2982 1612 3016 C
1638 2983 1686 3017 ist
1711 2982 1802 3017 sehr
1827 2978 1993 3024 manae!—

227 3039 315 3082 hafl.
362 3040 593 3074 Wieclerholl
625 3040 765 3074 [veisen
797 3040 909 3074 aeide
937 3039 1090 3074 Liicken
1119 3039 1195 3082 auf.
1238 3040 1299 3074 Ich
1330 3040 1427 3081 ,qebe
1455 3050 1528 3075 ‘nur
1556 3040 1618 3075 ein
1647 3049 1742 3084 pam·
1767 3038 1885 3074 sinze.
