2102 3444
277 145 363 188 338
816 145 838 178 Ι.
867 145 1076 179 Abs-chniu.
1115 143 1515 188 Konzilstagebiic-her.

279 264 518 306 ‹Iohannes
538 263 805 317 prepositus
826 262 1341 315 Quinqueecclesiensis
1363 263 1474 317 legit
1493 263 1792 316 infrascripta
1815 262 2047 305 videlicet:

279 334 478 387 primum
520 347 663 387 super
705 347 842 376 causa
886 332 997 375 fidei
1041 338 1085 376 et
1128 334 1381 375 secundum
1424 346 1566 387 super
1607 347 1745 376 causa
1789 333 2048 376 Tridentini

279 406 587 459 episcopatus.
625 405 677 447 Et
701 408 948 457 antequam
972 404 1093 446 idem
1118 405 1159 446 d.
1183 405 1423 447 dohannes
1444 406 1712 458 prepositus
1734 404 1792 447 ad
1815 408 1963 447 actum
1986 405 2050 446 le-·

277 475 414 529 ge'ndi
449 476 738 528 procederet,
771 475 1062 518 honorabilis
1095 475 1164 516 vir
1197 477 1416 529 magister
1449 476 1688 518 Johannes
1722 475 1779 517 de
1813 475 2049 518 Scribanis

281 548 323 588 in
355 547 561 589 Romana
592 546 717 588 curia
749 559 799 588 ac
830 546 932 589 fisci
966 546 1090 588 sedis
1121 547 1372 600 apostolice
1405 550 1677 600 procurator
1706 559 1790 589 nec
1818 559 1913 589 non
1943 545 2048 588 dicti

278 619 396 660 sacri
423 617 604 659 concilii
633 630 683 659 ac
711 617 996 670 agendorum
1024 630 1110 671 per
1138 617 1268 659 illum
1296 621 1341 660 et
1368 619 1413 659 in
1443 631 1498 659 eo
1525 621 1571 659 et
1599 617 1865 671 specialiter
1892 629 2050 660 causa-

276 701 377 730 rum
410 688 672 730 huiusmodi
707 688 948 741 instigator
982 692 1118 741 atque
1151 692 1387 742 promotor
1417 689 1569 743 primo
1600 692 1645 730 et
1677 691 1782 731 ante
1816 688 1970 731 omnia
2003 689 2048 730 in

277 772 415 802 causa
442 759 557 801 fidei
583 759 841 812 procedere
869 759 1119 802 intendens
1147 759 1378 812 quandam
1407 759 1583 802 bullam
1611 758 1866 802 citatoriam
1894 771 1921 802 a
1944 771 2049 813 pre-

277 831 395 872 senti
429 831 639 884 generali
675 830 851 883 synodo
883 833 1144 873 emanatam
1179 844 1229 873 ac
1262 834 1419 874 contra
1453 834 1497 873 et
1530 831 1756 873 adversus
1789 831 1957 873 multos
1990 829 2048 872 de

276 913 421 955 regno
457 901 678 944 Bohemie
717 915 742 944 a
780 902 1056 944 rectitudine
1094 902 1207 944 fidei
1248 902 1489 944 deviantes
1526 905 1573 944 et
1608 902 1883 944 aberrantes
1919 904 1964 944 et
2001 901 2047 943 in

275 972 393 1014 dicta
426 972 555 1025 bulla
588 984 815 1025 expresse
849 972 1110 1015 nominatos
1144 975 1280 1026 atque
1315 973 1474 1016 citatos
1506 985 1600 1016 una
1632 985 1734 1014 cum
1764 971 1885 1015 dicte
1919 972 2047 1014 bulle

276 1043 482 1086 citatorie
506 1044 861 1085 executionibus
884 1044 930 1085 in
953 1044 1164 1097 partibus
1187 1044 1322 1086 factis
1346 1057 1395 1086 ac
1419 1045 1475 1086 de
1500 1044 1631 1086 dictis
1655 1044 1867 1097 partibus
1890 1055 2048 1097 repor-

274 1114 379 1157 tatis
409 1114 583 1157 ibidem
614 1114 735 1156 facto
766 1118 811 1156 et
839 1115 886 1156 in
916 1114 1066 1157 forma
1095 1115 1385 1168 publicorum
1418 1115 1831 1157 instrumentorum
1861 1113 2048 1156 iudicia-

279 1185 381 1227 liter
412 1185 701 1238 reproduxit.
745 1186 947 1237 Quarum
981 1186 1169 1240 quidem
1201 1186 1328 1227 bulle
1360 1185 1569 1228 citatorie
1602 1198 1653 1228 ac
1684 1185 1910 1228 dictarum
1942 1197 2049 1227 exe-

274 1256 507 1299 cutionum
535 1257 582 1298 in
611 1256 808 1299 formam
836 1255 1127 1310 publicorum
1158 1257 1570 1299 instrumentorum
1598 1256 1894 1299 reductorum
1922 1259 2048 1298 teno—

275 1339 350 1369 res
381 1326 581 1371 inferius
611 1326 974 1380 subsequuntur.

390 1398 695 1442 Sacrosancta
712 1402 758 1440 et
777 1399 1015 1452 generalis
1036 1399 1242 1452 synodus
1263 1398 1632 1441 Constantiensis
1651 1398 1888 1441 constituit
1904 1401 1951 1440 et
1969 1397 2048 1440 de-

273 1472 402 1523 putat
422 1470 765 1513 commissarios
788 1470 846 1512 ad
869 1468 1166 1523 infrascripta
1187 1469 1406 1511 videlicet
1427 1478 1593 1511 revmoS
1613 1482 1656 1522 p.
1679 1469 1721 1511 d.
1744 1468 2045 1511 Guillelmum

272 1541 406 1584 titulo
435 1541 579 1585 sancti
613 1541 751 1583 Marci
782 1541 1108 1594 presbyterum
1138 1544 1184 1582 et
1214 1541 1510 1582 Franci-scum
1542 1575 1550 1583 .
1586 1573 1594 1582 .
1629 1574 1638 1582 .
1669 1539 1985 1594 opportuna.¹)

390 1611 486 1654 Hec
528 1614 821 1655 sacrosancta
861 1612 1065 1665 synodus
1109 1611 1485 1654 Constanciensis
1526 1624 1612 1665 pro
1653 1610 1868 1653 celeriori
1906 1610 2048 1652 extir-

274 1683 467 1736 pacione
499 1683 719 1726 heresum
754 1686 798 1726 et
830 1682 1026 1725 ecclesie
1059 1683 1399 1725 reformacione
1435 1716 1443 1724 .
1480 1716 1487 1724 .
1524 1717 1532 1724 .
1566 1695 1661 1725 rev.
1694 1695 1737 1736 p.
1770 1681 1812 1724 d.
1844 1681 2046 1724 Johanni

279 1754 543 1796 Patriarche
570 1754 1085 1807 Constantinopolitano
1200 1766 1292 1796 non
1318 1753 1610 1796 obstantibus
1636 1753 2045 1807 quibuscunque.²)

391 1826 544 1868 Tenor
585 1825 712 1868 bulle
754 1824 961 1868 citatorie
1004 1824 1221 1879 superius
1262 1824 1538 1879 reproducte
1580 1824 1791 1878 sequitur
1830 1823 1916 1867 sub
1955 1823 2046 1866 hiis

274 1895 447 1939 verbis:

391 1967 692 2011 Sacrosancta
729 1970 774 2010 et
806 1967 1043 2021 generalis
1080 1967 1284 2020 synodus
1322 1966 1700 2009 Constanciensis
1733 1965 1967 2008 universis
2001 1968 2071 2023 et.

276 2038 472 2092 singulis
493 2042 537 2081 et
557 2038 806 2092 presertim
826 2039 1072 2081 Alamanie
1094 2042 1139 2080 et
1159 2037 1381 2080 Bohemie
1401 2038 1648 2080 nacionum
1669 2035 2046 2079 christifidelium

275 2110 500 2152 auxilium
528 2108 642 2152 fidei
670 2109 716 2151 in
744 2109 1070 2152 benedictione
1098 2109 1272 2151 celesti.
1313 2108 1427 2160 Quia
1455 2111 1684 2151 structura
1710 2107 1952 2150 militantis
1977 2119 2048 2149 ec-

274 2181 417 2223 clesie
474 2214 482 2222 .
519 2214 528 2222 .
563 2215 571 2223 .
639 2180 738 2223 Dat.
796 2180 1070 2223 Constancie
1114 2180 1179 2222 VI
1223 2179 1324 2222 Kal.
1372 2179 1528 2222 Marcii
1572 2191 1695 2222 anno
1738 2191 1764 2221 a
1806 2178 2044 2221 nativitate

277 2250 683 2306 MCCCCXV1.=³)³)

395 2322 447 2364 In
471 2321 591 2376 plica
618 2322 821 2376 duplica:
850 2322 906 2364 de
933 2322 1059 2365 curia
1085 2322 1153 2364 Jo.
1180 2321 1438 2375 Staelberg.

391 2393 474 2436 Hic
513 2396 770 2446 sequuntur
810 2393 1117 2436 instrumenta
1157 2391 1446 2435 executionis
1486 2391 1604 2434 dicte
1642 2391 1771 2434 bulle
1810 2391 1857 2433 in
1896 2390 2046 2433 forma

273 2462 549 2519 consueta.¹')

390 2535 690 2579 Sacrosancte
717 2534 927 2589 generali
957 2534 1134 2587 synodo
1160 2534 1514 2577 Constanciensi
1538 2532 1697 2575 revmiS
1724 2534 1771 2575 in
1798 2532 1904 2576 Chr.
1930 2545 1974 2586 p.
2002 2532 2043 2574 d.

273 2605 444 2649 nostris
471 2604 882 2649 metuendissimis.
923 2606 1083 2647 Revme
1111 2618 1154 2658 p.
1182 2608 1229 2647 et
1255 2605 1296 2646 d.
1324 2605 1471 2647 nostri
1500 2603 1871 2647 metuendissimi
1898 2603 2045 2645 humi-

274 2677 382 2720 lima
423 2690 524 2720 cum
563 2677 708 2720 tocius
748 2676 1000 2718 famulatus
1041 2675 1404 2729 promptitudine
1447 2674 1902 2717 recommendatione
1942 2686 2045 2728 pre-

378 2795 406 2827 a)
429 2797 453 2819 (¹
469 2762 571 2827 {ml-qt.-
592 2793 777 2826 apostolica
800 2793 875 2819 ,wie
899 2794 1045 2820 vacante.
1108 2792 1139 2825 b)
1163 2794 1239 2817 Sal:
1259 2791 1339 2824 fehlt
1365 2794 1393 2817 Γ.

393 2844 423 2883 Ι)
449 2843 677 2885 Einsetzunq
701 2843 808 2876 einer
831 2841 1090 2876 Kommission
1113 2842 1152 2875 in
1173 2842 1243 2875 der
1263 2839 1410 2883 „Causa
1433 2839 1691 2875 Tridentina“.
1726 2837 1846 2873 Hardt
1868 2836 1934 2879 IV,
1957 2835 2042 2878 8:29,-

276 2901 399 2935 Mansi
428 2900 495 2934 XX
511 2901 585 2943 1'11,
612 2902 680 2935 915
694 2901 719 2944 7'.

391 2961 422 3001 ²)
464 2959 709 2993 Monilore'um
747 2969 866 3001 {leyen
904 2959 967 2993 (lie
1002 2958 1196 2992 Hassilen.
1246 2957 1364 2992 Hard!
1402 2957 1466 2998 11³,
1504 2956 1683 2998 829—39;
1723 2955 1848 2990 Man-si
1885 2953 1953 2988 XX
1965 2951 2042 2992 VII,

274 3017 444 3051 ulfi—19.

390 3078 420 3116 ⁵²)
452 3076 581 3117 Geyen
608 3076 670 3109 die
696 3077 874 3110 Freuncle
900 3076 968 3109 cler
993 3075 1186 3109 Husse'len.
1226 3074 1345 3108 Hard!
1372 3073 1437 3115 ΗΓ,
1462 3073 1642 3115 &39—445
1671 3072 1796 3106 Mansi
1820 3067 1993 3104 919—22.
