2102 3444
161 115 242 158 542

158 231 234 265 Etsi
266 230 431 274 plurimo
462 229 564 263 luctu

158 291 259 334 Euge
285 299 394 323 serve
420 289 518 321 bone

158 349 340 383 Exaltabo
367 351 402 381 te

158 406 433 441 Excellenciam
467 407 502 439 et
534 403 662 437 inclita

157 464 527 500 Excellentissimuln
554 463 684 496 lumen

157 524 387 559 Exclamavit
417 531 506 556 voce

158 584 211 617 Ex
236 583 339 617 omni
363 590 475 615 carne

158 640 407 685 Exprobravit

158 699 342 734 Exsurexi
372 698 461 742 quia

159 806 356 840 Faciamus
389 804 449 838 hic
483 803 555 837 tria

159 865 306 899 Faciem
330 867 432 897 tuam
454 863 540 897 lava

159 924 283 958 Facite
315 922 490 956 homines

160 983 269 1016 Facta
290 984 344 1015 est
366 991 448 1015 cum
470 980 607 1023 angelo

157 1042 268 1075 Facta
299 1043 354 1075 est
387 1049 521 1073 manus

158 1100 268 1134 Facta
293 1102 348 1134 est
374 1097 633 1142 tranquillitas

158 1159 229 1193 Fac
255 1159 323 1192 tibi
348 1167 473 1192 arcam

159 1218 258 1252 Fecit
290 1216 444 1260 nuptias

158 1276 439 1312 Festinavimus
467 1275 603 1309 faciem

158 1336 240 1370 Fiat
268 1345 341 1378 pax
370 1335 409 1368 in
436 1333 577 1368 virtute

158 1394 239 1429 Fiet
268 1404 386 1428 unum
413 1393 514 1428 ovile

159 1453 310 1487 Fratres
338 1453 505 1487 libenter

161 1559 333 1593 Gaudete
357 1568 442 1592 ecce
467 1566 613 1592 merces

161 1617 333 1651 Gaudete
360 1620 394 1651 et
420 1616 589 1651 exultate

161 1676 333 1711 Gaudete
361 1676 399 1709 in
427 1675 582 1710 domino

161 1735 291 1769 Gloria
316 1737 443 1769 autem
470 1734 592 1769 honor

161 1793 335 1828 Gloriosa
364 1793 463 1827 dicta
491 1795 577 1827 sunt

162 1852 297 1887 Gracia
322 1852 430 1886 vobis
455 1855 491 1886 et
516 1862 591 1895 pax

160 1957 292 1992 Habeo
320 1957 428 1991 vobis
455 1957 582 1992 dicere

160 2016 238 2051 Hec
269 2016 357 2050 dicit
390 2016 568 2050 dominus

161 2075 237 2109 Hec
264 2078 319 2109 est
347 2076 482 2109 domus
507 2074 654 2109 domini

162 2134 238 2168 Hec
265 2133 380 2168 vidua
408 2136 488 2168 erat

162 2192 239 2226 Hec
269 2192 385 2226 vidua
415 2195 496 2226 erat

161 2250 229 2285 Hic
256 2250 350 2285 abiit
378 2251 426 2285 ad
455 2250 578 2285 Deum

162 2309 230 2343 Hic
250 2312 306 2343 est
329 2309 541 2352 discipulus

163 2368 230 2402 Hic
250 2368 358 2402 statis
378 2367 609 2411 aspicientes

163 2426 225 2460 Hii
253 2429 338 2460 sunt
367 2426 442 2461 viri

163 2485 239 2533 Hoc
269 2487 324 2519 est
355 2494 491 2528 corpus
520 2494 647 2519 meum

164 2543 239 2578 Hoc
269 2546 324 2578 est
355 2553 492 2587 corpus
520 2553 648 2578 meum

164 2601 285 2636 Hodie
305 2604 419 2636 natus
440 2604 497 2636 est
518 2601 630 2636 nobis

164 2661 264 2695 Hora
290 2663 346 2695 est
373 2661 448 2695 iam
474 2670 543 2695 nos

161 2766 277 2801 Jacob
304 2768 430 2800 autem
457 2765 588 2810 genuit

165 2824 319 2867 Impleti
341 2827 427 2858 sunt
451 2824 535 2859 dies

165 2882 207 2917 In
235 2883 372 2918 diebus
400 2883 514 2918 famis

166 2941 316 2976 Induite
344 2952 482 2976 novum
509 2941 704 2976 hominem

166 2999 365 3044 Ingressus
392 3003 448 3034 est

510 111 555 145 II.
588 108 798 144 Abschnitt.

840 107 1045 141 Sermones
1076 104 1227 140 concilii
1256 103 1576 139 Constanciensis.

879 222 1068 258 (Jiocanm'
1102 222 1245 266 Poyyio

879 282 992 318 Kard.
1025 281 1120 315 Ami

878 341 1076 375 E.1·iminus
1105 341 1152 374 de
1180 339 1324 382 :lymar

878 400 993 433 Isarci.
1029 398 1233 434 Zabarella

880 459 1013 492 Moris:
1047 469 1117 493 von
1147 458 1245 499 Praq

879 518 906 551 A
915 526 1103 560 nonymus

878 578 1040 611 (Jesterr.
1077 576 1292 610 Gesandler

878 636 1002 670 lah-ob
1029 645 1086 679 ep.
1114 646 1144 670 v.
1170 635 1264 669 Lodi

878 695 1103 737 Anonymus

878 801 1040 835 Alea-ius
1068 811 1100 835 v.
1129 799 1324 834 Placentia

879 860 1104 902 Anonymus
1130 860 1168 893 Ο.
1195 859 1329 892 Praed.

880 919 1104 961 ,tuonymus

882 978 974 1012 Karl
1007 977 1208 1012 Malatesla

880 1037 1046 1080 Sperans
1075 1037 1116 1071 in
1142 1036 1226 1070 Deo

880 1096 912 1129 H
919 1096 1114 1137 uquonetti

883 1155 1055 1189 Leonard
1090 1153 1230 1189 Statius

880 1213 913 1247 H
919 1213 1114 1255 uyuonetli

881 1272 1070 1314 [I'Aclzery

880 1331 1057 1365 Andreas
1088 1330 1248 1364 Laskari

879 1390 1105 1432 Anonymus

879 1449 1106 1492 Anonymus

881 1556 1106 1598 Anonymus

882 1615 1112 1650 Laurentius
1139 1615 1187 1650 de
1213 1614 1376 1658 Neapoli

880 1674 1107 1717 Anonymus

880 1734 1106 1777 Anonymus

881 1794 1107 1837 Anonymus

881 1853 965 1887 Joh.
1008 1853 1217 1888 Zachariae

884 1959 1017 1992 Morilz
1045 1970 1078 1993 v.
1108 1959 1206 2001 Pras]

882 2018 1055 2053 Sanctius
1080 2028 1138 2061 ep.
1163 2028 1197 2053 v.
1221 2017 1361 2052 Oloron

884 2076 998 2111 Κανά.
1022 2086 1096 2111 von
1118 2076 1208 2110 Pisa

885 2135 1017 2169 Moril:
1049 2146 1078 2169 υ.
1108 2135 1206 2178 Ρνα9

883 2194 1039 2228 Pontius
1068 2194 1304 2238 Fenyeronis

881 2252 1046 2287 Jacobus
1077 2263 1134 2296 ep.
1166 2263 1198 2287 v.
1230 2252 1324 2287 Lodi

881 2311 1078 2345 Johannes
1118 2321 1175 2355 ep.
1214 2321 1248 2347 v.
1287 2311 1426 2346 Fermo

882 2370 1017 2404 Petrus
1051 2371 1099 2404 de
1141 2369 1321 2404 Versaliis

885 2428 996 2462 Peter
1016 2428 1140 2463 Pullca

883 2487 1108 2529 Anonymus

883 2545 1108 2588 Anonymus

883 2604 1108 2646 Anonymus

885 2662 981 2704 Man.
1023 2663 1184 2697 Ursinus

882 2767 966 2802 Joh.
1005 2766 1153 2803 Gerson

884 2826 912 2859 Α
923 2836 1108 2868 aonymus

883 2884 1108 2927 Anonymus

881 2943 1058 2978 Andreas
1088 2942 1256 2978 Graecus

885 3002 1058 3036 Leonard
1083 3001 1224 3037 Statius

1487 221 1576 256 1417
1604 220 1704 265 Sept.
1731 221 1786 257 27.

1487 281 1577 315 1417
1604 281 1698 323 Aug.
1730 280 1783 315 19.

1491 340 1577 374 ’1417
1604 339 1700 382 Aug.
1732 341 1784 374 15.

1490 399 1576 433 1416
1609 398 1696 433 Jun.
1732 400 1764 434 5.

1488 458 1577 492 1417
1604 457 1696 492 Feb.
1725 457 1782 493 25.

1485 514 1778 561 (Char-frenae).

1485 575 1598 619 (1415
1619 575 1703 609 Jan.
1729 575 1786 610 od.
1810 574 1931 619 Feb).

1490 635 1578 669 1416
1606 634 1684 668 Mai
1708 633 1765 669 30.

1537 693 1556 718 2

1490 799 1579 834 1416
1606 798 1709 833 Miirz
1739 799 1792 833 15.

1490 859 1580 893 1418
1608 858 1698 892 Feb.
1729 858 1760 892 9.

1492 917 1579 951 1416
1606 917 1710 951 Miirz
1735 916 1792 952 29.

1490 977 1580 1011 1415
1605 975 1680 1011 Jul.
1709 975 1741 1010 4.

1492 1036 1579 1070 1416
1612 1035 1713 1078 Sept.
1749 1035 1802 1070 10.

1490 1095 1580 1129 1416
1605 1093 1695 1128 Feb.
1720 1093 1752 1128 2.

1491 1153 1580 1188 1416
1612 1152 1716 1187 Mar:
1748 1154 1779 1187 1.

1490 1213 1580 1247 1417
1611 1212 1693 1247 0Ιεί.
1726 1211 1779 1246 17.

1490 1272 1580 1306 1415
1608 1271 1700 1305 Feb.
1729 1270 1786 1306 23.

1490 1330 1580 1365 1415
1614 1329 1707 1365 nach
1739 1329 1823 1364 Jan.
1855 1329 1912 1364 29.

1491 1448 1581 1483 1416
1609 1447 1700 1483 Feb.
1729 1447 1786 1484 23.

1491 1555 1582 1590 1417
1608 1554 1699 1589 Nov.
1732 1555 1762 1588 1.

1492 1615 1582 1649 1416
1608 1613 1708 1657 Sept.
1738 1613 1792 1648 16.

1492 1674 1582 1709 1417
1610 1673 1700 1708 Dez.
1732 1672 1787 1708 19.

1539 1732 1558 1767 ἓ

1540 1791 1560 1818 e

1492 1819 1582 1887 1415
1610 1849 1710 1894 Sept.
1736 1849 1792 1884 29.

1492 1957 1582 1992 1417
1613 1955 1692 1990 Mai
1722 1955 1755 1990 9.

1491 2016 1582 2051 1417
1610 2015 1701 2050 Feb.
1730 2013 1786 2049 24.

1492 2075 1582 2110 1416
1613 2074 1693 2108 Mai
1725 2074 1779 2109 15.

1492 2134 1582 2169 1416
1609 2133 1710 2176 Sept.
1737 2132 1793 2168 20.

1491 2193 1582 2228 1417
1609 2191 1710 2235 Sept.
1736 2191 1794 2227 21.

1492 2252 1582 2287 1415
1608 2250 1700 2285 nach
1729 2249 1811 2285 Oka.
1837 2249 1891 2284 10.

1492 2311 1582 2345 1416
1610 2309 1699 2343 Dez.
1729 2308 1785 2344 27.

1492 2369 1582 2404 1415
1608 2368 1687 2403 Mai
1713 2368 1745 2403 9.

1493 2428 1582 2463 1416
1609 2427 1702 2462 Juni
1729 2426 1786 2461 29.

1487 2485 1881 2530 (Griindonnerstay).

1488 2546 1505 2589 (
1510 2544 1586 2580 Grii
1593 2545 1642 2580 nd
1647 2544 1882 2588 onnerstay).

1490 2605 1507 2648 (
1514 2602 1765 2648 Weihnacht).

1492 2663 1582 2697 1416
1609 2662 1702 2698 Nov.
1730 2661 1786 2697 29.

1492 2768 1582 2803 1416
1614 2767 1715 2812 Sept.
1745 2767 1778 2803 8.

1539 2825 1559 2862 ἓ

1491 2886 1581 2920 1415
1613 2884 1693 2919 Mai
1721 2884 1778 2920 30.

1540 2944 1559 2969 9

1491 3003 1582 3038 1416
1609 3002 1647 3036 M
1651 3003 1714 3037 ἅτε
1738 3001 1795 3038 23.
