2227 3434
305 104 586 141 Undatierbare
617 106 694 140 und
723 104 926 140 unsichere
957 105 1194 140 Konstanzer
1222 105 1429 149 Predigten
1458 106 1536 140 und
1566 106 1707 141 Reden.
1805 107 1890 150 533

124 235 197 264 me
224 222 325 265 fore
353 223 597 265 turbidam.
637 223 762 265 Dixit
787 223 941 265 michi:
983 223 1123 276 ,Ave‘‚
1150 223 1196 265 id
1220 227 1292 266 est
1318 224 1420 265 sine
1447 236 1502 265 ve
1529 227 1575 266 et
1600 224 1890 266 amarissime

125 305 197 335 me
235 293 451 346 replevit;
493 294 732 346 ,Dominus
770 294 933 336 tecum‘
972 306 1056 336 nec
1094 297 1228 347 pater
1264 307 1349 336 nec
1388 294 1518 337 filius
1555 307 1734 337 mecum
1772 298 1890 338 sunt.

123 363 388 415 ‚Benedicta
415 364 492 417 tu‘,
522 376 674 416 ymmo
703 364 867 407 cecidit
898 365 943 405 in
973 364 1228 409 maledicta.
1273 364 1463 418 Siluisti,
1493 368 1542 407 ut
1569 368 1692 418 puta,
1721 377 1891 407 nomen

124 445 291 487 meum,
323 435 499 477 scilicet
533 434 689 487 Maria,
721 435 828 487 quia
858 447 1000 476 unum
1032 436 1336 487 promittebas
1367 439 1411 477 et
1443 435 1570 478 aliud
1601 435 1891 478 intendebas.

123 504 234 547 Nam
273 504 411 547 hodie
452 517 613 548 omnes
652 505 849 558 pristine
888 505 1236 548 consolaciones
1277 506 1322 547 in
1362 506 1718 548 amaritudinem
1756 518 1892 548 verse

125 578 231 617 sunt
269 609 277 617 .
313 609 321 617 .
357 610 366 618 .
416 575 487 617 Ad
524 588 707 618 crucem
743 588 855 618 vero
894 575 1149 618 clamabam
1190 576 1365 619 dicens:
1417 577 1451 619 O
1491 590 1603 618 crux
1640 576 1892 619 crudeliter

123 645 347 699 crucians,
380 659 461 688 cur
493 659 594 688 cum
626 650 752 689 tanta
787 646 1158 689 inmisericordia
1191 660 1343 688 meum
1378 647 1575 700 surripis
1608 647 1761 689 filium
1795 682 1804 690 .
1840 681 1848 689 .
1884 682 1892 689 .

123 716 393 760 Sublevavit
420 716 543 759 enim
571 717 729 760 oculos
756 730 870 770 pyos
899 717 945 758 in
973 730 1060 770 me,
1089 721 1158 760 set
1185 718 1325 759 nichil
1355 717 1533 760 addixit
1560 718 1667 761 nisi:
1714 717 1892 770 Mulier,

125 799 230 829 ecce
254 787 384 830 filius
408 790 514 831 tuus
537 791 582 830 et
607 787 836 842 discipulo
858 801 1130 830 econverso:
1157 801 1262 830 ecce
1288 791 1434 830 mater
1458 792 1548 831 tua.
1584 789 1687 830 Heu
1709 802 1796 841 me,
1821 789 1892 830 fili

123 858 199 910 mi,
231 861 301 901 est
329 858 420 901 ¹ista
449 858 723 912 consolacio,
757 871 893 912 quam
927 859 1060 900 michi
1096 858 1356 912 impendis?
1404 859 1545 902 Estne
1579 860 1665 902 ista
1696 872 1894 902 commu-

124 929 234 971 tatio
255 929 600 982 attemptanda‘?
637 964 646 972 .
682 963 690 971 .
726 964 734 972 .
768 929 1066 972 Postmodum
1088 930 1306 972 vertebar
1330 943 1401 972 me
1423 930 1481 972 ad
1504 943 1690 973 sorores
1713 930 1890 972 dicens:

124 999 158 1043 O
186 999 352 1042 dilecte
382 1012 583 1053 sorores,
612 1003 743 1042 estne
771 1000 844 1042 hic
871 1000 1002 1044 filius
1029 1013 1174 1053 meus,
1204 1002 1280 1054 qui
1312 1002 1357 1042 in
1385 1014 1520 1043 cruce
1549 1001 1736 1054 pendet,
1764 1001 1894 1043 filius

125 1082 256 1113 meus
273 1074 323 1113 et
341 1083 426 1112 rex
445 1071 625 1124 glorie‘?
661 1071 897 1122 Quomodo
918 1084 1030 1125 ergo
1051 1075 1120 1114 est
1143 1072 1292 1125 spinis
1312 1075 1557 1114 coronatus
1579 1072 1708 1115 filius
1730 1073 1890 1114 meus‘?

126 1141 206 1184 Est
239 1142 390 1195 gloria
425 1142 712 1195 angelorum.
762 1142 999 1194 Quomodo
1036 1155 1147 1196 ergo
1183 1146 1254 1185 est
1292 1142 1352 1185 ita
1391 1143 1694 1196 deturpatus?
1748 1143 1894 1185 Filius

125 1224 255 1254 meus
281 1212 504 1256 innocens
529 1225 766 1266 nunquam
791 1213 1004 1255 offendit.
1043 1213 1279 1265 Quomodo
1303 1217 1375 1256 est
1398 1226 1509 1267 ergo
1534 1217 1583 1256 ut
1607 1214 1725 1256 latro
1750 1213 1895 1267 pessi-

123 1294 226 1326 mus
251 1282 503 1325 crucifixus
530 1286 574 1325 et
599 1284 901 1327 vulneratus?
943 1284 1021 1326 Set
1049 1285 1148 1338 ipse
1176 1297 1277 1326 mee
1306 1297 1492 1327 sorores
1518 1297 1577 1326 ex
1604 1285 1764 1327 dolore
1792 1296 1895 1326 meo

124 1356 170 1396 et
193 1353 514 1407 compassione
540 1354 606 1396 nil
632 1355 770 1396 michi
796 1355 1145 1408 respondebant
1171 1358 1241 1398 set
1265 1355 1438 1397 flentes
1464 1368 1536 1397 me
1565 1355 1895 1409 amplexaban-

124 1427 212 1468 tur.
259 1424 431 1467 Ultimo
468 1425 695 1478 loquebar
732 1425 879 1467 Marie
921 1424 1211 1479 Magdalene:
1263 1425 1298 1468 O
1337 1426 1484 1469 dulcis
1521 1426 1637 1479 filia,
1675 1425 1765 1468 filii
1803 1426 1894 1467 mei

125 1495 293 1539 dilecta
322 1495 565 1550 discipula,
596 1500 728 1540 estne
758 1496 830 1539 hic
861 1496 992 1539 filius
1023 1498 1184 1539 meus‘?
1229 1497 1370 1539 Estne
1401 1497 1474 1539 hic
1498 1497 1726 1550 'magister
1755 1497 1893 1539 tuus‘?

124 1566 192 1609 Tu
219 1567 343 1609 enim
372 1567 572 1609 deberes
601 1579 894 1622 cognoscere,
923 1581 1023 1609 cum
1053 1569 1245 1610 multum
1274 1571 1401 1611 esset
1425 1567 1688 1610 familiaris.
1727 1568 1785 1611 At
1814 1567 1895 1610 illa

126 1637 259 1690 dixit:
296 1637 394 1691 Hic,
433 1638 618 1681 domina
656 1651 772 1692 mea,
810 1642 880 1680 est
915 1640 1080 1681 unicus
1117 1639 1246 1681 filius
1284 1642 1390 1682 tuus
1425 1642 1471 1681 et
1508 1639 1728 1692 magister
1764 1651 1895 1681 meus

125 1707 335 1751 dilectus.
368 1708 596 1751 Volebam
618 1709 741 1751 enim
764 1709 916 1751 filium
939 1722 1090 1751 meum
1113 1713 1305 1763 tangere
1328 1713 1397 1752 set
1418 1710 1682 1763 nequebam
1703 1704 1895 1763 propter

125 1778 415 1822 altitudinem
446 1780 595 1823 crucis
626 1783 671 1822 et
701 1780 748 1822 in
779 1783 952 1823 terram
982 1780 1204 1823 cadebam
1235 1784 1444 1823 emortua
1477 1780 1632 1834 ibique
1663 1783 1894 1834 prostrata

125 1849 331 1893 iacebam
359 1850 520 1893 dolore
548 1851 690 1904 plena
718 1885 726 1893 .
762 1885 770 1893 .
807 1886 815 1893 .
856 1851 1176 1904 Amplexabar
1202 1850 1399 1904 proinde
1429 1864 1610 1893 crucem
1639 1854 1684 1893 et
1712 1851 1896 1904 sanqui-

124 1933 232 1963 nem
257 1920 347 1963 filii
374 1921 464 1964 mei
491 1934 549 1964 ex
575 1921 847 1965 volneribus
873 1935 1010 1964 manu
1038 1925 1191 1964 autem
1217 1922 1505 1976 colligebam.
1545 1922 1777 1975 Eramque
1803 1924 1895 1964 tota

125 2004 212 2045 per
242 1991 425 2046 faciem,
458 2005 622 2036 manus
655 1997 700 2036 et
732 1996 886 2036 vestes
919 1994 1147 2046 sanquine
1180 1993 1269 2035 filii
1304 1993 1393 2035 mei
1427 1995 1664 2035 cruentata
1700 2027 1708 2035 .
1744 2027 1752 2034 .
1787 2028 1796 2036 .
1842 1993 1896 2034 Et

124 2062 239 2106 hora
263 2075 388 2106 nona
412 2063 687 2106 exclamavit
712 2063 843 2107 filius
869 2076 999 2106 meus
1025 2077 1135 2106 voce
1162 2077 1328 2118 magna
1354 2067 1456 2106 etc.:
1495 2064 1633 2106 Pater
1660 2064 1707 2105 in
1731 2076 1896 2106 manus

125 2135 228 2176 tuas
253 2136 337 2177 etc.
375 2134 430 2176 Et
453 2134 674 2177 inclinato
698 2135 847 2188 capite
872 2147 1037 2178 versus
1062 2147 1149 2188 me,
1176 2135 1307 2188 quasi
1334 2135 1496 2177 volens
1524 2147 1595 2177 me
1622 2135 1826 2177 salutare
1852 2137 1897 2176 et

126 2204 391 2248 valedicere
424 2205 614 2248 tradidit
646 2205 872 2259 spiritum.
919 2206 973 2248 Et
1005 2219 1090 2259 ego
1123 2206 1311 2258 misera,
1343 2218 1445 2247 cum
1479 2205 1627 2247 adhuc
1659 2205 1895 2256 vidissem,

128 2275 270 2318 cecidi
303 2275 350 2318 in
383 2279 556 2318 terram
591 2277 723 2330 quasi
757 2280 938 2319 mortua
969 2280 1016 2319 et
1049 2277 1117 2319 sol
1153 2277 1426 2319 obscuratus
1460 2279 1532 2319 est
1564 2310 1572 2318 .
1608 2311 1616 2319 .
1653 2311 1661 2319 .
1707 2277 1764 2319 Et
1794 2288 1896 2318 cum

126 2346 303 2390 vellent
328 2345 502 2401 [filium
524 2347 696 2402 meum]
726 2348 772 2389 in
794 2348 1042 2401 sepulchro
1064 2360 1241 2400 ponere
1262 2348 1548 2400 amplectens
1569 2347 1722 2389 filium
1742 2359 1894 2389 meum

126 2416 489 2460 lamentabiliter
516 2418 747 2471 plorando
776 2417 1002 2460 dicebam:
1046 2418 1080 2460 O
1109 2417 1337 2461 carissimi
1365 2418 1455 2460 filii
1485 2418 1590 2471 mei,
1617 2417 1761 2460 nolite
1790 2429 1895 2459 eum

127 2490 219 2530 tam
239 2487 328 2531 c'ito
348 2488 535 2531 tradere
559 2489 776 2542 sepulcro
797 2492 841 2531 et
863 2490 1104 2543 paululum
1127 2489 1263 2531 michi
1286 2502 1391 2531 eum
1414 2489 1699 2542 relinquere,
1722 2491 1771 2530 ut
1793 2488 1896 2531 sub-

128 2560 271 2601 tracto
306 2559 538 2601 velamine
573 2559 739 2602 faciem
776 2560 877 2602 eius
912 2560 1215 2613 contemplari
1251 2560 1447 2602 valeam.
1496 2560 1598 2612 Aut,
1635 2559 1673 2602 si
1709 2571 1814 2602 eum
1851 2559 1896 2600 in

129 2629 378 2682 sepulchro
413 2642 589 2683 ponere
627 2631 781 2683 vultis,
817 2643 889 2672 me
927 2634 1120 2673 matrem
1157 2630 1375 2672 miseram
1411 2643 1512 2672 cum
1548 2642 1605 2672 eo
1642 2628 1896 2682 sepeliatis.

134 2699 206 2742 Illi
239 2700 459 2744 volebant
491 2713 595 2742 eum
630 2700 834 2753 sepelire
867 2704 911 2743 et
944 2714 1029 2754 ego
1061 2701 1303 2743 trahebam
1336 2700 1488 2754 ipsum
1521 2700 1579 2743 ad
1613 2713 1698 2742 me.
1745 2700 1800 2742 Et
1833 2700 1897 2742 sic

129 2768 250 2812 inter
270 2783 357 2814 nos
381 2774 482 2814 erat
503 2784 593 2824 pya
617 2772 868 2814 contencio.
905 2771 1078 2813 Tamen
1104 2775 1253 2814 amota
1279 2771 1618 2814 sanctissimum
1641 2770 1758 2812 illud
1780 2770 1894 2812 hora

129 2840 417 2893 completorii
445 2842 685 2894 sepulture
716 2841 959 2884 dederunt.
1001 2842 1177 2885 Volens
1206 2845 1357 2884 autem
1388 2841 1685 2894 sepulchrum
1716 2839 1896 2893 ingredi

130 2923 222 2952 non
250 2911 318 2953 fui
346 2912 578 2964 permissa
607 2915 654 2955 et
683 2912 989 2956 advolverunt
1014 2925 1181 2955 saxum
1211 2925 1425 2965 magnum
1457 2911 1515 2954 ad
1545 2911 1710 2953 ostium
1741 2922 1897 2952 monu-

130 2981 285 3024 menti.
325 2981 531 3036 Cumque
557 2982 838 3036 sepelissent
863 2995 968 3025 eum
996 3016 1004 3024 .
1040 3017 1047 3025 .
1084 3017 1091 3025 .
1119 2983 1296 3025 stabam
1322 2982 1438 3025 foris
1463 2983 1655 3036 plorans
1680 2984 1724 3024 et
1748 2980 1895 3034 suspi-
