2102 3444
264 163 350 206 258
799 163 824 196 I.
854 162 1061 197 Abschnitt.
1101 161 1502 206 Konzilstagebiicher.

266 281 481 334 Rigensis
519 281 576 323 ad
614 281 906 334 presenciam
943 281 1154 323 eiusdem
1193 281 1233 322 d.
1272 281 1395 334 regis
1432 294 1482 323 se
1519 282 1799 324 transferret
1835 293 2036 334 eumque

268 352 325 393 ad
349 352 703 405 expedicionem
727 352 921 405 negocii,
946 365 1032 405 pro
1056 365 1145 405 quo
1170 352 1329 405 iverat,
1356 355 1399 394 et
1423 353 1480 394 ad
1505 352 1797 394 redeundum
1820 352 2038 394 celeriter

267 422 323 463 ad
357 422 601 464 concilium
637 423 1005 475 quibuscumque
1041 423 1146 465 aliis
1176 423 1448 476 postpositis
1485 423 1767 465 sollicitaret.
1818 422 1924 476 Ipsa
1959 423 2038 466 ita-

267 506 356 545 que
385 493 460 535 die
489 493 636 536 dictus
664 494 704 535 d.
734 493 1112 546 archiepiscopus
1142 494 1198 535 de
1227 494 1503 536 Constancia
1533 495 1727 536 recessit
1753 506 1838 547 per
1864 496 2037 536 terram

266 576 430 606 versus
462 564 723 606 Narbonam
758 564 964 617 dirigens
995 577 1186 617 gressus
1219 578 1341 617 suos,
1375 566 1481 607 licet
1513 566 1570 607 ab
1602 564 1837 617 aliquibus
1869 564 2037 607 dictum

268 635 424 688 fuerit,
452 635 575 688 quod
601 636 867 687 perrexerit
893 636 998 678 alio.

385 706 471 747 Die
503 705 643 748 XXV.
677 706 852 749 mensis
884 706 1110 759 eiusdem,
1144 719 1245 748 cum
1279 707 1518 749 venissent
1551 720 1684 760 nova,
1717 706 1840 759 quod
1873 706 2038 749 Teucri

266 776 549 818 invasissent
578 788 773 830 regnum
801 776 1056 831 Hungarie,
1087 777 1303 820 destinati
1334 781 1439 820 sunt
1467 791 1553 832 pro
1582 781 1715 831 parte
1745 780 2038 820 sacrosancte

266 847 430 901 synodi
461 847 841 892 Constanciensis
869 861 964 891 rev.
993 861 1037 903 p.
1069 849 1110 891 d.
1141 849 1348 903 episcopi
1380 849 1594 892 Astensis
1624 852 1669 891 et
1700 848 1886 902 quidam
1918 848 2038 891 alius

265 918 475 971 prelatus
502 919 560 961 de
586 917 867 962 Alamannia
893 920 952 962 ad
976 920 1215 974 principes
1242 924 1287 963 et
1311 921 1518 973 prelatos
1544 920 1692 974 ipsius
1718 919 1850 973 regni
1878 919 1937 962 ad
1962 932 2040 961 ex-

268 989 545 1032 hortandum
570 990 710 1044 ipsos,
734 994 963 1043 quatenus
986 991 1027 1033 d.
1053 991 1150 1044 regi
1174 991 1485 1033 Romanorum
1509 994 1553 1033 et
1576 991 1814 1044 Hungarie
1837 994 1937 1044 etc.‚
1960 991 2038 1044 qui

266 1072 351 1113 pro
381 1073 518 1103 causa
548 1061 670 1103 bona
700 1062 846 1104 tocius
876 1061 1226 1104 christianitatis
1257 1062 1499 1104 laborabat
1529 1066 1574 1104 et
1603 1061 1842 1115 profectus
1870 1061 2039 1114 fuerat,

267 1131 546 1174 fidelitatem
571 1132 748 1174 vellent
774 1132 1023 1174 ostendere
1051 1133 1275 1186 dictisque
1303 1134 1508 1186 Teucris,
1536 1146 1587 1175 ac
1613 1133 1650 1175 si
1677 1133 1800 1175 idem
1826 1145 1911 1174 rex
1936 1144 2041 1186 pre-

270 1214 378 1245 sens
409 1205 546 1256 esset,
576 1206 791 1256 potenter
823 1203 1059 1246 resistere.

385 1273 525 1316 Sacro
559 1274 770 1327 generali
808 1274 1159 1317 Constanciensi
1195 1275 1403 1328 consilio,
1440 1274 1597 1317 rev1¹¹is
1631 1288 1673 1328 p.
1710 1278 1755 1317 et
1790 1275 1832 1316 d.
1868 1274 2040 1318 nostris

270 1344 670 1397 prestantissimis.

385 1415 538 1457 Revmi
576 1429 619 1469 p.
661 1419 707 1458 et
746 1416 787 1458 d.
828 1417 974 1459 nostri
1014 1417 1393 1470 prestantissimi!
1448 1417 1718 1459 Humillima
1757 1428 2041 1459 recommen-

269 1485 460 1528 dacione
489 1486 722 1539 premissa
749 1499 851 1529 cum
880 1487 1093 1540 obsequii
1121 1487 1486 1541 promptitudine
1517 1500 1696 1530 sacram
1723 1487 2040 1530 universalem

269 1557 465 1599 ecclesie
496 1557 717 1600 unionem
750 1558 829 1600 diu
859 1558 1148 1612 concupitam
1180 1558 1382 1600 feliciter
1414 1558 1639 1601 obtinere.
1683 1558 1797 1610 Quia
1828 1570 2042 1612 progres-

274 1640 373 1669 sum
397 1631 607 1670 nostrum
633 1642 658 1671 a
684 1628 961 1671 Constancia
985 1641 1133 1682 usque
1159 1628 1412 1672 Gebennas
1438 1628 1596 1671 revmis
1619 1642 1663 1683 p.
1688 1629 1858 1671 vestris
1883 1628 2045 1671 recoli-

272 1711 373 1741 mus
402 1699 704 1754 scripsisse1),
732 1700 1034 1753 presentibus
1063 1701 1276 1743 inserere
1305 1700 1590 1754 obmisimus,
1617 1701 1842 1743 humilius
1870 1700 2045 1754 suppli-

273 1773 444 1824 cantes,
467 1770 683 1823 quatinus
704 1771 840 1814 nobis
862 1784 1057 1824 parcere
1081 1772 1330 1825 dignentur
1350 1771 1517 1814 eedem
1537 1785 1581 1825 p.
1598 1785 1638 1813 v.
1655 1780 1816 1824 revme,
1832 1770 1870 1814 si
1886 1770 2045 1824 sepius

282 1840 408 1895 [per]
433 1841 612 1883 litteras
630 1842 756 1894 ipsas
771 1854 864 1884 non
880 1842 1238 1895 visitaverimus,
1253 1843 1378 1896 quia,
1395 1842 1542 1885 donec
1555 1845 1732 1884 certum
1747 1842 2044 1894 haberemus,

272 1911 396 1954 unde
423 1911 613 1954 easdem
639 1912 871 1955 letificare
897 1926 1156 1967 possemus,
1182 1915 1267 1956 hoc
1294 1915 1446 1967 ipsum
1471 1913 1636 1956 merito
1662 1912 1862 1955 differre
1889 1912 2046 1955 decre-

273 1982 436 2025 vimus.
480 1982 632 2025 Revmi
662 1995 705 2036 p.
741 1996 791 2025 ac
824 1984 865 2026 d.
898 1984 1044 2026 nostri
1075 1984 1456 2037 prestantissimi!
1504 1984 1701 2026 Domino
1732 1983 1935 2038 auspice,
1966 1983 2045 2037 qui

273 2065 464 2106 gressus
488 2056 672 2096 nostros
698 2067 780 2097 sua
805 2054 1092 2108 benignitate
1117 2055 1302 2109 direxit,
1328 2055 1428 2098 sani
1454 2058 1498 2097 et
1523 2055 1779 2098 incolumes
1804 2057 1910 2098 ante
1935 2057 2046 2097 tem-

273 2136 360 2176 pus
390 2125 716 2167 convencionis
744 2125 1006 2168 Narbonam
1038 2126 1348 2179 applicuimus
1376 2129 1422 2168 et
1451 2126 1783 2169 serenissimus
1812 2125 1854 2168 d.
1884 2125 2047 2168 Roma-

274 2207 440 2237 norum
477 2208 562 2237 rex
600 2195 776 2238 decima
813 2196 972 2249 quinta
1010 2197 1185 2239 mensis
1222 2197 1432 2251 Augusti,
1471 2197 1545 2238 die
1582 2196 1813 2250 videlicet,
1850 2209 1941 2250 qua
1977 2208 2046 2239 se-

275 2265 475 2307 cundum
497 2267 881 2319 prorogacionem
905 2279 1006 2309 cum
1031 2267 1616 2321 illustrissimoAragonum
1640 2280 1751 2321 rege
1774 2269 2046 2310 conventam

275 2336 476 2379 debebat
514 2337 622 2379 illuc
660 2338 904 2379 interesse.
956 2337 1066 2380 Post
1101 2337 1230 2380 cuius
1267 2338 1516 2380 adventum
1553 2337 1766 2392 prefatus
1805 2337 1846 2380 d.
1884 2338 2046 2380 Roma-

276 2419 441 2449 norum
467 2419 552 2449 rex
577 2410 796 2461 sanctam,
822 2420 959 2461 quam
987 2420 1173 2461 semper
1196 2409 1354 2462 gessit,
1382 2408 1683 2451 affectionem
1708 2408 1766 2451 ad
1790 2408 2046 2462 predictam

275 2477 494 2520 unionem
519 2478 793 2521 continuans
818 2491 1001 2520 omnem
1026 2478 1336 2532 diligenciam,
1362 2491 1499 2532 quam
1524 2479 1684 2533 potuit,
1710 2479 1820 2521 fecit
1844 2482 1936 2522 tam
1960 2491 2046 2533 per

276 2548 637 2591 ambassiatores
672 2562 808 2602 quarn
842 2549 1036 2592 nuncios
1070 2553 1115 2591 et
1150 2549 1328 2592 litteras
1363 2562 1449 2602 pro
1483 2549 1827 2592 acceleracione
1859 2549 2046 2592 unionis

275 2619 498 2672 predicte.
538 2619 630 2662 Sed
657 2623 702 2662 et
727 2632 812 2662 nos
838 2632 992 2672 neque
1021 2620 1169 2662 labori
1198 2633 1350 2673 neque
1379 2620 1533 2663 studio
1558 2621 1731 2664 nostris
1758 2621 1805 2662 in
1832 2620 1918 2663 hoc
1945 2621 2046 2674 ipso

276 2694 321 2732 et
363 2691 469 2733 aliis
511 2690 752 2733 materiam
794 2691 929 2732 nobis
972 2690 1262 2733 commissam
1306 2691 1695 2734 concernentibus
1735 2691 2044 2745 pepercimus.

277 2761 492 2804 Attamen
529 2761 740 2803 obstante
778 2761 972 2814 predicti
1009 2761 1274 2814 Aragonum
1311 2761 1434 2814 regis
1471 2761 1742 2804 infirmitate
1776 2762 1921 2816 gravi,
1957 2773 2047 2815 qua

276 2844 361 2885 per
394 2833 555 2885 plures
590 2832 690 2874 dies
726 2832 942 2874 detentus
975 2832 1139 2884 extitit,
1172 2844 1368 2885 paucum
1403 2831 1628 2874 commodi
1663 2831 1909 2886 diligencie
1943 2844 2047 2886 pre-

277 2902 411 2955 dicte,
441 2903 588 2945 donec
616 2902 829 2955 prefatus
858 2903 1124 2956 Aragonum
1156 2915 1239 2944 rex
1271 2903 1455 2945 sanitati
1486 2902 1726 2946 restitutus
1754 2902 1856 2956 fuit,
1886 2903 2048 2945 attule-

279 2976 397 3015 runt.
432 2972 525 3016 Sed
545 2976 591 3015 et
612 2973 652 3017 d.
676 2986 761 3015 rex
782 2973 1094 3015 Romanorum
1116 2974 1318 3025 intuenS,
1339 2985 1398 3015 ne
1422 2974 1616 3016 materia
1636 2973 1822 3016 unionis
1843 2973 1903 3016 ad
1923 2972 2047 3015 diffi-

395 3065 426 3107 1)
455 3065 533 3100 Der
561 3065 666 3109 Brief
690 3065 798 3109 fehlt.
