2102 3444
296 151 381 193 626
734 145 798 179 llI.
830 143 1039 179 Abschnitt.
1083 140 1235 175 Reform
1268 140 1346 173 und
1377 138 1624 183 Verfassung.

387 268 424 309 2.
454 268 522 309 Dc
550 264 774 307 fructibus
802 261 942 305 medii
971 259 1193 312 temporis
1222 257 1482 300 vacacionis
1513 269 1602 300 non
1631 256 1973 310 recipiendis.¹)

417 336 696 378 vacantibus
740 332 950 374 ecclesiis
996 334 1071 372 aut
1117 329 1455 382 monasteriis²¹)
1504 327 1702 381 aliisque
1749 326 2064 380 dignitatibus,

300 408 469 449 officiis
496 419 576 447 scu
604 404 848 445 beneficiis
875 398 1243 453 ecclesiasticis¹¹)
1274 399 1642 452 quibuscumque
1665 399 1781 441 satis
1809 410 1915 441 esse
1941 397 2066 440 vide-

302 483 373 520 tur
399 476 746 526 incommodum,
771 473 892 526 quod
917 472 1012 515 suis
1038 474 1142 513 sunt
1165 470 1432 524 pastoribus
1457 472 1532 511 aut
1555 468 1906 522 presidentibus
1929 469 2067 512 desti-

302 552 407 590 tuta.
446 549 506 589 Nc
534 547 667 599 igitur
691 545 882 587 afflictis
906 543 1040 584 detur
1065 541 1268 584 affliccio
1291 540 1592 594 presentibus
1615 540 1921 593 declaramus,
1944 539 2067 593 quod

303 621 489 669 fructus,
518 617 727 658 redditus
754 619 797 656 et
824 614 1116 667 proventus)
1148 612 1466 664 ecclesiarum,
1494 610 1896 665 monasteriorum,
1923 610 2069 664 digni-

301 693 455 738 tatum,
502 688 765 729 officiorum
812 689 858 727 et
905 684 1242 725 beneficiorum
1290 680 1752 736 ecclesiasticorum)
1801 681 2069 724 vacancium

301 771 587 811 quorumque
617 756 878 798 huiusmodi
907 755 1166 796 vacacicnis
1194 757 1404 806 tempore
1433 751 1748 807 evenientesd)
1778 752 1990 795 ecclesiis
2018 763 2070 794 ac

304 829 648 871 successoribus
691 827 914 880 proximis
958 828 1273 868 reserventur.
1329 825 1419 866 Nec
1461 824 1697 867 Romanus
1738 823 1952 876 pontifex
1993 826 2072 866 aut

304 901 422 942 alius
450 913 530 941 sua
558 900 628 940 vel
656 898 848 940 alterius
874 898 1187 949 cuiuscunque
1215 895 1484 938 auctoritate
1508 895 1619 938 villos
1642 894 1835 948 fructus,
1861 893 2072 936 redditus

305 975 346 1012 et
371 971 658 1023 proventus)
685 969 772 1010 sibi
795 968 1014 1010 attribuat
1034 966 1374 1020 quovismodo)
1393 958 1673 1019 privilegiis,
1696 964 2071 1018 fundacionibus,

304 1040 620 1083 dotacionibus
651 1052 700 1082 ac
734 1038 1096 1080 racionabilibus
1129 1041 1173 1079 et
1205 1036 1477 1090 prescriptis
1509 1035 1924 1078 consuetudinibus
1955 1035 2073 1078 infe-

308 1113 476 1154 riorum
502 1110 801 1152 ecclesiarum
828 1110 873 1150 in
897 1122 980 1150 suo
1004 1109 1172 1150 robore
1198 1108 1434 1150 duraturis
1460 1108 1506 1149 in
1531 1107 1688 1161 aliquo
1712 1104 1990 1162 derogares)

420 1242 458 1283 3.
503 1240 681 1292 Decet²)
701 1239 955 1280 Romanum
972 1237 1241 1291 pontificem
1258 1237 1349 1279 hiis
1364 1238 1428 1279 uti
1445 1236 1642 1290 legibus,
1658 1249 1774 1290 quas
1789 1236 1835 1278 in
1851 1236 1956 1278 aliis
1973 1236 2073 1290 ipse

307 1312 526 1363 sanxerit,
554 1311 768 1363 quoniam
797 1309 922 1351 illius
951 1309 1109 1351 existit
1136 1308 1350 1361 vicarius,
1378 1308 1457 1361 qui
1484 1307 1605 1361 cepit
1629 1307 1788 1350 facere
1814 1311 1860 1351 et
1883 1307 2072 1349 docere:

309 1384 454 1436 Digna
480 1382 601 1424 enim
626 1394 713 1423 vox
738 1384 807 1422 est
832 1380 1120 1422 maiestatem
1144 1379 1383 1432 regnantis
1407 1379 1643 1432 alligatam
1666 1378 1852 1432 legibus
1875 1390 1926 1420 se
1949 1377 2076 1432 prin-

307 1455 453 1506 cipem
494 1452 706 1506 profiteri
745 1456 789 1494 et
826 1452 975 1494 maius
1015 1454 1084 1493 est
1122 1451 1321 1503 imperio
1360 1450 1650 1492 summittere
1688 1449 1872 1503 legibus
1908 1447 2077 1503 princi-

308 1521 515 1577 patum‘).
551 1523 663 1565 Cum
688 1524 841 1575 itaque
866 1521 1039 1564 dudum
1062 1522 1255 1563 Romani
1279 1521 1526 1574 pontifices
1546 1520 1790 1574 perpetuis
1811 1523 1856 1562 et
1874 1518 2075 1562 diversis

307 1594 465 1636 edictis
478 1593 1113 1646 prohibuerunt,vacantibus
1129 1591 1475 1634 cathedralibus
1491 1590 1789 1644 regularibus
1804 1595 1850 1634 et
1863 1589 2078 1645 collegia-

308 1666 364 1706 tis
414 1665 623 1706 ecclesiis
672 1676 853 1705 necnon
905 1663 1220 1717 dignitatibus,
1270 1662 1615 1716 personatibus,
1666 1661 1953 1715 prioratibus
2000 1661 2077 1703 vel

309 1736 517 1778 ecclesiis
538 1735 889 1788 quibuscunque
911 1735 1033 1777 bona
1054 1747 1079 1776 a
1100 1735 1309 1787 prelatis,
1332 1733 1591 1776 rectoribus
1609 1736 1691 1775 :aut
1710 1731 1936 1776 ministris
1955 1732 2077 1787 ipso-

310 1819 409 1847 rum
436 1810 479 1848 et
506 1807 710 1858 ipsarum
739 1806 930 1848 dimissa
956 1818 1040 1847 seu
1064 1808 1169 1858 post
1193 1805 1401 1858 ipsorum
1429 1804 1603 1846 obitum
1630 1805 1820 1847 inventa
1846 1807 1923 1846 aut
1949 1815 2079 1846 vaca-

309 1877 452 1920 cionis
488 1880 694 1930 tempore
731 1877 1035 1918 obveniencia
1071 1889 1096 1918 a
1132 1876 1488 1929 quibuscunque
1523 1879 1823 1929 preterquam
1858 1874 1906 1916 in
1939 1873 2078 1917 certis

310 1948 492 1990 casibus
519 1949 746 2001 occupari,
773 1948 1064 1990 declaramus
1090 1951 1135 1990 et
1160 1947 1457 1989 decernimus
1481 1947 1604 1989 bona
1627 1945 1907 1999 huiusmodi,
1932 1945 2078 1988 eciam

312 2019 348 2059 si
387 2018 589 2062 defuncti
627 2032 660 2061 s.
695 2018 745 2060 R.
781 2031 819 2060 e.
857 2018 1120 2061 cardinales
1155 2018 1346 2071 fuerint,
1380 2021 1426 2060 et
1461 2018 1741 2071 ubicunque,
1777 2016 1923 2059 eciam
1959 2015 1998 2058 si
2031 2015 2079 2058 in

311 2088 514 2131 Romana
541 2090 668 2131 curia
697 2089 817 2131 bona
846 2090 1011 2131 eadem
1042 2089 1281 2132 extiterint
1310 2090 1384 2131 vel
1415 2088 1704 2141 obvenerint,
1730 2100 1819 2142 per
1848 2087 2080 2130 Romanos

312 2159 557 2211 pontifices
588 2173 668 2202 seu
699 2173 859 2202 eorum
889 2160 1147 2203 officiarios
1177 2163 1253 2202 aut
1283 2159 1519 2202 ministros
1547 2172 1641 2201 non
1671 2159 1835 2202 deberi
1865 2157 2080 2212 occupari

314 2233 389 2272 aut
412 2230 497 2271 sibi
520 2230 592 2272 vel
617 2232 868 2283 apostolice
891 2243 1073 2273 camere
1099 2231 1338 2284 applicari.
1374 2231 1464 2272 Per
1487 2231 1573 2272 hoc
1590 2233 1748 2273 autem
1771 2229 1830 2272 de
1852 2228 2080 2272 fructibus

314 2300 449 2352 primi
491 2302 612 2353 anni,
655 2314 769 2354 quos
810 2302 1051 2344 vacancias
1092 2314 1176 2344 seu
1217 2304 1413 2345 annatas
1452 2304 1630 2354 vocant,
1671 2313 1787 2354 quos
1828 2299 2081 2354 apostolica

314 2383 494 2413 camera
528 2371 776 2424 aliquando
808 2385 892 2425 pro
925 2373 1022 2415 suis
1052 2373 1335 2415 necessariis
1366 2371 1590 2426 percepit,
1623 2371 1766 2413 nichil
1797 2370 2082 2414 intendimus

314 2441 544 2483 ordinare.

430 2558 469 2600 4.
500 2559 609 2600 Item
634 2561 951 2603 sanctissimus
975 2561 1188 2603 dominus
1211 2566 1370 2605 noster
1393 2561 1571 2603 fructus
1594 2563 1639 2603 et
1661 2562 1916 2614 proventus
1939 2597 1947 2604 .
1983 2592 1993 2602 .
2027 2559 2077 2614 .³)

418 2712 445 2741 a)
470 2710 554 2742 Fam!
576 2711 749 2742 arsula-hen
771 2711 954 2738 maioribus
975 2720 1031 2739 seu
1048 2712 1239 2739 minoribus.
1277 2712 1310 2746 b)
1326 2713 1386 2739 Am
1402 2713 1517 2739 Nande
1532 2712 1588 2738 mit
1611 2711 1866 2738 Venta-Zeichen.
1902 2712 1930 2744 c)
1945 2709 2034 2737 redd.
2049 2710 2082 2736 ct

313 2763 402 2789 prov.
424 2766 472 2781 nm
502 2758 611 2783 Ιίιιηιιιτ
634 2759 686 2783 mir
718 2759 969 2785 Verum-Zeiclnvz.
1035 2759 1066 2787 ‹l›
1090 2761 1185 2787 Isorr.
1207 2767 1267 2787 aus
1287 2761 1528 2787 excrescentes.
1584 2759 1613 2792 c)
1634 2758 1787 2785 Daneben
1802 2766 1855 2784 am
1870 2757 1983 2784 Ranae
2004 2757 2082 2784 ohne

323 2803 563 2830 vrrvz-Zcislnn
587 2804 652 2831 lis-c
673 2807 781 2832 autom
802 2814 861 2840 por
876 2807 1037 2840 premissa
1052 2809 1159 2834 tamen
1175 2815 1237 2835 non
1254 2807 1453 2841 intenditur;
1473 2807 1635 2842 premissa
1650 2808 1758 2833 tamen
1773 2806 1813 2832 2¹81
1828 2804 2081 2832 dio-chatrichen.

315 2850 336 2875 1⁴·
353 2851 407 2875 Am
428 2851 554 2877 [tande.-
576 2852 739 2880 tradatur:
765 2853 842 2879 Xlll.
867 2854 1070 2888 Septembris·
1092 2854 1295 2881 conclusum.
1317 2854 1446 2882 Placuit
1464 2854 1614 2886 materia,
1634 2854 1686 2881 set
1706 2860 1769 2880 uon
1786 2852 1900 2879 forma.
1929 2849 2080 2889 1)S0118.

434 2913 465 2953 ¹)
496 2912 572 2945 Nur
603 2912 642 2945 Ilv
668 2912 731 2955 fol.
762 2916 844 2955 1503·
875 2915 943 2957 rgsl.
971 2925 1036 2949 :ur
1063 2915 1225 2950 Materte
1251 2915 1314 2950 die
1340 2915 1509 2958 Anlrc'z'gye
1538 2915 1636 2949 oben
1662 2913 1697 2949 S.
1724 2913 1802 2955 622,
1838 2912 1872 2948 V.

434 2972 464 3009 ²)
492 2970 566 3003 Zur
591 2971 721 3005 selben
750 2972 910 3006 Malerie
939 2973 978 3006 W
1002 2974 1028 3016 Ϊ.
1052 2975 1093 3007 91·
1119 2974 1216 3008 olene
1244 2972 1517 3016 Ueberschrift.

434 3030 464 3068 ³²)
494 3028 573 3061 Ales
600 3029 668 3062 der
695 3028 939 3072 Ifefm'malfle
968 3030 1129 3065 Martius
1167 3031 1220 3074 1'.;
1248 3030 1398 3065 Httbler
1425 3031 1502 3065 160.
