2102 3444
247 147 332 191 238
785 149 810 182 1.
835 148 1046 184 Abschnitt.
1085 147 1485 193 Konzilstagebiicher.

367 266 451 308 Die
484 266 671 309 veneris
702 266 866 310 XXVI.
898 268 1074 310 mensis
1105 267 1282 320 Aprilis
1312 281 1412 310 cum
1442 268 1706 311 cardinales
1737 271 1782 310 et
1811 271 2020 310 oratores

247 337 443 390 predicti
471 341 630 380 essent
656 338 869 391 dispositi
895 338 953 381 ad
979 351 1217 381 recessum
1244 351 1408 382 versus
1435 339 1774 392 Constanciam,
1801 339 2021 392 magister

249 407 414 450 civium
438 412 482 450 et
506 409 722 452 consules
745 409 870 462 opidi
895 410 1107 463 Fryburg
1130 422 1210 453 eos
1235 411 1570 453 instantissime
1594 412 1890 464 rogaverunt,
1912 422 2021 463 qua-

247 479 372 522 tinus
401 492 487 533 pro
515 492 630 533 pace
657 480 808 534 patrie
839 493 973 522 suum
1003 493 1241 523 recessum
1270 494 1363 524 non
1394 482 1455 524 ita
1486 483 1803 524 accelerarent
1832 481 1917 523 sed
1945 480 2022 523 ad-

248 554 436 593 ventum
461 551 502 593 d.
527 551 746 594 Ludovici
771 551 900 594 ducis
923 552 1134 606 Bavarie,
1159 552 1319 595 fratris
1343 553 1504 606 regine
1530 553 1739 606 Francie,
1763 552 1841 605 qui
1866 564 1922 594 ea
1946 551 2020 594 die

250 622 360 663 illuc
375 625 599 665 venturus
615 626 729 675 erat,
745 623 1137 676 prestolarentur3
1155 623 1355 666 maxime
1372 636 1471 665 cum
1489 624 1745 676 audissent,
1761 622 1884 676 quod
1898 635 2021 677 papa

249 704 468 736 reversus
498 693 654 736 fuerat
685 693 743 736 ad
773 693 968 748 Brysag;
1001 707 1197 747 quorum
1228 695 1446 748 precibus
1477 694 1649 748 prefati
1683 694 1724 736 d.
1757 693 2022 736 cardinales

247 768 291 806 et
329 768 538 807 oratores
577 768 838 808 annuentes
876 765 1027 818 ipsum
1067 766 1227 807 ducem
1267 767 1594 808 concluserunt
1632 765 1807 807 ibidem
1845 768 2022 819 presto-

249 836 349 877 lari.
390 835 529 878 Venit
556 835 711 889 itaque
739 849 795 879 ea
825 836 900 878 die
930 836 1077 879 dictus
1107 837 1214 891 dux,
1244 840 1345 879 cuin
1375 837 1601 890 dictisque
1633 837 1674 878 d.
1705 835 2021 879 cardinalibus

247 909 291 948 et
317 906 581 950 oratoribus
606 908 792 960 loqutus
817 910 901 961 est,
928 908 1089 961 eisque
1118 908 1275 961 suasit,
1302 911 1350 950 ut
1376 910 1727 950 reverterentur
1754 907 1812 950 ad
1837 919 2020 961 papam.

249 978 355 1031 lpse
386 980 539 1020 autem
570 978 665 1020 dux
694 978 891 1021 Bavarie
921 979 981 1021 ad
1010 979 1186 1032 Brysag
1215 979 1455 1033 profectus
1486 982 1569 1032 est,
1600 979 1680 1021 ubi
1709 978 1804 1021 dux
1832 978 2021 1021 Austrie

248 1048 337 1090 iam
364 1052 571 1091 venerat.
613 1049 820 1103 Cumque
850 1050 909 1092 ad
935 1050 1113 1104 Brysag
1139 1050 1448 1104 pervenisset,
1477 1050 1640 1092 ducem
1667 1050 1856 1092 Austrie
1884 1049 2022 1092 vehe-

247 1120 535 1162 mentissime
559 1120 830 1174 increpavit,
853 1121 976 1174 quod
997 1134 1166 1175 papam
1190 1121 1246 1163 de
1272 1121 1547 1164 Constancia
1570 1121 1831 1163 abduxerat
1852 1123 1898 1163 et
1919 1133 2022 1163 con-

247 1191 402 1233 cilium
426 1192 489 1234 ita
512 1191 923 1245 scandalizaverat,
947 1204 1232 1245 premonens
1256 1205 1376 1245 eum,
1401 1192 1537 1246 quod,
1561 1192 1652 1235 nisi
1677 1192 1895 1234 celeriter
1917 1204 2022 1245 pro-

247 1262 442 1316 videret,
466 1262 770 1305 imminebant
795 1262 883 1305 sibi
905 1263 1167 1317 periculum
1190 1267 1235 1305 et
1259 1263 1492 1306 desolacio
1516 1266 1661 1306 status
1686 1263 1775 1316 sui3
1802 1263 2021 1316 quoniam

247 1333 578 1377 serenissimus
607 1334 648 1376 d.
677 1347 762 1376 rex
788 1334 1102 1376 Romanorum
1131 1338 1175 1376 et
1203 1334 1282 1377 alii
1310 1334 1548 1388 principes
1575 1335 2021 1387 communitatesque

246 1405 454 1447 Romano
472 1405 672 1458 imperio
692 1405 865 1448 subditi
886 1405 945 1447 ad
964 1406 1105 1448 totale
1128 1406 1230 1448 eius
1250 1406 1450 1447 exicium
1472 1405 1790 1448 intendebant.
1825 1405 2022 1458 Propter

247 1476 377 1519 cuius
405 1476 534 1518 ducis
562 1476 758 1519 Bavarie
786 1477 932 1519 verba
959 1477 1061 1530 ipse
1090 1477 1185 1519 dux
1210 1476 1398 1519 Austrie
1425 1477 1631 1530 territus,
1659 1476 1810 1519 factus
1838 1488 2022 1518 mansu-

247 1550 350 1590 etus
371 1550 420 1590 ut
443 1560 603 1601 agnus,
627 1547 730 1590 eius
751 1547 938 1590 monitis
962 1547 1264 1601 acquiescens
1288 1560 1457 1601 papam
1481 1547 1539 1590 ad
1564 1547 1775 1601 Fryburg
1798 1546 2021 1589 conclusit

247 1618 488 1672 reducere,
514 1618 555 1661 d.
580 1618 705 1672 regis
728 1615 1041 1661 Romanorum
1066 1619 1359 1672 aliorumque
1384 1618 1677 1661 dominorum
1700 1618 1757 1660 de
1781 1617 2018 1672 concilioss)

246 1689 566 1731 misericordie
599 1702 648 1732 se
681 1689 928 1732 subiicere.
975 1689 1183 1743 Cumque
1212 1702 1337 1743 ¹papa
1369 1690 1428 1732 ad
1459 1690 1672 1744 Fryburg
1702 1688 2021 1741 reduceretur,

247 1760 321 1803 die
354 1760 536 1803 sabbati
565 1761 755 1803 XXVII.
788 1761 964 1804 mensis
994 1761 1187 1815 Aprilis,
1218 1761 1391 1815 prefati
1424 1761 1465 1803 d.
1498 1761 1777 1814 cardinales,
1810 1760 1888 1814 qui
1919 1771 2021 1802 cum

246 1831 468 1884 predictis
498 1832 761 1875 oratoribus
792 1832 850 1874 ad
878 1845 1047 1886 papam
1078 1832 1235 1874 redire
1266 1832 1356 1874 iam
1386 1832 1726 1885 concluserant,
1754 1831 1909 1873 eidem
1936 1842 2022 1885 per

247 1915 389 1944 unum
435 1903 618 1945 miliare
664 1915 811 1956 prope
859 1903 1071 1957 Fryburg
1116 1903 1423 1946 obviaverunt
1468 1916 1570 1945 curn
1614 1915 1763 1957 eoque
1810 1901 1869 1945 ad
1914 1901 2023 1955 Fry-

246 1974 364 2028 burg
389 1974 571 2016 reversi
597 1977 720 2026 sunt;
751 1974 925 2016 domini
952 1978 1106 2017 autem
1135 1975 1276 2016 duces
1303 1974 1501 2017 Bavarie
1528 1977 1573 2016 et
1599 1973 1802 2027 Austrie,
1831 1973 2022 2015 dimisso

246 2057 369 2098 papa
418 2045 465 2086 in
517 2045 729 2099 Fryburg
780 2046 865 2087 sub
917 2045 1038 2088 bona
1088 2045 1296 2088 custodia
1346 2045 1513 2088 civium
1564 2057 1731 2088 versus
1780 2043 2021 2088 Scafusam

245 2115 423 2168 pariter
474 2119 802 2169 perrexerunt,
856 2120 1223 2169 remanenteque
1276 2116 1451 2158 ibidem
1504 2116 1619 2158 duce
1672 2116 1875 2170 Austrie,
1927 2114 2023 2157 dux'

247 2187 443 2229 Bavarie
475 2199 641 2230 versus
673 2187 996 2229 Constanciam
1029 2187 1257 2240 precessit
1287 2187 1504 2240 eundem,
1536 2190 1584 2229 ut
1615 2200 1701 2240 pro
1730 2187 1835 2240 ipso
1867 2185 2022 2229 salvos

247 2258 499 2301 conductus
533 2260 787 2311 oportunos
823 2271 847 2300 a
882 2258 923 2299 d.
960 2270 1070 2311 rege
1104 2258 1431 2311 Romanorum,
1467 2271 1598 2300 sacro
1631 2255 1870 2312 conciliob)
1907 2256 2022 2300 Con-

249 2329 499 2372 stanciensi
542 2330 826 2383 impetraret,
867 2329 1174 2382 equitansque
1216 2332 1309 2371 tota
1348 2332 1494 2382 nocte,
1534 2329 1723 2371 tandem
1763 2328 1839 2371 die
1879 2327 2022 2370 domi-

247 2401 349 2442 nica
388 2400 604 2442 XXVIII.
645 2399 818 2441 mensis
859 2400 1036 2453 Aprilis
1077 2400 1400 2442 Constanciam
1440 2403 1546 2442 ante
1586 2399 1834 2453 prandium
1875 2399 2022 2452 appli-

248 2472 352 2524 cuit,
402 2471 460 2513 ad
506 2471 800 2524 presenciam
850 2471 891 2513 d.
941 2471 1065 2524 regis
1113 2471 1425 2512 Romanorum
1475 2470 1521 2512 in
1569 2473 1728 2513 sancto
1776 2469 2021 2512 Francisco

247 2541 436 2584 missam
463 2541 730 2584 audientem
757 2554 807 2584 se
833 2541 1038 2594 contulit,
1064 2545 1194 2595 gesta
1221 2541 1381 2584 retulit
1405 2544 1450 2584 et
1477 2542 1632 2584 salvos
1659 2540 1910 2584 conductus
1935 2553 2021 2594 pro

248 2613 290 2655 d.
322 2612 436 2655 duce
467 2613 733 2666 postulavit,
763 2613 841 2666 qui
874 2625 929 2655 ea
960 2613 1035 2654 die
1067 2612 1275 2654 concessi
1307 2615 1411 2655 sunt
1441 2615 1487 2654 et
1516 2612 1592 2654 die
1623 2613 1733 2654 lune
1763 2610 2020 2666 penultima

249 2684 422 2727 mensis
448 2683 626 2738 Aprilis
653 2683 774 2726 dicto
801 2683 904 2725 duci
931 2683 1206 2725 transmissi.
1247 2682 1423 2734 Quibus
1450 2695 1535 2736 per
1563 2695 1669 2725 eum
1697 2681 1898 2736 receptis
1926 2681 2020 2724 dux

249 2755 349 2809 ipse
389 2755 463 2797 die
503 2755 663 2798 martis
702 2755 863 2797 ultima
902 2755 1078 2797 mensis
1115 2753 1326 2796 eiusdem
1366 2754 1453 2796 iter
1491 2766 1657 2796 versus
1696 2753 2019 2796 Constanciam

249 2826 445 2879 arripuit
472 2830 516 2868 et
545 2839 605 2868 ex
634 2825 709 2868 die
739 2825 849 2867 illuc
876 2825 1093 2878 pervenit
1120 2824 1294 2877 illaque
1324 2827 1457 2866 nocte
1484 2825 1535 2866 in
1564 2823 1847 2867 monasterio
1876 2822 2020 2867 sancti

248 2897 392 2939 Ulrici
429 2897 486 2939 de
523 2897 724 2940 Gutzlini
760 2896 939 2939 ordinis
974 2895 1299 2938 canonicorum
1335 2895 1620 2948 regularium
1656 2898 1790 2938 extra
1824 2897 2019 2948 portam,

247 2980 334 3020 per
360 2981 497 3021 quam
523 2969 616 3010 itur
643 2967 702 3010 ad
731 2967 925 3021 Italiam,
953 2966 1140 3020 quievit.
1181 2966 1294 3009 Cum
1323 2978 1414 3019 quo
1441 2966 1481 3010 d.
1510 2978 1596 3008 rex
1621 2966 1934 3008 Romanorum
1961 2965 2019 3007 de

355 3079 384 3097 a»
405 3071 613 3105 aliorumque
636 3093 640 3097 .
662 3092 690 3100 ..
717 3071 858 3098 concilio
879 3070 959 3104 fehlt
982 3071 1019 3098 B.
1077 3071 1108 3102 b)
1133 3071 1160 3096 B
1183 3079 1210 3097 ιι.
1233 3072 1255 3096 (¹
1278 3069 1360 3103 sulm
1385 3073 1431 3101 ct,
1459 3069 1505 3097 nb.
1527 3068 1663 3096 civitate
1683 3077 1721 3096 :u
1743 3070 1922 3104 erycinzen?
