2227 3434
568 219 606 254 B.
642 220 720 255 Der
740 220 841 255 liber
858 223 1051 265 gestorum
1075 222 1144 256 des
1165 220 1407 256 Cerretanus.
1786 223 1870 266 289

102 335 270 380 herent
299 349 393 379 non
424 337 734 379 conveniendi
768 350 827 380 ex
859 339 1016 391 aliqua
1045 338 1366 381 innovacione.
1412 339 1466 381 Et
1498 339 1559 382 ita
1591 340 1871 393 promissum

102 408 443 460 reportavimus
477 410 637 451 nostro
669 408 717 449 in
750 421 953 451 recessu.
1001 410 1176 451 Verum
1208 413 1257 452 ut
1291 410 1624 463 intelleximus,
1658 410 1870 453 nonnulli

102 481 147 520 et
176 479 427 531 presertim
459 479 506 520 in
536 479 798 521 venerabili
829 480 1022 522 nacione
1055 479 1296 523 Gallicana
1327 481 1484 534 aliqua
1515 484 1674 523 contra
1705 481 1870 524 dictam

99 549 456 602 promissionem
482 551 745 592 conclusive
762 550 1158 604 deliberaverunt,
1172 551 1422 604 presertim
1438 551 1485 593 in
1500 553 1695 594 materia
1710 565 1872 594 vacan-

99 620 289 673 ciarum,
315 619 655 662 beneficiorum
681 624 727 663 et
751 621 1111 675 prelaturarum‚
1139 625 1186 664 ut
1212 622 1400 664 omnino
1424 626 1469 665 et
1495 626 1724 676 perpetuo
1751 622 1869 664 dicte

100 691 315 732 vacancie
347 690 686 734 beneficiorum
717 695 761 734 et
789 692 1135 744 prelaturarum
1165 705 1286 746 pape
1318 696 1362 735 et
1391 693 1709 736 cardinalibus
1740 693 1870 736 tolle-

99 765 274 815 rentur,
311 762 417 804 aliis
453 763 728 806 nacionibus
765 764 959 805 materia
996 763 1260 806 huiusmodi
1296 764 1485 806 minime
1522 764 1867 807 communicata.

100 832 154 875 Et
172 833 283 886 quia
299 833 348 875 in
367 836 522 875 vestre
544 833 792 876 soliditatis
809 833 1107 877 firmamento
1125 835 1401 888 plenissime
1421 835 1713 888 confidimus,
1732 838 1780 877 ut
1799 847 1869 887 ea,

98 915 190 956 que
213 907 320 947 sunt
344 903 565 957 salubria,
591 908 821 947 sectantes
846 906 1056 947 nocitura
1081 918 1264 959 quoque
1289 907 1451 959 procul
1478 905 1734 960 repellatis,
1760 918 1868 959 que-

97 986 256 1017 sumus
290 975 429 1029 igitur
461 978 664 1018 vestram
696 976 1046 1029 providenciam
1079 977 1458 1030 circumspectam
1491 980 1537 1019 et
1568 977 1867 1030 circumspec-

97 1044 227 1088 cione
276 1045 518 1098 providam
569 1046 842 1100 affeccione‚
892 1060 982 1100 qua
1030 1059 1279 1100 possumus
1330 1047 1587 1101 sinceriori,
1638 1050 1867 1101 quatenus

97 1116 361 1160 huiusmodi
390 1117 811 1160 controversiarum
840 1121 885 1160 et
913 1118 1260 1160 dissensionum
1288 1120 1508 1162 materias
1535 1118 1761 1172 plurimos
1790 1130 1868 1172 pe-

97 1188 296 1231 riculose
336 1188 705 1231 scandalizantes
746 1189 998 1231 salubriter
1039 1190 1344 1243 intercipiatis
1384 1193 1428 1231 et
1465 1190 1512 1231 in
1550 1190 1664 1243 ipsis
1702 1189 1866 1243 primis

97 1259 295 1302 motibus
328 1259 563 1302 susocetis.
610 1260 664 1302 Et
696 1264 743 1301 ut
776 1259 902 1302 iuxta
936 1260 1134 1303 formam
1167 1260 1490 1314 promissionis
1524 1260 1642 1303 facte
1677 1273 1702 1303 a
1734 1260 1866 1302 dictis

96 1329 369 1373 deliberatis
393 1334 438 1372 et
463 1331 693 1374 conclusis
719 1334 812 1373 tam
839 1332 885 1373 in
910 1331 1119 1384 predicta
1145 1332 1340 1374 materia
1366 1332 1701 1384 vacanciarum,
1729 1337 1865 1385 quarn

96 1401 202 1444 aliis
239 1401 398 1444 arduis
434 1402 641 1444 materiis
679 1402 831 1444 saltim
868 1414 1018 1455 usque
1056 1402 1114 1444 ad
1151 1405 1359 1445 nostrum
1396 1406 1441 1444 et
1478 1402 1864 1445 ambassiatorum

96 1484 147 1515 ac
182 1473 470 1526 prelatorum
509 1472 627 1515 dicte
666 1473 937 1515 obediencie
977 1473 1103 1516 Petri
1142 1473 1198 1515 de
1237 1473 1368 1516 Luna
1405 1473 1591 1516 domino
1629 1476 1862 1515 annuente

93 1541 342 1586 adventum
369 1543 556 1586 omnino
584 1543 963 1597 supersedeatur.
1005 1544 1104 1587 Dat.
1134 1544 1381 1599 Parisiusss)
1413 1543 1577 1586 XXVI.
1606 1543 1681 1587 die
1710 1543 1860 1587 Martii

93 1625 342 1668 regnorum
373 1617 456 1658 etc.

205 1684 358 1728 Revmi
384 1685 432 1728 in
458 1685 565 1729 Chr.
592 1699 636 1740 p.
663 1686 799 1729 amici
824 1686 971 1729 nostri
998 1686 1239 1729 carissimi.
1279 1685 1394 1728 Sera
1420 1685 1570 1728 videri
1597 1688 1750 1740 potest
1775 1684 1859 1728 sed

89 1768 182 1798 non
209 1755 517 1810 improbanda
545 1756 770 1800 discrecio
798 1757 844 1799 in
874 1769 1162 1812 quocumque
1189 1757 1382 1810 negocio
1412 1791 1420 1799 .
1456 1791 1464 1798 .
1500 1790 1509 1799 .
1536 1757 1659 1800 Sane
1687 1759 1783 1799 tum
1812 1757 1859 1798 in

90 1839 280 1871 recessu
304 1830 464 1871 nostro
492 1861 500 1870 .
536 1861 545 1870 .
580 1828 630 1882 .¹)

205 1899 275 1941 Ex
301 1898 470 1952 quibus
497 1898 693 1952 quilibet
720 1901 844 1942 reete
873 1898 1177 1942 considerans
1204 1898 1513 1952 probabiliter
1539 1899 1857 1941 coniecturare

86 1972 250 2023 potest,
279 1970 403 2023 quod
431 1969 602 2012 exinde
629 1969 913 2013 universalis
941 1969 1140 2013 ecclesie
1169 1972 1314 2012 status
1342 1969 1520 2012 turbari
1548 1971 1707 2023 posset
1735 1972 1780 2011 et
1809 1970 1855 2011 in

85 2052 226 2094 grave
268 2041 552 2094 scandalum,
594 2041 718 2094 quod
758 2041 946 2095 penitus
986 2044 1058 2083 est
1097 2040 1351 2094 vitandum,
1391 2040 1704 2083 redumdaret.
1759 2040 1856 2091 Quo

85 2111 206 2154 circa
230 2124 271 2154 v.
299 2125 333 2156 r.
360 2123 404 2165 p.
432 2111 686 2154 amiciciam
713 2111 966 2165 rogandam
994 2112 1211 2154 duximus
1240 2106 1467 2154 attencius
1493 2113 1539 2153 et
1564 2110 1854 2161 hortandam,

85 2184 314 2235 quatenus
344 2182 564 2225 unanime
594 2182 838 2225 consilium
871 2185 1101 2225 sectantes
1133 2185 1177 2224 et
1208 2183 1439 2236 promissa
1471 2182 1605 2224 bonis
1637 2181 1855 2235 respecti-

86 2252 172 2296 bus
195 2252 332 2296 nobis
356 2253 477 2296 facta
502 2253 837 2307 perspicaciter
862 2253 1170 2307 attendentes,
1195 2266 1255 2295 ne
1283 2252 1542 2295 deliberata
1567 2256 1612 2294 et
1638 2252 1852 2294 conclusa

83 2322 347 2367 huiusmodi
373 2325 420 2366 in
443 2325 632 2378 gravius
657 2324 883 2366 ducantur
907 2323 1177 2366 scandalum
1202 2324 1400 2366 ecclesie
1424 2322 1674 2377 generalis,
1699 2321 1852 2365 velitis

84 2394 277 2447 provide
311 2407 565 2448 precavere
599 2407 693 2437 non
728 2395 1008 2437 involvendo
1041 2407 1144 2437 eam
1178 2393 1413 2448 aliquibus
1445 2392 1852 2444 inconvenienciis‚

86 2477 170 2518 pro
210 2465 378 2519 quibus
417 2465 685 2508 incumbant
725 2465 1031 2519 spiritualiter
1073 2469 1117 2508 et
1157 2465 1478 2518 temporaliter
1520 2463 1767 2518 dispendia
1809 2466 1852 2505 et

85 2534 335 2592 periculab)
363 2536 608 2590 dirigendo
633 2539 760 2579 actus
785 2539 964 2579 vestros
988 2539 1033 2578 et
1058 2535 1208 2578 studia
1234 2536 1280 2577 in
1303 2534 1625 2578 communibus
1648 2534 1853 2587 negociis

85 2617 363 2660 progressus
391 2607 696 2660 approbando
723 2611 768 2649 et
795 2606 998 2649 fovendo
1026 2619 1138 2649 sana
1164 2605 1359 2648 consilia
1386 2609 1433 2648 et
1456 2605 1735 2659 perniciosa,
1764 2616 1852 2657 que

84 2677 221 2720 utiles
235 2678 476 2731 'profectus
496 2681 712 2720 evertunt
730 2681 776 2720 et
794 2677 1003 2720 incautos
1018 2679 1233 2719 avertunt
1248 2677 1293 2718 in
1308 2676 1549 2729 incertum,
1567 2675 1851 2728 dissipando,

199 2747 272 2790 Ad
297 2760 387 2801 que
414 2748 664 2791 laudabilis
691 2747 1017 2791 sollicitudinis
1043 2747 1193 2790 studia
1219 2747 1606 2800 vigilanciamque
1634 2748 1850 2797 vestram,

84 2816 252 2870 quibus
279 2831 543 2872 possumus,
576 2820 795 2871 precibus
827 2821 872 2861 et
903 2817 1312 2860 exhortacionibus
1346 2818 1607 2869 invitamuS,
1640 2815 1771 2858 vobis
1804 2816 1849 2857 in

84 2887 186 2942 hiis,
211 2901 300 2943 que
324 2890 580 2943 poterimus
604 2890 766 2931 favore
791 2893 836 2931 et
859 2888 1055 2931 consilio
1079 2888 1287 2931 affuturi.
1328 2888 1425 2929 Dat.
1453 2886 1659 2929 Parisius
1685 2885 1847 2927 XXVI.

85 2957 159 3002 die
192 2958 342 3002 Martii
372 2971 622 3014 regnorum
655 2993 662 3001 .
699 2993 707 3002 .
743 2994 751 3002 .
783 2961 927 3002 sexto.

185 3068 216 3095 a)
235 3043 500 3098 solqendasfehlt
524 3064 566 3090 im
592 3065 700 3089 l'eater
722 3064 795 3090 σου.
863 3063 893 3089 b)
916 3061 1023 3089 I'esler
1046 3063 1118 3087 (vul.
1143 3064 1220 3087 stan
1241 3063 1273 3087 ct
1295 3068 1360 3095 per.
1384 3075 1410 3079 -—
1435 3059 1631 3094 periculosa.

200 3123 232 3165 ¹)
267 3123 437 3158 wortlich
473 3124 547 3157 wie
579 3123 631 3157 im
664 3122 1006 3164 vorausyehenden
1039 3120 1245 3155 Schreiben
1283 3121 1339 3155 bis
1372 3120 1530 3154 minime
1562 3118 1847 3153 communicata.

151 3189 289 3225 Finke,
313 3191 397 3219 Acta
417 3191 551 3219 concilii
573 3190 848 3219 Constauciensis.
869 3190 905 3218 ll.
1578 3179 1626 3218 19
