2102 3444
239 140 324 183 236
777 140 800 174 1.
827 140 1038 175 Abschnitt.
1077 139 1477 185 Konzilstagebiicher.

242 259 343 301 vius
365 262 448 311 est,
471 259 601 301 nulla
624 258 907 301 subsistente
931 271 1070 301 causa
1090 258 1340 312 probabili,
1363 259 1420 301 ab
1442 259 1527 302 hoc
1549 260 1649 302 loco
1668 272 1756 313 per
1777 271 1827 302 se
1849 259 2012 312 electo,

241 330 298 371 ab
330 330 415 372 hoc
447 329 642 372 concilio
672 343 759 383 per
791 342 840 372 se
874 332 1033 372 vocato
1063 329 1361 382 cognovimus
1392 329 1680 373 discessisse.
1726 329 1859 372 Circa
1889 329 2012 383 quod

240 401 383 442 nichil
411 404 481 443 est
506 400 719 453 amplius,
748 400 870 453 quod
898 400 1119 452 dicamus,
1146 400 1236 442 nisi
1264 400 1400 453 quod,
1428 401 1467 442 si
1492 413 1585 443 non
1613 401 1867 453 resipuerit
1892 400 2014 442 fece-

242 472 408 525 ritque,
433 472 555 525 quod
580 472 725 527 decet,
748 472 925 524 primos
948 484 1041 513 non
1065 483 1170 513 esse
1196 474 1377 524 oportet
1399 471 1668 525 primosque
1693 471 2012 514 constituimus

242 555 326 585 nos
349 542 545 595 futuros,
568 543 645 595 qui
670 542 715 583 in
739 542 889 595 ipsum
912 545 957 583 et
980 554 1220 584 commune
1245 542 1542 595 dispendium
1566 542 1849 584 universalis
1870 542 2014 584 eccle-

242 613 308 655 sie
338 617 384 655 et
412 616 618 655 nostram
648 613 877 665 privatam
910 612 1126 655 iniuriam
1158 613 1369 655 severius
1398 625 1752 666 prosequamur.
1797 612 2013 655 Ceterum

242 684 298 725 de
329 684 667 736 benivolencia,
698 696 835 737 quam
865 697 976 737 erga
1006 697 1091 726 ncs
1119 684 1294 737 geritis,
1324 687 1478 726 vestre
1509 683 1686 726 caritati
1714 684 1895 737 gracias
1924 683 2015 738 agi-

242 768 357 808 mus,
387 755 443 796 de
473 754 625 797 studio
650 767 762 797 vero
791 755 850 797 ad
878 767 1118 797 commune
1148 755 1319 797 bonum
1349 754 1708 798 sollicitudinem
1736 757 1939 797 vestram
1967 755 2014 796 in

244 826 431 868 domino
473 825 865 879 commendamus,
909 829 1141 879 rogantes,
1183 829 1233 867 ut
1276 829 1321 868 et
1361 839 1446 868 nos
1489 838 1688 879 quoque,
1731 825 1810 878 qui
1851 837 2014 879 pacem

242 897 454 949 ecclesie,
486 909 648 949 pacem
681 896 869 949 inquam
902 897 959 938 ab
991 897 1247 950 erroribus,
1280 909 1441 950 pacem
1474 910 1499 939 a
1532 897 1746 938 scismate
1779 898 1824 939 et
1853 908 2015 949 pacem

243 981 267 1009 a
294 967 452 1020 pravis
478 967 687 1010 moribus
715 981 816 1009 cum
843 968 1013 1010 ceteris
1039 980 1344 1021 procuramus
1370 980 1463 1009 non
1492 968 1641 1010 solum
1671 967 2015 1020 adhortacione‚

243 1039 365 1092 quod
390 1037 556 1091 facitis,
583 1051 745 1080 verum
771 1039 932 1091 eciam,
959 1039 1082 1092 quod
1107 1038 1265 1081 facere
1291 1051 1372 1081 vos
1398 1041 1625 1091 optamus,
1651 1041 1695 1080 et
1720 1037 2016 1081 oracionibus

243 1122 353 1163 erga
377 1110 525 1151 Deum
550 1113 594 1151 et
618 1109 825 1152 consiliis
849 1122 900 1152 ac
924 1109 1259 1152 directionibus
1284 1109 1341 1151 ad
1363 1122 1449 1151 nos
1474 1108 1710 1152 mittendis
1732 1109 2016 1162 propensius

243 1180 485 1234 adiuvetis,
513 1180 866 1223 universitatem
895 1184 1096 1222 vestram
1123 1180 1300 1222 florere
1329 1193 1517 1233 semper
1543 1193 1594 1222 ac
1619 1192 1848 1234 prospere
1876 1191 2016 1234 agere

168 1262 174 1269 “
242 1255 454 1304 optamus
486 1252 534 1293 in
565 1251 764 1294 domino.
809 1250 1037 1304 Scriptum
1069 1252 1117 1293 in
1147 1251 1512 1304 congregacione
1543 1253 1702 1293 nostra
1734 1250 1858 1304 apud
1889 1263 2017 1294 sanc-

243 1327 336 1365 tum
367 1322 664 1365 Franciscum
694 1323 780 1364 sub
811 1322 965 1376 sigillo
993 1322 1140 1364 nostri
1170 1322 1469 1375 presidentis.

361 1394 550 1436 Fratres
579 1394 723 1436 vestri
753 1394 922 1446 prelati
955 1406 1005 1435 ac
1035 1393 1247 1436 doctores
1277 1396 1323 1435 et
1353 1393 1432 1435 alii
1464 1393 1521 1435 de
1556 1393 1714 1436 Italica
1742 1393 1938 1436 nacione
1969 1393 2016 1435 in

244 1464 596 1508 Constanciensi
619 1463 827 1507 concilio.

362 1535 774 1579 Proficiscentibus
818 1535 972 1588 itaque
1016 1535 1215 1588 prefatis
1257 1534 1415 1576 revmis
1457 1534 1504 1576 in
1548 1534 1653 1577 Chr.
1696 1547 1741 1588 p.
1783 1534 1827 1577 d.
1870 1534 2017 1578 sancti

248 1606 385 1649 Marci
431 1610 476 1649 et
519 1607 777 1649 Florentini
822 1619 872 1649 ac
916 1619 1010 1649 rev.
1055 1610 1100 1648 et
1142 1605 1495 1649 venerabilibus
1537 1605 1765 1659 patribus,
1807 1605 2017 1659 prelatis,

245 1678 509 1721 doctoribus
562 1681 608 1720 et
661 1678 908 1731 magistris,
961 1690 1049 1731 pro
1100 1681 1234 1731 parte
1287 1676 1532 1719 nacionum
1587 1676 1851 1719 oratoribus
1903 1679 2017 1730 octo,

245 1749 426 1792 duobus
450 1749 668 1792 videlicet
690 1762 777 1802 pro
800 1749 1008 1802 qualibet
1031 1748 1227 1791 nacione
1251 1748 1417 1802 legatis
1443 1748 1562 1791 sacri
1587 1747 1771 1790 concilii
1797 1747 2018 1790 Constan-

246 1821 417 1863 ciensis
441 1820 499 1862 ad
522 1820 563 1862 d.
587 1820 848 1862 <Iohannem
870 1833 1040 1873 papam
1063 1819 1236 1861 XXIII.
1261 1832 1363 1861 cum
1384 1832 1530 1872 supra
1550 1818 1686 1861 dictis
1710 1818 2018 1861 instructioni-

244 1891 345 1944 bus,
377 1891 565 1932 tandem
600 1891 675 1932 die
710 1891 939 1933 dominica
972 1891 1093 1933 XXI.
1128 1891 1304 1933 mensis
1337 1890 1514 1943 Aprilis
1545 1889 1719 1943 prefati
1753 1889 1927 1932 domini
1960 1888 2019 1931 ad

246 1962 434 2015 opidum
477 1962 690 2015 Fryburg
731 1965 1061 2014 pervenerunt.
1118 1961 1208 2003 Ubi
1251 1974 1352 2003 cum
1395 1964 1554 2003 essent
1596 1959 1852 2014 certificati,
1896 1959 2018 2014 quod

247 2033 288 2075 d.
313 2036 473 2075 noster
498 2033 738 2075 <Iohannes
761 2046 884 2086 papa
908 2033 1081 2074 XXIII.
1108 2033 1257 2075 adhuc
1282 2032 1328 2074 in
1355 2032 1530 2085 Brysag
1554 2031 1836 2085 morabatur,
1860 2030 2019 2074 habito

247 2105 367 2146 inter
398 2117 447 2147 se
480 2104 674 2146 consilio
707 2103 1089 2146 deliberaverunt
1121 2116 1206 2156 per
1237 2104 1479 2156 proprium
1510 2103 1730 2144 nuncium
1762 2101 2018 2145 eorundem

247 2175 495 2217 adventum
529 2175 572 2216 ei
607 2174 888 2228 significare.
934 2174 1136 2217 Nuncius
1170 2175 1325 2227 itaque
1361 2175 1463 2217 iens
1497 2177 1542 2216 et
1575 2173 1765 2216 rediens
1799 2173 1875 2215 die
1907 2173 2018 2214 lune

247 2246 393 2288 XXII.
447 2246 621 2288 mensis
671 2245 883 2288 eiusdem
937 2246 1108 2297 retulit,
1163 2245 1286 2297 quod
1338 2257 1499 2287 eorum
1553 2244 1780 2287 adventus
1833 2244 1923 2297 ipsi
1975 2242 2018 2285 d.

245 2320 405 2359 nostro
448 2329 570 2370 pape
617 2317 818 2359 Johanni
864 2316 1036 2358 XXIII.
1084 2319 1209 2358 esset
1256 2318 1489 2369 acceptus,
1536 2317 1729 2369 propter
1773 2314 1898 2368 quod
1941 2313 2018 2356 die

247 2389 408 2431 martis
449 2389 622 2430 XXIII.
664 2387 875 2429 eiusdem
920 2388 1108 2439 mensis,
1150 2387 1348 2440 predicti
1391 2386 1564 2429 domini
1606 2386 1695 2429 iter
1737 2386 2019 2439 arripientes

248 2460 306 2501 ad
343 2460 520 2512 Brysag
555 2462 886 2512 pervenerunt,
924 2459 1099 2511 illaque
1136 2458 1212 2500 die
1248 2457 1390 2499 nichil
1429 2457 1486 2500 de
1523 2457 1611 2500 sibi
1648 2456 1906 2500 commissis
1939 2468 2020 2498 ex-

245 2532 516 2583 posuerunt.
2009 2525 2020 2567 i

366 2601 458 2645 Sed
496 2601 570 2643 die
609 2600 826 2643 mercurii
863 2599 1061 2642 XXIIII.
1100 2599 1274 2642 mensis
1310 2599 1489 2653 Aprilis
1527 2599 1633 2642 data
1670 2598 1740 2642 eis
1776 2596 2019 2641 audiencia

248 2673 481 2716 constituti
506 2672 677 2726 prefati
702 2684 855 2713 coram
881 2671 1046 2713 eodem
1072 2671 1113 2712 d.
1140 2671 1352 2713 Johanne
1378 2683 1500 2724 papa
1524 2669 1697 2712 XXIII.
1722 2669 1791 2712 eis
1815 2669 2019 2711 iniuncta

250 2744 337 2785 sibi
361 2746 695 2797 exposuerunt,
720 2742 1036 2796 supplicantes
1061 2741 1228 2795 eidem,
1252 2744 1302 2783 ut
1324 2742 1521 2783 alterum
1547 2741 1604 2782 de
1629 2740 1742 2783 locis
1766 2739 1855 2783 sibi
1877 2739 2020 2782 nomi-

248 2815 369 2857 natis
401 2815 597 2868 eligeret
631 2814 899 2867 ibidemque
932 2825 1080 2866 usque
1115 2812 1173 2855 ad
1205 2811 1599 2854 deliberacionem
1631 2810 1812 2854 concilii
1846 2809 2020 2852 reside-

250 2889 333 2938 ret,
355 2888 683 2939 procuratores
707 2885 765 2927 ad
787 2883 1156 2926 renunciandum
1180 2883 1369 2936 papatui
1393 2882 1693 2925 constitueret
1716 2884 1761 2924 et
1783 2882 1875 2924 alia
1898 2881 2020 2924 face-

249 2959 333 3009 ret,
362 2969 451 3009 que
481 2956 528 2997 in
558 2959 689 2998 sexta
717 2959 763 2998 et
789 2955 950 2997 ultima
980 2955 1191 2997 sessione
1220 2966 1305 3007 per
1334 2966 1512 2996 sacram
1543 2952 1769 3006 synodum
1798 2952 2020 2995 Constan-

250 3027 452 3069 ciensem
488 3027 679 3069 fuerunt
715 3026 940 3069 ordinata.
989 3025 1164 3077 Quibus
1200 3025 1301 3078 ipse
1337 3024 1379 3067 d.
1416 3025 1655 3066 Johannes
1687 3035 1811 3078 papa
1845 3021 2018 3064 XXIII.
