2227 3434
537 174 580 208 A.
622 173 819 209 Fillastres
848 174 963 210 Gesta
990 175 1140 210 concilii
1168 175 1482 211 Constantiensis.
1837 178 1892 221 61

128 291 272 334 morie
294 291 461 334 Wiclef
481 292 654 334 dudum
675 293 841 335 mortui
861 294 1110 346 dampnata
1128 297 1174 336 et
1194 294 1310 336 dixit
1330 295 1452 337 idem
1477 295 1749 348 Ieronimus,
1770 297 1894 349 quod

127 363 254 405 illam
283 363 626 416 professionem
654 367 699 406 et
726 364 1073 406 abiuracionem
1101 365 1278 407 fecerat
1307 366 1494 419 illisque
1522 371 1823 409 consenserat
1849 371 1894 409 et

126 434 204 476 illa
237 434 579 487 approbaverat
607 447 693 488 per
723 438 894 476 metum
924 435 1044 488 ignis
1075 437 1261 478 inanem
1292 436 1414 489 ficte,
1445 437 1603 490 inique
1633 441 1679 480 et
1708 438 1894 479 menda-

126 505 253 557 citer,
282 506 405 558 quod
432 505 723 548 mendacium
752 519 844 548 non
873 507 1124 548 verebatur
1151 507 1366 549 confiteri
1394 521 1564 550 vocans
1592 520 1778 561 semper
1805 509 1894 550 dic-

127 579 221 618 tum
259 576 356 618 Hus
394 577 565 619 bonum
602 576 767 629 virum,
806 590 967 618 verum
1007 578 1065 619 de
1103 578 1297 620 articulo
1334 579 1612 621 sacramenti
1651 580 1811 621 altaris
1850 583 1894 621 et

126 648 667 690 transsubstantiacionis
708 648 844 701 panis
886 649 933 689 in
973 661 1141 702 corpus
1184 648 1354 691 Christi
1396 649 1513 691 dixit
1554 662 1604 692 se
1645 653 1807 691 tenere
1850 654 1895 691 et

126 711 335 771 credere,
363 718 477 761 sicut
503 718 700 761 ecclesia
727 719 873 761 credit
899 722 944 760 et
971 719 1018 760 in
1044 720 1128 761 hoc
1154 720 1315 772 pocius
1343 720 1536 761 credere
1564 721 1823 774 Augustino
1850 724 1895 762 et

127 790 296 832 ceteris
331 789 597 832 doctoribus
632 802 768 842 quam
804 790 974 831 Wiclef
1008 791 1081 832 vel
1116 790 1226 834 Hus.

247 860 330 903 Die
373 860 554 903 sabbati
594 863 699 914 post
741 861 1064 903 ascensionem
1107 861 1281 903 domini
1324 861 1580 914 penultima
1628 862 1732 904 Maii
1777 863 1895 905 sedit

126 932 372 974 concilium
391 944 493 973 cum
515 932 794 974 solennitate
818 933 864 973 in
886 932 1034 974 mitris
1054 935 1099 974 et
1119 932 1404 985 pluvialibus
1425 936 1470 974 et
1490 933 1577 974 fuit
1598 934 1740 976 missa
1761 934 1893 975 dicta.

128 1002 433 1056 Preseditque
465 1003 506 1044 d.
537 1003 786 1056 episcopus
815 1002 1043 1045 Ostiensis
1073 1003 1325 1046 cardinalis
1354 1016 1439 1056 pro
1470 1004 1894 1057 condempnacione

133 1074 364 1116 leronimi.
419 1074 473 1116 Et
512 1078 615 1127 post
656 1074 844 1116 missam
885 1078 930 1115 et
971 1074 1201 1127 suffragia
1243 1078 1462 1117 consueta
1504 1075 1613 1116 fecit
1654 1076 1894 1128 pulchram

125 1144 426 1186 collacionem
460 1144 706 1197 episcopus
741 1144 1000 1187 Laudensis
1035 1157 1147 1198 sepe
1180 1146 1446 1188 nominatus
1480 1149 1661 1199 sumpto
1694 1146 1895 1187 themate

128 1216 185 1257 de
207 1215 450 1268 evangelio
471 1216 758 1258 ascensionis
780 1216 973 1258 domini:
998 1216 1322 1268 ,Exprobravit
1343 1216 1714 1259 incredulitatem
1735 1229 1895 1258 eorum

127 1289 171 1328 et
198 1285 420 1328 duriciam
446 1286 668 1340 cordis‘.¹)
708 1287 762 1328 Et
788 1286 898 1328 fecit
922 1298 1187 1328 sermonem
1211 1287 1576 1340 pulcherrimum
1603 1287 1895 1340 persuadens

131 1357 362 1399 Ieronimo
388 1357 598 1411 presenti
625 1357 937 1410 penitenciam
965 1370 1015 1400 ac
1043 1358 1241 1400 salutem
1270 1358 1422 1400 anime
1451 1370 1548 1400 sue.
1589 1358 1697 1400 Post
1725 1370 1897 1401 sermo-

127 1441 233 1470 nem
283 1428 548 1482 patriarcha
598 1428 1139 1482 Constantinopolitanus
1190 1429 1300 1482 legit
1350 1428 1707 1481 professionem,
1759 1441 1896 1482 quam

127 1499 301 1542 dudum
333 1500 506 1542 XXIII.
540 1499 830 1553 Septembris
861 1501 1062 1553 proximi
1097 1500 1309 1553 preteriti
1343 1499 1519 1542 fecerat
1558 1499 1816 1542 Ieronimus
1850 1501 1896 1541 in

127 1569 334 1623 concilio,
361 1570 418 1612 de
446 1583 536 1623 qua
564 1583 719 1623 supra,
747 1574 791 1612 et
817 1570 947 1623 dixit,
975 1571 1097 1623 quod
1125 1571 1254 1612 illam
1280 1570 1427 1612 dictus
1457 1570 1717 1613 Ieronimus
1743 1570 1895 1623 pridie

127 1644 441 1694 revocaverat,
473 1654 617 1694 quare
649 1642 866 1695 relapsus
897 1645 998 1683 erat
1028 1640 1074 1682 in
1105 1642 1325 1683 heresim.
1373 1641 1632 1684 Ieronimus
1663 1641 1756 1684 alta
1786 1654 1896 1683 voce

127 1712 372 1755 confessus
399 1715 470 1755 est
497 1725 758 1764 revocasse,
788 1712 902 1755 sicut
931 1725 1072 1765 supra
1101 1712 1175 1754 die
1206 1713 1425 1754 mercurii
1453 1713 1629 1766 ultima,
1660 1712 1896 1764 multaque

129 1785 300 1838 incepit
326 1784 533 1837 allegare
560 1783 734 1835 dicens,
760 1787 807 1825 ut
833 1796 975 1836 supra
1001 1783 1197 1835 dixerat,
1224 1795 1274 1825 se
1299 1783 1500 1836 opprimi
1526 1782 1660 1826 falsis
1685 1783 1896 1834 testibus,

127 1855 247 1897 odiis
272 1858 318 1897 et
344 1854 598 1897 mendaciis
625 1854 861 1897 adducens
887 1854 1106 1907 exempla
1133 1854 1266 1896 Pauli
1293 1857 1337 1895 et
1365 1853 1537 1896 Christi
1564 1866 1896 1907 oppressorum

128 1938 213 1979 per
249 1926 416 1968 Iudeos
449 1929 494 1968 et
526 1926 736 1967 finaliter
768 1925 1013 1978 professus
1046 1928 1116 1967 est
1148 1925 1295 1967 fidem
1327 1925 1597 1967 catholicam
1630 1925 1677 1966 in
1708 1937 1895 1978 genere.

128 1997 205 2040 Set
225 1997 367 2039 nichil
389 1997 533 2039 voluit
557 2009 791 2039 revocare.
828 1996 954 2038 Dixit
968 1996 1169 2049 tandem,
1186 1996 1322 2049 quod,
1339 1996 1446 2049 quia
1460 1996 1559 2038 Hus
1574 1995 1897 2049 predicaverat

128 2071 286 2111 contra
309 2068 478 2110 fastum
503 2068 632 2119 cleri,
656 2067 810 2109 fuerat
833 2070 1073 2120 reputatus
1095 2067 1343 2109 hereticus.
1381 2067 1465 2109 Cui
1488 2067 1634 2109 verbo
1657 2066 1898 2119 respondit

129 2138 380 2181 cardinalis
402 2139 547 2181 sancti
573 2138 714 2180 Marci
737 2138 897 2180 dicens
918 2150 1011 2179 non
1034 2141 1284 2191 opportere
1307 2139 1426 2180 tales
1449 2137 1714 2180 occasiones
1739 2140 1896 2179 contra

128 2209 295 2252 dictam
325 2209 799 2262 condempnacionem
830 2209 1116 2262 confingere.
1160 2208 1253 2251 Scit
1283 2209 1407 2250 enim
1441 2221 1621 2251 sacrum
1652 2207 1896 2250 concilium

128 2281 289 2334 plures
318 2280 656 2323 ecclesiasticos
685 2281 731 2321 in
760 2280 924 2334 fasma)
957 2283 1003 2322 et
1029 2279 1212 2333 pompis
1240 2279 1470 2321 excedere
1500 2282 1546 2321 et
1573 2278 1800 2332 displicet.
1842 2278 1897 2320 Et

130 2351 188 2394 ad
208 2352 292 2394 hec
315 2355 359 2394 et
382 2351 474 2394 alia
496 2350 797 2393 reformanda
820 2353 1148 2404 congregatum
1171 2353 1240 2392 est
1262 2353 1306 2392 et
1330 2350 1539 2392 intendit.
1573 2350 1651 2392 Set
1673 2353 1743 2392 est
1764 2350 1896 2391 here-

132 2422 320 2465 ticorum
350 2423 605 2476 proprium,
635 2425 683 2464 ut
713 2421 759 2463 in
790 2434 873 2464 sua
903 2421 1024 2464 falsa
1055 2421 1262 2463 doctrina
1294 2420 1471 2474 aliquid
1500 2421 1709 2462 veritatis
1742 2420 1897 2461 inmis-

130 2497 276 2547 ceant,
298 2497 346 2536 ut
368 2494 524 2536 audita
546 2506 571 2535 a
593 2493 882 2546 simplicibus
904 2493 1061 2545 aliqua
1081 2491 1275 2534 veritate
1299 2495 1453 2534 cetera
1476 2491 1596 2533 falsa
1618 2491 1762 2533 eciam
1785 2503 1895 2532 vera

131 2564 334 2607 credant.

247 2636 354 2678 Post
382 2636 467 2677 hec
499 2636 616 2677 lecta
645 2637 716 2677 est
745 2647 830 2688 per
860 2633 1170 2687 patriarcham
1202 2633 1762 2686 Constantinopolitanum
1795 2644 1896 2673 sen-

131 2707 280 2749 tencia
313 2709 472 2748 contra
506 2706 652 2757 illum,
685 2705 815 2747 cuius
848 2708 982 2746 tenor
1015 2705 1123 2746 talis
1156 2707 1244 2745 est:

252 2777 301 2819 ln
324 2777 511 2818 nomine
534 2776 707 2818 domini
732 2777 894 2817 Amen.
931 2775 1142 2817 Christus
1165 2775 1282 2817 deus
1306 2775 1509 2816 salvator
1534 2812 1540 2818 .
1561 2807 1594 2815 ..
1619 2773 1892 2826 dampnat.‘·')

246 2849 342 2900 Qua
375 2848 492 2890 lecta
524 2847 761 2889 sentencia
793 2849 837 2888 et
868 2845 1082 2899 imposito
1118 2845 1348 2887 Ieronimo
1379 2845 1560 2898 capello
1591 2844 1743 2897 papiri
1774 2844 1895 2896 picto

130 2917 404 2962 demonibus
434 2918 550 2960 illud
580 2918 783 2970 suscepit
812 2916 1030 2958 audacter
1059 2920 1104 2958 et
1132 2916 1268 2969 capiti
1299 2916 1515 2968 imposuit
1545 2915 1721 2956 dicens:
1766 2914 1894 2956 Chri-

234 3010 505 3101 31))Βλὶίῗιῒιῗιεῗυᾰὸ,
534 3059 586 3093 14.
732 3058 764 3099 ²)
793 3058 912 3091 Hardl
940 3057 1004 3093 11'.
1032 3057 1210 3094 769—71,·
1241 3056 1364 3089 Manse'
1393 3054 1549 3094 XXVII,
1576 3055 1643 3089 5204
1658 3054 1682 3096 f.
