<?xml version="1.0" encoding="UTF-8"?>
<!DOCTYPE html PUBLIC "-//W3C//DTD XHTML 1.0 Transitional//EN"
    "http://www.w3.org/TR/xhtml1/DTD/xhtml1-transitional.dtd">
<html xmlns="http://www.w3.org/1999/xhtml" xml:lang="en" lang="en">
 <head>
  <title>
</title>
<meta http-equiv="Content-Type" content="text/html;charset=utf-8" />
  <meta name='ocr-system' content='tesseract 3.04.00' />
  <meta name='ocr-capabilities' content='ocr_page ocr_carea ocr_par ocr_line ocrx_word'/>
</head>
<body>
  <div class='ocr_page' id='page_1' title='image "./actaconciliicons02counuoft/actaconciliicons02counuoft_0155.png"; bbox 0 0 2227 3434; ppageno 0'>
   <div class='ocr_carea' id='block_1_1' title="bbox 538 175 1891 222">
    <p class='ocr_par' dir='ltr' id='par_1_1' title="bbox 538 175 1891 222">
     <span class='ocr_line' id='line_1_1' title="bbox 538 175 1891 222; baseline 0.003 -13"><span class='ocrx_word' id='word_1_1' title='bbox 538 175 582 210; x_wconf 92' lang='lat' dir='ltr'>A.</span> <span class='ocrx_word' id='word_1_2' title='bbox 621 175 820 211; x_wconf 82' lang='lat' dir='ltr'>Fillastres</span> <span class='ocrx_word' id='word_1_3' title='bbox 848 176 964 211; x_wconf 85' lang='lat' dir='ltr'>Gesta</span> <span class='ocrx_word' id='word_1_4' title='bbox 990 178 1141 212; x_wconf 85' lang='lat' dir='ltr'>concilii</span> <span class='ocrx_word' id='word_1_5' title='bbox 1167 177 1482 212; x_wconf 85' lang='lat' dir='ltr'>Constantiensis.</span> <span class='ocrx_word' id='word_1_6' title='bbox 1811 180 1891 222; x_wconf 89' lang='lat'>141</span> 
     </span>
    </p>
   </div>
   <div class='ocr_carea' id='block_1_2' title="bbox 119 293 1894 2964">
    <p class='ocr_par' dir='ltr' id='par_1_2' title="bbox 126 293 1893 420">
     <span class='ocr_line' id='line_1_2' title="bbox 126 293 1893 350; baseline 0.003 -16"><span class='ocrx_word' id='word_1_7' title='bbox 126 305 382 336; x_wconf 90' lang='lat' dir='ltr'>manorum.</span> <span class='ocrx_word' id='word_1_8' title='bbox 422 294 476 335; x_wconf 90' lang='lat' dir='ltr'>Et</span> <span class='ocrx_word' id='word_1_9' title='bbox 502 293 673 336; x_wconf 89' lang='lat' dir='ltr'>deinde</span> <span class='ocrx_word' id='word_1_10' title='bbox 700 307 916 348; x_wconf 88' lang='lat' dir='ltr'>magnum</span> <span class='ocrx_word' id='word_1_11' title='bbox 942 295 1097 337; x_wconf 92' lang='lat' dir='ltr'>odium</span> <span class='ocrx_word' id='word_1_12' title='bbox 1125 299 1275 338; x_wconf 91' lang='lat' dir='ltr'>ortum</span> <span class='ocrx_word' id='word_1_13' title='bbox 1300 299 1371 338; x_wconf 91' lang='lat' dir='ltr'>est</span> <span class='ocrx_word' id='word_1_14' title='bbox 1397 300 1443 339; x_wconf 90' lang='lat' dir='ltr'>et</span> <span class='ocrx_word' id='word_1_15' title='bbox 1467 297 1621 350; x_wconf 86' lang='lat' dir='ltr'>gravis</span> <span class='ocrx_word' id='word_1_16' title='bbox 1649 297 1893 339; x_wconf 84' lang='lat' dir='ltr'>discordia.</span> 
     </span>
     <span class='ocr_line' id='line_1_3' title="bbox 127 363 1891 420; baseline 0.001 -12"><span class='ocrx_word' id='word_1_17' title='bbox 127 363 363 418; x_wconf 83' lang='lat' dir='ltr'>Scriptura</span> <span class='ocrx_word' id='word_1_18' title='bbox 398 368 551 407; x_wconf 92' lang='lat' dir='ltr'>autem</span> <span class='ocrx_word' id='word_1_19' title='bbox 587 365 705 408; x_wconf 84' lang='lat' dir='ltr'>lecta</span> <span class='ocrx_word' id='word_1_20' title='bbox 740 378 825 419; x_wconf 92' lang='lat' dir='ltr'>per</span> <span class='ocrx_word' id='word_1_21' title='bbox 861 366 1146 409; x_wconf 82' lang='lat' dir='ltr'>cardinalem</span> <span class='ocrx_word' id='word_1_22' title='bbox 1163 367 1382 408; x_wconf 89' lang='lat' dir='ltr'>Pisanum</span> <span class='ocrx_word' id='word_1_23' title='bbox 1399 368 1608 420; x_wconf 91' lang='lat' dir='ltr'>sequitur</span> <span class='ocrx_word' id='word_1_24' title='bbox 1624 371 1667 410; x_wconf 90' lang='lat' dir='ltr'>et</span> <span class='ocrx_word' id='word_1_25' title='bbox 1682 371 1753 410; x_wconf 87' lang='lat' dir='ltr'>est</span> <span class='ocrx_word' id='word_1_26' title='bbox 1767 368 1891 410; x_wconf 90' lang='lat' dir='ltr'>talis:</span> 
     </span>
    </p>

    <p class='ocr_par' dir='ltr' id='par_1_3' title="bbox 244 437 1386 492">
     <span class='ocr_line' id='line_1_4' title="bbox 244 437 1386 492; baseline 0.001 -14"><span class='ocrx_word' id='word_1_27' title='bbox 244 437 413 479; x_wconf 89' lang='lat' dir='ltr'>Audite</span> <span class='ocrx_word' id='word_1_28' title='bbox 435 437 520 479; x_wconf 87' lang='lat' dir='ltr'>hec</span> <span class='ocrx_word' id='word_1_29' title='bbox 544 449 706 479; x_wconf 90' lang='lat' dir='ltr'>omnes</span> <span class='ocrx_word' id='word_1_30' title='bbox 729 440 892 490; x_wconf 83' lang='lat' dir='ltr'>gentes</span> <span class='ocrx_word' id='word_1_31' title='bbox 1004 438 1386 492; x_wconf 85' lang='lat' dir='ltr'>representant.¹)</span> 
     </span>
    </p>

    <p class='ocr_par' dir='ltr' id='par_1_4' title="bbox 245 508 1893 562">
     <span class='ocr_line' id='line_1_5' title="bbox 245 508 1893 562; baseline 0.001 -13"><span class='ocrx_word' id='word_1_32' title='bbox 245 508 312 549; x_wconf 90' lang='lat' dir='ltr'>Ex</span> <span class='ocrx_word' id='word_1_33' title='bbox 342 508 585 561; x_wconf 83' lang='lat' dir='ltr'>premissis</span> <span class='ocrx_word' id='word_1_34' title='bbox 613 508 1070 561; x_wconf 88' lang='lat' dir='ltr'>congregacionibus,</span> <span class='ocrx_word' id='word_1_35' title='bbox 1100 509 1276 551; x_wconf 86' lang='lat' dir='ltr'>lectura</span> <span class='ocrx_word' id='word_1_36' title='bbox 1306 512 1350 550; x_wconf 90' lang='lat' dir='ltr'>et</span> <span class='ocrx_word' id='word_1_37' title='bbox 1379 510 1704 562; x_wconf 90' lang='lat' dir='ltr'>proposicione</span> <span class='ocrx_word' id='word_1_38' title='bbox 1736 522 1820 551; x_wconf 88' lang='lat' dir='ltr'>rex</span> <span class='ocrx_word' id='word_1_39' title='bbox 1850 513 1893 551; x_wconf 87' lang='lat' dir='ltr'>et</span> 
     </span>
    </p>

    <p class='ocr_par' dir='ltr' id='par_1_5' title="bbox 119 578 1894 2672">
     <span class='ocr_line' id='line_1_6' title="bbox 126 578 1893 632; baseline 0.001 -12"><span class='ocrx_word' id='word_1_40' title='bbox 126 578 257 621; x_wconf 90' lang='lat' dir='ltr'>nacio</span> <span class='ocrx_word' id='word_1_41' title='bbox 294 578 572 621; x_wconf 89' lang='lat' dir='ltr'>Germanica</span> <span class='ocrx_word' id='word_1_42' title='bbox 608 579 861 631; x_wconf 90' lang='lat' dir='ltr'>plurimum</span> <span class='ocrx_word' id='word_1_43' title='bbox 900 579 1070 621; x_wconf 91' lang='lat' dir='ltr'>turbati</span> <span class='ocrx_word' id='word_1_44' title='bbox 1108 579 1311 621; x_wconf 86' lang='lat' dir='ltr'>fuerunt.</span> <span class='ocrx_word' id='word_1_45' title='bbox 1363 579 1596 622; x_wconf 89' lang='lat' dir='ltr'>Credebat</span> <span class='ocrx_word' id='word_1_46' title='bbox 1633 580 1757 621; x_wconf 91' lang='lat' dir='ltr'>enim</span> <span class='ocrx_word' id='word_1_47' title='bbox 1796 593 1893 632; x_wconf 90' lang='lat' dir='ltr'>rex,</span> 
     </span>
     <span class='ocr_line' id='line_1_7' title="bbox 126 650 1893 704; baseline 0.001 -13"><span class='ocrx_word' id='word_1_48' title='bbox 126 650 248 703; x_wconf 92' lang='lat' dir='ltr'>quod</span> <span class='ocrx_word' id='word_1_49' title='bbox 280 650 326 691; x_wconf 93' lang='lat' dir='ltr'>in</span> <span class='ocrx_word' id='word_1_50' title='bbox 360 650 440 692; x_wconf 93' lang='lat' dir='ltr'>illa</span> <span class='ocrx_word' id='word_1_51' title='bbox 472 650 836 702; x_wconf 84' lang='lat' dir='ltr'>congregacione</span> <span class='ocrx_word' id='word_1_52' title='bbox 865 653 913 691; x_wconf 89' lang='lat' dir='ltr'>et</span> <span class='ocrx_word' id='word_1_53' title='bbox 944 651 1119 691; x_wconf 90' lang='lat' dir='ltr'>lectura</span> <span class='ocrx_word' id='word_1_54' title='bbox 1135 650 1192 691; x_wconf 92' lang='lat' dir='ltr'>de</span> <span class='ocrx_word' id='word_1_55' title='bbox 1209 650 1284 691; x_wconf 89' lang='lat' dir='ltr'>die</span> <span class='ocrx_word' id='word_1_56' title='bbox 1302 650 1482 692; x_wconf 90' lang='lat' dir='ltr'>sabbati</span> <span class='ocrx_word' id='word_1_57' title='bbox 1499 651 1641 692; x_wconf 90' lang='lat' dir='ltr'>multa</span> <span class='ocrx_word' id='word_1_58' title='bbox 1657 651 1893 704; x_wconf 89' lang='lat' dir='ltr'>multoque</span> 
     </span>
     <span class='ocr_line' id='line_1_8' title="bbox 125 720 1893 773; baseline 0.001 -11"><span class='ocrx_word' id='word_1_59' title='bbox 125 720 315 763; x_wconf 90' lang='lat' dir='ltr'>duriora</span> <span class='ocrx_word' id='word_1_60' title='bbox 339 721 526 773; x_wconf 83' lang='lat' dir='ltr'>fierent,</span> <span class='ocrx_word' id='word_1_61' title='bbox 552 721 659 773; x_wconf 92' lang='lat' dir='ltr'>quia</span> <span class='ocrx_word' id='word_1_62' title='bbox 683 720 917 773; x_wconf 91' lang='lat' dir='ltr'>credebat,</span> <span class='ocrx_word' id='word_1_63' title='bbox 943 721 1065 773; x_wconf 90' lang='lat' dir='ltr'>quod</span> <span class='ocrx_word' id='word_1_64' title='bbox 1092 721 1171 762; x_wconf 90' lang='lat' dir='ltr'>ille</span> <span class='ocrx_word' id='word_1_65' title='bbox 1199 721 1289 762; x_wconf 91' lang='lat' dir='ltr'>due</span> <span class='ocrx_word' id='word_1_66' title='bbox 1315 722 1535 763; x_wconf 89' lang='lat' dir='ltr'>naciones</span> <span class='ocrx_word' id='word_1_67' title='bbox 1561 724 1605 763; x_wconf 89' lang='lat' dir='ltr'>et</span> <span class='ocrx_word' id='word_1_68' title='bbox 1629 721 1893 763; x_wconf 87' lang='lat' dir='ltr'>cardinales</span> 
     </span>
     <span class='ocr_line' id='line_1_9' title="bbox 124 791 1892 845; baseline 0 -12"><span class='ocrx_word' id='word_1_69' title='bbox 124 792 300 833; x_wconf 90' lang='lat' dir='ltr'>vellent</span> <span class='ocrx_word' id='word_1_70' title='bbox 334 791 556 833; x_wconf 87' lang='lat' dir='ltr'>recedere</span> <span class='ocrx_word' id='word_1_71' title='bbox 592 795 636 833; x_wconf 91' lang='lat' dir='ltr'>et</span> <span class='ocrx_word' id='word_1_72' title='bbox 669 792 804 844; x_wconf 90' lang='lat' dir='ltr'>plura</span> <span class='ocrx_word' id='word_1_73' title='bbox 840 791 944 844; x_wconf 91' lang='lat' dir='ltr'>alia,</span> <span class='ocrx_word' id='word_1_74' title='bbox 979 804 1068 844; x_wconf 91' lang='lat' dir='ltr'>que</span> <span class='ocrx_word' id='word_1_75' title='bbox 1103 804 1340 844; x_wconf 89' lang='lat' dir='ltr'>nunquam</span> <span class='ocrx_word' id='word_1_76' title='bbox 1375 791 1689 845; x_wconf 82' lang='lat' dir='ltr'>cogitaverant</span> <span class='ocrx_word' id='word_1_77' title='bbox 1721 792 1892 835; x_wconf 85' lang='lat' dir='ltr'>facere.</span> 
     </span>
     <span class='ocr_line' id='line_1_10' title="bbox 130 862 1892 916; baseline 0 -12"><span class='ocrx_word' id='word_1_78' title='bbox 130 862 242 904; x_wconf 87' lang='lat' dir='ltr'>Item</span> <span class='ocrx_word' id='word_1_79' title='bbox 270 862 358 904; x_wconf 87' lang='lat' dir='ltr'>fuit</span> <span class='ocrx_word' id='word_1_80' title='bbox 385 863 581 904; x_wconf 81' lang='lat' dir='ltr'>relatum</span> <span class='ocrx_word' id='word_1_81' title='bbox 610 862 707 915; x_wconf 88' lang='lat' dir='ltr'>regi</span> <span class='ocrx_word' id='word_1_82' title='bbox 737 866 781 904; x_wconf 84' lang='lat' dir='ltr'>et</span> <span class='ocrx_word' id='word_1_83' title='bbox 807 862 988 904; x_wconf 89' lang='lat' dir='ltr'>nacioni</span> <span class='ocrx_word' id='word_1_84' title='bbox 1019 862 1285 915; x_wconf 79' lang='lat' dir='ltr'>Germanic,</span> <span class='ocrx_word' id='word_1_85' title='bbox 1314 862 1437 915; x_wconf 92' lang='lat' dir='ltr'>quod</span> <span class='ocrx_word' id='word_1_86' title='bbox 1464 863 1511 904; x_wconf 92' lang='lat' dir='ltr'>in</span> <span class='ocrx_word' id='word_1_87' title='bbox 1540 862 1620 905; x_wconf 92' lang='lat' dir='ltr'>illa</span> <span class='ocrx_word' id='word_1_88' title='bbox 1649 864 1892 916; x_wconf 90' lang='lat' dir='ltr'>scriptura,</span> 
     </span>
     <span class='ocr_line' id='line_1_11' title="bbox 125 933 1894 987; baseline 0 -12"><span class='ocrx_word' id='word_1_89' title='bbox 125 934 300 976; x_wconf 89' lang='lat' dir='ltr'>lectura</span> <span class='ocrx_word' id='word_1_90' title='bbox 327 937 373 976; x_wconf 91' lang='lat' dir='ltr'>et</span> <span class='ocrx_word' id='word_1_91' title='bbox 397 933 722 987; x_wconf 88' lang='lat' dir='ltr'>proposicione</span> <span class='ocrx_word' id='word_1_92' title='bbox 750 933 938 976; x_wconf 83' lang='lat' dir='ltr'>fuerant</span> <span class='ocrx_word' id='word_1_93' title='bbox 964 934 1110 975; x_wconf 83' lang='lat' dir='ltr'>vocati</span> <span class='ocrx_word' id='word_1_94' title='bbox 1138 933 1331 975; x_wconf 91' lang='lat' dir='ltr'>heretici</span> <span class='ocrx_word' id='word_1_95' title='bbox 1358 937 1403 975; x_wconf 88' lang='lat' dir='ltr'>et</span> <span class='ocrx_word' id='word_1_96' title='bbox 1431 933 1690 987; x_wconf 82' lang='lat' dir='ltr'>scismatici,</span> <span class='ocrx_word' id='word_1_97' title='bbox 1718 933 1775 975; x_wconf 91' lang='lat' dir='ltr'>de</span> <span class='ocrx_word' id='word_1_98' title='bbox 1801 946 1894 986; x_wconf 93' lang='lat' dir='ltr'>quo</span> 
     </span>
     <span class='ocr_line' id='line_1_12' title="bbox 123 1004 1893 1058; baseline -0.001 -12"><span class='ocrx_word' id='word_1_99' title='bbox 123 1004 264 1046; x_wconf 88' lang='lat' dir='ltr'>nichil</span> <span class='ocrx_word' id='word_1_100' title='bbox 290 1008 404 1057; x_wconf 88' lang='lat' dir='ltr'>erat,</span> <span class='ocrx_word' id='word_1_101' title='bbox 431 1016 708 1057; x_wconf 90' lang='lat' dir='ltr'>quamquam</span> <span class='ocrx_word' id='word_1_102' title='bbox 735 1004 897 1057; x_wconf 88' lang='lat' dir='ltr'>plures</span> <span class='ocrx_word' id='word_1_103' title='bbox 922 1004 1090 1056; x_wconf 89' lang='lat' dir='ltr'>dicunt,</span> <span class='ocrx_word' id='word_1_104' title='bbox 1117 1004 1253 1057; x_wconf 88' lang='lat' dir='ltr'>quod,</span> <span class='ocrx_word' id='word_1_105' title='bbox 1280 1017 1380 1045; x_wconf 88' lang='lat' dir='ltr'>cum</span> <span class='ocrx_word' id='word_1_106' title='bbox 1410 1005 1489 1046; x_wconf 91' lang='lat' dir='ltr'>ille</span> <span class='ocrx_word' id='word_1_107' title='bbox 1515 1004 1778 1058; x_wconf 89' lang='lat' dir='ltr'>patriarcha</span> <span class='ocrx_word' id='word_1_108' title='bbox 1802 1005 1893 1046; x_wconf 92' lang='lat' dir='ltr'>An-</span> 
     </span>
     <span class='ocr_line' id='line_1_13' title="bbox 123 1074 1892 1128; baseline -0.001 -10"><span class='ocrx_word' id='word_1_109' title='bbox 123 1076 364 1118; x_wconf 85' lang='lat' dir='ltr'>tiochenus</span> <span class='ocrx_word' id='word_1_110' title='bbox 405 1079 450 1117; x_wconf 90' lang='lat' dir='ltr'>et</span> <span class='ocrx_word' id='word_1_111' title='bbox 491 1076 570 1118; x_wconf 94' lang='lat' dir='ltr'>alii</span> <span class='ocrx_word' id='word_1_112' title='bbox 614 1075 889 1117; x_wconf 80' lang='lat' dir='ltr'>recederent</span> <span class='ocrx_word' id='word_1_113' title='bbox 931 1075 988 1117; x_wconf 85' lang='lat' dir='ltr'>de</span> <span class='ocrx_word' id='word_1_114' title='bbox 1030 1074 1227 1117; x_wconf 91' lang='lat' dir='ltr'>ecclesia</span> <span class='ocrx_word' id='word_1_115' title='bbox 1268 1079 1314 1117; x_wconf 91' lang='lat' dir='ltr'>et</span> <span class='ocrx_word' id='word_1_116' title='bbox 1354 1075 1731 1128; x_wconf 85' lang='lat' dir='ltr'>congregacione,</span> <span class='ocrx_word' id='word_1_117' title='bbox 1772 1088 1892 1117; x_wconf 89' lang='lat' dir='ltr'>unus</span> 
     </span>
     <span class='ocr_line' id='line_1_14' title="bbox 125 1145 1892 1188; baseline -0.001 0"><span class='ocrx_word' id='word_1_118' title='bbox 125 1146 257 1188; x_wconf 87' lang='lat' dir='ltr'>dixit:</span> <span class='ocrx_word' id='word_1_119' title='bbox 296 1146 532 1188; x_wconf 88' lang='lat' dir='ltr'>Recedant</span> <span class='ocrx_word' id='word_1_120' title='bbox 553 1146 764 1188; x_wconf 85' lang='lat' dir='ltr'>heretici!</span> <span class='ocrx_word' id='word_1_121' title='bbox 804 1146 872 1187; x_wconf 91' lang='lat' dir='ltr'>Ex</span> <span class='ocrx_word' id='word_1_122' title='bbox 896 1145 986 1188; x_wconf 88' lang='lat' dir='ltr'>hiis</span> <span class='ocrx_word' id='word_1_123' title='bbox 1011 1147 1154 1188; x_wconf 90' lang='lat' dir='ltr'>multa</span> <span class='ocrx_word' id='word_1_124' title='bbox 1178 1146 1549 1188; x_wconf 88' lang='lat' dir='ltr'>machinamenta</span> <span class='ocrx_word' id='word_1_125' title='bbox 1573 1145 1694 1188; x_wconf 79' lang='lat' dir='ltr'>facta</span> <span class='ocrx_word' id='word_1_126' title='bbox 1719 1149 1824 1188; x_wconf 90' lang='lat' dir='ltr'>sunt</span> <span class='ocrx_word' id='word_1_127' title='bbox 1848 1149 1892 1187; x_wconf 89' lang='lat' dir='ltr'>et</span> 
     </span>
     <span class='ocr_line' id='line_1_15' title="bbox 125 1217 1891 1270; baseline -0.001 -11"><span class='ocrx_word' id='word_1_128' title='bbox 125 1217 212 1260; x_wconf 84' lang='lat' dir='ltr'>fuit</span> <span class='ocrx_word' id='word_1_129' title='bbox 248 1221 426 1259; x_wconf 88' lang='lat' dir='ltr'>secrete</span> <span class='ocrx_word' id='word_1_130' title='bbox 465 1217 731 1259; x_wconf 90' lang='lat' dir='ltr'>mandatum</span> <span class='ocrx_word' id='word_1_131' title='bbox 768 1220 812 1258; x_wconf 88' lang='lat' dir='ltr'>et</span> <span class='ocrx_word' id='word_1_132' title='bbox 849 1217 1018 1259; x_wconf 87' lang='lat' dir='ltr'>dictum</span> <span class='ocrx_word' id='word_1_133' title='bbox 1056 1217 1270 1270; x_wconf 90' lang='lat' dir='ltr'>pluribus</span> <span class='ocrx_word' id='word_1_134' title='bbox 1308 1217 1624 1259; x_wconf 89' lang='lat' dir='ltr'>cardinalibus</span> <span class='ocrx_word' id='word_1_135' title='bbox 1662 1229 1747 1270; x_wconf 89' lang='lat' dir='ltr'>per</span> <span class='ocrx_word' id='word_1_136' title='bbox 1783 1229 1891 1258; x_wconf 90' lang='lat' dir='ltr'>suos</span> 
     </span>
     <span class='ocr_line' id='line_1_16' title="bbox 124 1287 1892 1343; baseline -0.002 -12"><span class='ocrx_word' id='word_1_137' title='bbox 124 1289 308 1343; x_wconf 89' lang='lat' dir='ltr'>amicos,</span> <span class='ocrx_word' id='word_1_138' title='bbox 346 1289 469 1342; x_wconf 90' lang='lat' dir='ltr'>quod</span> <span class='ocrx_word' id='word_1_139' title='bbox 506 1301 590 1330; x_wconf 92' lang='lat' dir='ltr'>rex</span> <span class='ocrx_word' id='word_1_140' title='bbox 628 1288 830 1330; x_wconf 91' lang='lat' dir='ltr'>habebat</span> <span class='ocrx_word' id='word_1_141' title='bbox 869 1291 1070 1330; x_wconf 83' lang='lat' dir='ltr'>armatos</span> <span class='ocrx_word' id='word_1_142' title='bbox 1109 1292 1153 1329; x_wconf 89' lang='lat' dir='ltr'>et</span> <span class='ocrx_word' id='word_1_143' title='bbox 1191 1288 1486 1341; x_wconf 89' lang='lat' dir='ltr'>disposuerat</span> <span class='ocrx_word' id='word_1_144' title='bbox 1523 1300 1691 1341; x_wconf 89' lang='lat' dir='ltr'>capere</span> <span class='ocrx_word' id='word_1_145' title='bbox 1730 1287 1892 1340; x_wconf 88' lang='lat' dir='ltr'>plures</span> 
     </span>
     <span class='ocr_line' id='line_1_17' title="bbox 123 1359 1891 1402; baseline -0.001 -1"><span class='ocrx_word' id='word_1_146' title='bbox 123 1359 386 1402; x_wconf 88' lang='lat' dir='ltr'>cardinales</span> <span class='ocrx_word' id='word_1_147' title='bbox 422 1363 468 1402; x_wconf 87' lang='lat' dir='ltr'>et</span> <span class='ocrx_word' id='word_1_148' title='bbox 505 1359 635 1402; x_wconf 90' lang='lat' dir='ltr'>alios.</span> <span class='ocrx_word' id='word_1_149' title='bbox 687 1359 740 1401; x_wconf 90' lang='lat' dir='ltr'>Et</span> <span class='ocrx_word' id='word_1_150' title='bbox 777 1359 981 1401; x_wconf 84' lang='lat' dir='ltr'>creditur</span> <span class='ocrx_word' id='word_1_151' title='bbox 1019 1371 1124 1400; x_wconf 88' lang='lat' dir='ltr'>esse</span> <span class='ocrx_word' id='word_1_152' title='bbox 1162 1371 1338 1400; x_wconf 81' lang='lat' dir='ltr'>verum.</span> <span class='ocrx_word' id='word_1_153' title='bbox 1390 1359 1700 1400; x_wconf 86' lang='lat' dir='ltr'>Recesserunt</span> <span class='ocrx_word' id='word_1_154' title='bbox 1738 1360 1891 1400; x_wconf 90' lang='lat' dir='ltr'>autem</span> 
     </span>
     <span class='ocr_line' id='line_1_18' title="bbox 124 1429 1890 1484; baseline -0.001 -12"><span class='ocrx_word' id='word_1_155' title='bbox 124 1431 263 1484; x_wconf 85' lang='lat' dir='ltr'>legati</span> <span class='ocrx_word' id='word_1_156' title='bbox 288 1430 491 1474; x_wconf 88' lang='lat' dir='ltr'>Castelle</span> <span class='ocrx_word' id='word_1_157' title='bbox 514 1433 560 1472; x_wconf 89' lang='lat' dir='ltr'>et</span> <span class='ocrx_word' id='word_1_158' title='bbox 583 1431 787 1472; x_wconf 88' lang='lat' dir='ltr'>Navarre</span> <span class='ocrx_word' id='word_1_159' title='bbox 811 1433 969 1483; x_wconf 89' lang='lat' dir='ltr'>preter</span> <span class='ocrx_word' id='word_1_160' title='bbox 993 1430 1173 1483; x_wconf 91' lang='lat' dir='ltr'>aliquos</span> <span class='ocrx_word' id='word_1_161' title='bbox 1198 1429 1423 1482; x_wconf 82' lang='lat' dir='ltr'>doctores,</span> <span class='ocrx_word' id='word_1_162' title='bbox 1448 1429 1525 1482; x_wconf 91' lang='lat' dir='ltr'>qui</span> <span class='ocrx_word' id='word_1_163' title='bbox 1550 1432 1890 1471; x_wconf 87' lang='lat' dir='ltr'>remanserunt.</span> 
     </span>
     <span class='ocr_line' id='line_1_19' title="bbox 122 1498 1891 1554; baseline -0.002 -11"><span class='ocrx_word' id='word_1_164' title='bbox 122 1501 212 1544; x_wconf 88' lang='lat' dir='ltr'>Sed</span> <span class='ocrx_word' id='word_1_165' title='bbox 243 1502 361 1543; x_wconf 92' lang='lat' dir='ltr'>nulli</span> <span class='ocrx_word' id='word_1_166' title='bbox 393 1514 453 1543; x_wconf 90' lang='lat' dir='ltr'>ex</span> <span class='ocrx_word' id='word_1_167' title='bbox 486 1501 580 1543; x_wconf 92' lang='lat' dir='ltr'>illis</span> <span class='ocrx_word' id='word_1_168' title='bbox 612 1504 862 1554; x_wconf 92' lang='lat' dir='ltr'>potuerunt</span> <span class='ocrx_word' id='word_1_169' title='bbox 894 1500 1094 1542; x_wconf 90' lang='lat' dir='ltr'>transire</span> <span class='ocrx_word' id='word_1_170' title='bbox 1128 1501 1250 1542; x_wconf 88' lang='lat' dir='ltr'>ultra</span> <span class='ocrx_word' id='word_1_171' title='bbox 1282 1513 1423 1541; x_wconf 92' lang='lat' dir='ltr'>unum</span> <span class='ocrx_word' id='word_1_172' title='bbox 1456 1500 1639 1542; x_wconf 91' lang='lat' dir='ltr'>miliare</span> <span class='ocrx_word' id='word_1_173' title='bbox 1670 1498 1891 1552; x_wconf 90' lang='lat' dir='ltr'>prohibiti</span> 
     </span>
     <span class='ocr_line' id='line_1_20' title="bbox 122 1572 781 1625; baseline 0 -11"><span class='ocrx_word' id='word_1_174' title='bbox 122 1584 207 1625; x_wconf 89' lang='lat' dir='ltr'>per</span> <span class='ocrx_word' id='word_1_175' title='bbox 233 1584 391 1625; x_wconf 89' lang='lat' dir='ltr'>regem</span> <span class='ocrx_word' id='word_1_176' title='bbox 417 1572 539 1614; x_wconf 91' lang='lat' dir='ltr'>ultra</span> <span class='ocrx_word' id='word_1_177' title='bbox 566 1572 781 1614; x_wconf 92' lang='lat' dir='ltr'>transire.</span> 
     </span>
     <span class='ocr_line' id='line_1_21' title="bbox 139 1640 1891 1700; baseline -0.002 -15"><span class='ocrx_word' id='word_1_178' title='bbox 139 1698 141 1700; x_wconf 9' lang='grc' dir='ltr'><strong>ῃ</strong></span> <span class='ocrx_word' id='word_1_179' title='bbox 239 1642 439 1696; x_wconf 90' lang='lat' dir='ltr'>Contigit</span> <span class='ocrx_word' id='word_1_180' title='bbox 471 1643 545 1685; x_wconf 88' lang='lat' dir='ltr'>die</span> <span class='ocrx_word' id='word_1_181' title='bbox 579 1643 759 1685; x_wconf 89' lang='lat' dir='ltr'>sabbati</span> <span class='ocrx_word' id='word_1_182' title='bbox 794 1641 1016 1696; x_wconf 88' lang='lat' dir='ltr'>predicta,</span> <span class='ocrx_word' id='word_1_183' title='bbox 1048 1642 1171 1695; x_wconf 92' lang='lat' dir='ltr'>quod</span> <span class='ocrx_word' id='word_1_184' title='bbox 1204 1642 1289 1684; x_wconf 85' lang='lat' dir='ltr'>fuit</span> <span class='ocrx_word' id='word_1_185' title='bbox 1318 1644 1587 1695; x_wconf 87' lang='lat' dir='ltr'>suggestum</span> <span class='ocrx_word' id='word_1_186' title='bbox 1623 1640 1735 1694; x_wconf 90' lang='lat' dir='ltr'>regi,</span> <span class='ocrx_word' id='word_1_187' title='bbox 1769 1640 1891 1693; x_wconf 89' lang='lat' dir='ltr'>quod</span> 
     </span>
     <span class='ocr_line' id='line_1_22' title="bbox 123 1711 1889 1767; baseline -0.002 -11"><span class='ocrx_word' id='word_1_188' title='bbox 123 1714 264 1767; x_wconf 89' lang='lat' dir='ltr'>aliqui</span> <span class='ocrx_word' id='word_1_189' title='bbox 290 1713 553 1756; x_wconf 90' lang='lat' dir='ltr'>cardinales</span> <span class='ocrx_word' id='word_1_190' title='bbox 576 1714 740 1767; x_wconf 83' lang='lat' dir='ltr'>fugere</span> <span class='ocrx_word' id='word_1_191' title='bbox 763 1713 999 1755; x_wconf 84' lang='lat' dir='ltr'>debebant</span> <span class='ocrx_word' id='word_1_192' title='bbox 1024 1713 1103 1754; x_wconf 89' lang='lat' dir='ltr'>illa</span> <span class='ocrx_word' id='word_1_193' title='bbox 1127 1716 1259 1754; x_wconf 88' lang='lat' dir='ltr'>nocte</span> <span class='ocrx_word' id='word_1_194' title='bbox 1283 1725 1368 1766; x_wconf 89' lang='lat' dir='ltr'>per</span> <span class='ocrx_word' id='word_1_195' title='bbox 1392 1724 1573 1765; x_wconf 84' lang='lat' dir='ltr'>aquam.</span> <span class='ocrx_word' id='word_1_196' title='bbox 1610 1712 1664 1753; x_wconf 91' lang='lat' dir='ltr'>Et</span> <span class='ocrx_word' id='word_1_197' title='bbox 1687 1711 1810 1753; x_wconf 88' lang='lat' dir='ltr'>misit</span> <span class='ocrx_word' id='word_1_198' title='bbox 1833 1711 1889 1752; x_wconf 91' lang='lat' dir='ltr'>de</span> 
     </span>
     <span class='ocr_line' id='line_1_23' title="bbox 122 1782 1889 1836; baseline -0.002 -10"><span class='ocrx_word' id='word_1_199' title='bbox 122 1788 252 1827; x_wconf 87' lang='lat' dir='ltr'>nocte</span> <span class='ocrx_word' id='word_1_200' title='bbox 287 1785 501 1827; x_wconf 90' lang='lat' dir='ltr'>homines</span> <span class='ocrx_word' id='word_1_201' title='bbox 536 1787 738 1827; x_wconf 90' lang='lat' dir='ltr'>armatos</span> <span class='ocrx_word' id='word_1_202' title='bbox 772 1787 953 1826; x_wconf 90' lang='lat' dir='ltr'>centum</span> <span class='ocrx_word' id='word_1_203' title='bbox 990 1787 1034 1825; x_wconf 92' lang='lat' dir='ltr'>et</span> <span class='ocrx_word' id='word_1_204' title='bbox 1069 1783 1268 1836; x_wconf 88' lang='lat' dir='ltr'>amplius</span> <span class='ocrx_word' id='word_1_205' title='bbox 1304 1795 1389 1836; x_wconf 89' lang='lat' dir='ltr'>per</span> <span class='ocrx_word' id='word_1_206' title='bbox 1423 1786 1611 1835; x_wconf 89' lang='lat' dir='ltr'>terram,</span> <span class='ocrx_word' id='word_1_207' title='bbox 1646 1782 1723 1835; x_wconf 92' lang='lat' dir='ltr'>qui</span> <span class='ocrx_word' id='word_1_208' title='bbox 1758 1784 1889 1823; x_wconf 89' lang='lat' dir='ltr'>extra</span> 
     </span>
     <span class='ocr_line' id='line_1_24' title="bbox 122 1852 1888 1908; baseline -0.003 -11"><span class='ocrx_word' id='word_1_209' title='bbox 122 1855 352 1898; x_wconf 90' lang='lat' dir='ltr'>civitatem</span> <span class='ocrx_word' id='word_1_210' title='bbox 391 1855 590 1897; x_wconf 86' lang='lat' dir='ltr'>inferius</span> <span class='ocrx_word' id='word_1_211' title='bbox 628 1856 932 1908; x_wconf 89' lang='lat' dir='ltr'>explorarent</span> <span class='ocrx_word' id='word_1_212' title='bbox 969 1867 1069 1896; x_wconf 91' lang='lat' dir='ltr'>cum</span> <span class='ocrx_word' id='word_1_213' title='bbox 1108 1853 1288 1896; x_wconf 89' lang='lat' dir='ltr'>balistis</span> <span class='ocrx_word' id='word_1_214' title='bbox 1329 1854 1375 1895; x_wconf 93' lang='lat' dir='ltr'>in</span> <span class='ocrx_word' id='word_1_215' title='bbox 1413 1853 1547 1895; x_wconf 87' lang='lat' dir='ltr'>litore</span> <span class='ocrx_word' id='word_1_216' title='bbox 1586 1852 1812 1904; x_wconf 85' lang='lat' dir='ltr'>fluminis,</span> <span class='ocrx_word' id='word_1_217' title='bbox 1851 1852 1888 1893; x_wconf 90' lang='lat' dir='ltr'>si</span> 
     </span>
     <span class='ocr_line' id='line_1_25' title="bbox 122 1922 1888 1978; baseline -0.003 -10"><span class='ocrx_word' id='word_1_218' title='bbox 122 1925 376 1968; x_wconf 89' lang='lat' dir='ltr'>transirent</span> <span class='ocrx_word' id='word_1_219' title='bbox 413 1938 572 1978; x_wconf 79' lang='lat' dir='ltr'>naves,</span> <span class='ocrx_word' id='word_1_220' title='bbox 613 1929 660 1967; x_wconf 89' lang='lat' dir='ltr'>ut</span> <span class='ocrx_word' id='word_1_221' title='bbox 701 1926 806 1967; x_wconf 91' lang='lat' dir='ltr'>illas</span> <span class='ocrx_word' id='word_1_222' title='bbox 846 1938 947 1967; x_wconf 92' lang='lat' dir='ltr'>cum</span> <span class='ocrx_word' id='word_1_223' title='bbox 987 1924 1167 1967; x_wconf 90' lang='lat' dir='ltr'>balistis</span> <span class='ocrx_word' id='word_1_224' title='bbox 1207 1927 1426 1977; x_wconf 88' lang='lat' dir='ltr'>cogerent</span> <span class='ocrx_word' id='word_1_225' title='bbox 1465 1923 1627 1965; x_wconf 86' lang='lat' dir='ltr'>venire</span> <span class='ocrx_word' id='word_1_226' title='bbox 1668 1922 1726 1964; x_wconf 93' lang='lat' dir='ltr'>ad</span> <span class='ocrx_word' id='word_1_227' title='bbox 1767 1923 1888 1964; x_wconf 86' lang='lat' dir='ltr'>litus.</span> 
     </span>
     <span class='ocr_line' id='line_1_26' title="bbox 127 1992 1890 2049; baseline -0.002 -12"><span class='ocrx_word' id='word_1_228' title='bbox 127 1995 246 2038; x_wconf 89' lang='lat' dir='ltr'>Misit</span> <span class='ocrx_word' id='word_1_229' title='bbox 272 1996 417 2038; x_wconf 89' lang='lat' dir='ltr'>eciam</span> <span class='ocrx_word' id='word_1_230' title='bbox 447 1996 563 2038; x_wconf 92' lang='lat' dir='ltr'>duas</span> <span class='ocrx_word' id='word_1_231' title='bbox 592 2008 737 2038; x_wconf 89' lang='lat' dir='ltr'>naves</span> <span class='ocrx_word' id='word_1_232' title='bbox 767 2008 875 2038; x_wconf 88' lang='lat' dir='ltr'>suas</span> <span class='ocrx_word' id='word_1_233' title='bbox 903 2008 988 2049; x_wconf 91' lang='lat' dir='ltr'>per</span> <span class='ocrx_word' id='word_1_234' title='bbox 1018 2007 1184 2048; x_wconf 89' lang='lat' dir='ltr'>aquam</span> <span class='ocrx_word' id='word_1_235' title='bbox 1214 2007 1316 2036; x_wconf 91' lang='lat' dir='ltr'>cum</span> <span class='ocrx_word' id='word_1_236' title='bbox 1345 1994 1534 2036; x_wconf 91' lang='lat' dir='ltr'>armatis</span> <span class='ocrx_word' id='word_1_237' title='bbox 1563 1997 1609 2036; x_wconf 90' lang='lat' dir='ltr'>et</span> <span class='ocrx_word' id='word_1_238' title='bbox 1636 1992 1890 2045; x_wconf 87' lang='lat' dir='ltr'>balistariis</span> 
     </span>
     <span class='ocr_line' id='line_1_27' title="bbox 123 2064 1889 2121; baseline -0.002 -13"><span class='ocrx_word' id='word_1_239' title='bbox 123 2066 228 2109; x_wconf 90' lang='lat' dir='ltr'>aliis</span> <span class='ocrx_word' id='word_1_240' title='bbox 264 2067 381 2110; x_wconf 92' lang='lat' dir='ltr'>alios</span> <span class='ocrx_word' id='word_1_241' title='bbox 418 2067 753 2121; x_wconf 86' lang='lat' dir='ltr'>ignorantibus.</span> <span class='ocrx_word' id='word_1_242' title='bbox 817 2066 1018 2120; x_wconf 90' lang='lat' dir='ltr'>Contigit</span> <span class='ocrx_word' id='word_1_243' title='bbox 1052 2069 1219 2118; x_wconf 91' lang='lat' dir='ltr'>autem,</span> <span class='ocrx_word' id='word_1_244' title='bbox 1257 2065 1394 2118; x_wconf 88' lang='lat' dir='ltr'>quod,</span> <span class='ocrx_word' id='word_1_245' title='bbox 1431 2077 1532 2106; x_wconf 90' lang='lat' dir='ltr'>cum</span> <span class='ocrx_word' id='word_1_246' title='bbox 1569 2064 1651 2117; x_wconf 92' lang='lat' dir='ltr'>illi,</span> <span class='ocrx_word' id='word_1_247' title='bbox 1690 2064 1768 2117; x_wconf 89' lang='lat' dir='ltr'>qui</span> <span class='ocrx_word' id='word_1_248' title='bbox 1805 2075 1889 2116; x_wconf 91' lang='lat' dir='ltr'>per</span> 
     </span>
     <span class='ocr_line' id='line_1_28' title="bbox 121 2134 1889 2190; baseline -0.002 -12"><span class='ocrx_word' id='word_1_249' title='bbox 121 2139 291 2179; x_wconf 90' lang='lat' dir='ltr'>terram</span> <span class='ocrx_word' id='word_1_250' title='bbox 325 2137 519 2190; x_wconf 88' lang='lat' dir='ltr'>iverant,</span> <span class='ocrx_word' id='word_1_251' title='bbox 552 2138 856 2190; x_wconf 88' lang='lat' dir='ltr'>explorarent</span> <span class='ocrx_word' id='word_1_252' title='bbox 887 2137 934 2178; x_wconf 93' lang='lat' dir='ltr'>in</span> <span class='ocrx_word' id='word_1_253' title='bbox 968 2138 1102 2178; x_wconf 94' lang='lat' dir='ltr'>litore</span> <span class='ocrx_word' id='word_1_254' title='bbox 1136 2140 1268 2178; x_wconf 87' lang='lat' dir='ltr'>nocte</span> <span class='ocrx_word' id='word_1_255' title='bbox 1301 2136 1512 2188; x_wconf 91' lang='lat' dir='ltr'>obscura,</span> <span class='ocrx_word' id='word_1_256' title='bbox 1547 2134 1889 2178; x_wconf 87' lang='lat' dir='ltr'>descenderunt</span> 
     </span>
     <span class='ocr_line' id='line_1_29' title="bbox 122 2205 1889 2265; baseline -0.001 -17"><span class='ocrx_word' id='word_1_257' title='bbox 122 2206 211 2249; x_wconf 88' lang='lat' dir='ltr'>due</span> <span class='ocrx_word' id='word_1_258' title='bbox 235 2220 378 2251; x_wconf 88' lang='lat' dir='ltr'>naves</span> <span class='ocrx_word' id='word_1_259' title='bbox 403 2208 497 2261; x_wconf 89' lang='lat' dir='ltr'>ille,</span> <span class='ocrx_word' id='word_1_260' title='bbox 522 2220 637 2261; x_wconf 90' lang='lat' dir='ltr'>quas</span> <span class='ocrx_word' id='word_1_261' title='bbox 662 2207 974 2265; x_wconf 21' lang='lat' dir='ltr'>miserat-rex,</span> <span class='ocrx_word' id='word_1_262' title='bbox 1001 2211 1045 2249; x_wconf 90' lang='lat' dir='ltr'>et</span> <span class='ocrx_word' id='word_1_263' title='bbox 1069 2220 1170 2249; x_wconf 91' lang='lat' dir='ltr'>cum</span> <span class='ocrx_word' id='word_1_264' title='bbox 1196 2207 1279 2259; x_wconf 89' lang='lat' dir='ltr'>illi,</span> <span class='ocrx_word' id='word_1_265' title='bbox 1304 2207 1381 2260; x_wconf 93' lang='lat' dir='ltr'>qui</span> <span class='ocrx_word' id='word_1_266' title='bbox 1407 2209 1539 2248; x_wconf 88' lang='lat' dir='ltr'>erant</span> <span class='ocrx_word' id='word_1_267' title='bbox 1565 2207 1611 2247; x_wconf 92' lang='lat' dir='ltr'>in</span> <span class='ocrx_word' id='word_1_268' title='bbox 1638 2205 1786 2257; x_wconf 88' lang='lat' dir='ltr'>litore,</span> <span class='ocrx_word' id='word_1_269' title='bbox 1813 2217 1889 2246; x_wconf 95' lang='lat' dir='ltr'>au-</span> 
     </span>
     <span class='ocr_line' id='line_1_30' title="bbox 121 2276 1888 2330; baseline -0.002 -11"><span class='ocrx_word' id='word_1_270' title='bbox 121 2277 276 2321; x_wconf 87' lang='lat' dir='ltr'>dirent</span> <span class='ocrx_word' id='word_1_271' title='bbox 307 2282 352 2320; x_wconf 92' lang='lat' dir='ltr'>et</span> <span class='ocrx_word' id='word_1_272' title='bbox 384 2279 599 2321; x_wconf 92' lang='lat' dir='ltr'>viderent</span> <span class='ocrx_word' id='word_1_273' title='bbox 632 2279 678 2320; x_wconf 91' lang='lat' dir='ltr'>in</span> <span class='ocrx_word' id='word_1_274' title='bbox 713 2279 910 2320; x_wconf 91' lang='lat' dir='ltr'>obscuro</span> <span class='ocrx_word' id='word_1_275' title='bbox 945 2279 1050 2320; x_wconf 92' lang='lat' dir='ltr'>illas</span> <span class='ocrx_word' id='word_1_276' title='bbox 1085 2290 1243 2330; x_wconf 91' lang='lat' dir='ltr'>naves,</span> <span class='ocrx_word' id='word_1_277' title='bbox 1278 2277 1538 2329; x_wconf 88' lang='lat' dir='ltr'>credentes,</span> <span class='ocrx_word' id='word_1_278' title='bbox 1572 2276 1696 2330; x_wconf 86' lang='lat' dir='ltr'>quod</span> <span class='ocrx_word' id='word_1_279' title='bbox 1730 2278 1888 2318; x_wconf 89' lang='lat' dir='ltr'>essent</span> 
     </span>
     <span class='ocr_line' id='line_1_31' title="bbox 120 2345 1885 2402; baseline -0.002 -13"><span class='ocrx_word' id='word_1_280' title='bbox 120 2348 395 2402; x_wconf 82' lang='lat' dir='ltr'>cardinaleS,</span> <span class='ocrx_word' id='word_1_281' title='bbox 421 2350 504 2402; x_wconf 84' lang='lat' dir='ltr'>qui·</span> <span class='ocrx_word' id='word_1_282' title='bbox 526 2349 757 2402; x_wconf 84' lang='lat' dir='ltr'>fugerent,</span> <span class='ocrx_word' id='word_1_283' title='bbox 783 2352 1027 2391; x_wconf 91' lang='lat' dir='ltr'>traxerunt</span> <span class='ocrx_word' id='word_1_284' title='bbox 1054 2361 1155 2390; x_wconf 88' lang='lat' dir='ltr'>curn</span> <span class='ocrx_word' id='word_1_285' title='bbox 1181 2349 1364 2390; x_wconf 87' lang='lat' dir='ltr'>balistis</span> <span class='ocrx_word' id='word_1_286' title='bbox 1391 2348 1448 2389; x_wconf 93' lang='lat' dir='ltr'>ad</span> <span class='ocrx_word' id='word_1_287' title='bbox 1474 2359 1633 2398; x_wconf 88' lang='lat' dir='ltr'>naves,</span> <span class='ocrx_word' id='word_1_288' title='bbox 1660 2349 1705 2388; x_wconf 87' lang='lat' dir='ltr'>et</span> <span class='ocrx_word' id='word_1_289' title='bbox 1733 2345 1800 2387; x_wconf 88' lang='lat' dir='ltr'>illi</span> <span class='ocrx_word' id='word_1_290' title='bbox 1828 2345 1885 2386; x_wconf 91' lang='lat' dir='ltr'>de</span> 
     </span>
     <span class='ocr_line' id='line_1_32' title="bbox 119 2416 1884 2472; baseline -0.002 -13"><span class='ocrx_word' id='word_1_291' title='bbox 119 2418 313 2462; x_wconf 88' lang='lat' dir='ltr'>navibus</span> <span class='ocrx_word' id='word_1_292' title='bbox 342 2419 487 2461; x_wconf 87' lang='lat' dir='ltr'>eciam</span> <span class='ocrx_word' id='word_1_293' title='bbox 519 2420 786 2472; x_wconf 86' lang='lat' dir='ltr'>ignorantes</span> <span class='ocrx_word' id='word_1_294' title='bbox 816 2420 1195 2472; x_wconf 89' lang='lat' dir='ltr'>exploracionem</span> <span class='ocrx_word' id='word_1_295' title='bbox 1226 2421 1468 2461; x_wconf 89' lang='lat' dir='ltr'>traxerunt</span> <span class='ocrx_word' id='word_1_296' title='bbox 1498 2418 1556 2460; x_wconf 93' lang='lat' dir='ltr'>ad</span> <span class='ocrx_word' id='word_1_297' title='bbox 1587 2430 1680 2459; x_wconf 92' lang='lat' dir='ltr'>eos.</span> <span class='ocrx_word' id='word_1_298' title='bbox 1724 2417 1776 2458; x_wconf 90' lang='lat' dir='ltr'>Et</span> <span class='ocrx_word' id='word_1_299' title='bbox 1806 2416 1884 2457; x_wconf 91' lang='lat' dir='ltr'>diu</span> 
     </span>
     <span class='ocr_line' id='line_1_33' title="bbox 120 2487 1884 2542; baseline -0.002 -13"><span class='ocrx_word' id='word_1_300' title='bbox 120 2487 182 2530; x_wconf 87' lang='lat' dir='ltr'>sic</span> <span class='ocrx_word' id='word_1_301' title='bbox 207 2492 532 2542; x_wconf 90' lang='lat' dir='ltr'>tractaverunt,</span> <span class='ocrx_word' id='word_1_302' title='bbox 559 2490 705 2532; x_wconf 87' lang='lat' dir='ltr'>donec</span> <span class='ocrx_word' id='word_1_303' title='bbox 731 2490 789 2532; x_wconf 93' lang='lat' dir='ltr'>ad</span> <span class='ocrx_word' id='word_1_304' title='bbox 816 2502 974 2531; x_wconf 87' lang='lat' dir='ltr'>vocem</span> <span class='ocrx_word' id='word_1_305' title='bbox 1001 2489 1144 2542; x_wconf 90' lang='lat' dir='ltr'>aliqui</span> <span class='ocrx_word' id='word_1_306' title='bbox 1170 2491 1483 2542; x_wconf 86' lang='lat' dir='ltr'>cognoverunt</span> <span class='ocrx_word' id='word_1_307' title='bbox 1509 2489 1639 2529; x_wconf 92' lang='lat' dir='ltr'>alios.</span> <span class='ocrx_word' id='word_1_308' title='bbox 1680 2487 1884 2528; x_wconf 87' lang='lat' dir='ltr'>Fuerunt</span> 
     </span>
     <span class='ocr_line' id='line_1_34' title="bbox 120 2559 1884 2614; baseline -0.001 -14"><span class='ocrx_word' id='word_1_309' title='bbox 120 2561 271 2601; x_wconf 86' lang='lat' dir='ltr'>tamen</span> <span class='ocrx_word' id='word_1_310' title='bbox 312 2561 473 2613; x_wconf 91' lang='lat' dir='ltr'>plures</span> <span class='ocrx_word' id='word_1_311' title='bbox 514 2561 802 2614; x_wconf 71' lang='lat' dir='ltr'>vulnerati,³)</span> <span class='ocrx_word' id='word_1_312' title='bbox 845 2563 890 2602; x_wconf 91' lang='lat' dir='ltr'>et</span> <span class='ocrx_word' id='word_1_313' title='bbox 931 2572 1097 2602; x_wconf 88' lang='lat' dir='ltr'>revera</span> <span class='ocrx_word' id='word_1_314' title='bbox 1138 2559 1279 2601; x_wconf 91' lang='lat' dir='ltr'>nichil</span> <span class='ocrx_word' id='word_1_315' title='bbox 1322 2562 1421 2601; x_wconf 89' lang='lat' dir='ltr'>erat</span> <span class='ocrx_word' id='word_1_316' title='bbox 1463 2559 1520 2600; x_wconf 89' lang='lat' dir='ltr'>de</span> <span class='ocrx_word' id='word_1_317' title='bbox 1562 2570 1750 2599; x_wconf 88' lang='lat' dir='ltr'>recessu</span> <span class='ocrx_word' id='word_1_318' title='bbox 1789 2569 1884 2598; x_wconf 89' lang='lat' dir='ltr'>car-</span> 
     </span>
     <span class='ocr_line' id='line_1_35' title="bbox 121 2627 356 2672; baseline 0.009 -2"><span class='ocrx_word' id='word_1_319' title='bbox 121 2627 356 2672; x_wconf 89' lang='lat' dir='ltr'>dinalium.</span> 
     </span>
    </p>

    <p class='ocr_par' dir='ltr' id='par_1_6' title="bbox 119 2699 1883 2964">
     <span class='ocr_line' id='line_1_36' title="bbox 234 2699 1883 2754; baseline -0.002 -12"><span class='ocrx_word' id='word_1_320' title='bbox 234 2700 336 2742; x_wconf 87' lang='lat' dir='ltr'>Hiis</span> <span class='ocrx_word' id='word_1_321' title='bbox 374 2701 669 2743; x_wconf 89' lang='lat' dir='ltr'>currentibus</span> <span class='ocrx_word' id='word_1_322' title='bbox 706 2700 1060 2754; x_wconf 89' lang='lat' dir='ltr'>tempestatibus</span> <span class='ocrx_word' id='word_1_323' title='bbox 1099 2713 1181 2742; x_wconf 89' lang='lat' dir='ltr'>rex</span> <span class='ocrx_word' id='word_1_324' title='bbox 1219 2700 1400 2752; x_wconf 88' lang='lat' dir='ltr'>timens,</span> <span class='ocrx_word' id='word_1_325' title='bbox 1439 2703 1486 2741; x_wconf 89' lang='lat' dir='ltr'>ut</span> <span class='ocrx_word' id='word_1_326' title='bbox 1525 2699 1742 2749; x_wconf 83' lang='lat' dir='ltr'>creditur,</span> <span class='ocrx_word' id='word_1_327' title='bbox 1781 2710 1883 2750; x_wconf 89' lang='lat' dir='ltr'>pro-</span> 
     </span>
     <span class='ocr_line' id='line_1_37' title="bbox 120 2766 1883 2824; baseline -0.002 -14"><span class='ocrx_word' id='word_1_328' title='bbox 120 2769 284 2812; x_wconf 89' lang='lat' dir='ltr'>cedere</span> <span class='ocrx_word' id='word_1_329' title='bbox 317 2771 391 2813; x_wconf 92' lang='lat' dir='ltr'>via</span> <span class='ocrx_word' id='word_1_330' title='bbox 424 2771 531 2813; x_wconf 84' lang='lat' dir='ltr'>facti</span> <span class='ocrx_word' id='word_1_331' title='bbox 562 2771 709 2813; x_wconf 89' lang='lat' dir='ltr'>tenuit</span> <span class='ocrx_word' id='word_1_332' title='bbox 740 2784 905 2824; x_wconf 90' lang='lat' dir='ltr'>magna</span> <span class='ocrx_word' id='word_1_333' title='bbox 939 2771 1132 2813; x_wconf 89' lang='lat' dir='ltr'>concilia</span> <span class='ocrx_word' id='word_1_334' title='bbox 1165 2783 1265 2812; x_wconf 88' lang='lat' dir='ltr'>cum</span> <span class='ocrx_word' id='word_1_335' title='bbox 1301 2769 1547 2812; x_wconf 89' lang='lat' dir='ltr'>Germanis</span> <span class='ocrx_word' id='word_1_336' title='bbox 1578 2772 1623 2810; x_wconf 87' lang='lat' dir='ltr'>et</span> <span class='ocrx_word' id='word_1_337' title='bbox 1656 2780 1756 2809; x_wconf 91' lang='lat' dir='ltr'>cum</span> <span class='ocrx_word' id='word_1_338' title='bbox 1790 2766 1883 2808; x_wconf 87' lang='lat' dir='ltr'>illis</span> 
     </span>
     <span class='ocr_line' id='line_1_38' title="bbox 119 2839 1881 2894; baseline -0.002 -13"><span class='ocrx_word' id='word_1_339' title='bbox 119 2841 378 2892; x_wconf 89' lang='lat' dir='ltr'>patriarcha</span> <span class='ocrx_word' id='word_1_340' title='bbox 415 2841 718 2894; x_wconf 85' lang='lat' dir='ltr'>Antiocheno,</span> <span class='ocrx_word' id='word_1_341' title='bbox 757 2841 968 2883; x_wconf 86' lang='lat' dir='ltr'>ministro</span> <span class='ocrx_word' id='word_1_342' title='bbox 1006 2842 1210 2883; x_wconf 90' lang='lat' dir='ltr'>omnium</span> <span class='ocrx_word' id='word_1_343' title='bbox 1252 2841 1491 2892; x_wconf 90' lang='lat' dir='ltr'>malorum,</span> <span class='ocrx_word' id='word_1_344' title='bbox 1531 2843 1575 2881; x_wconf 90' lang='lat' dir='ltr'>et</span> <span class='ocrx_word' id='word_1_345' title='bbox 1614 2839 1881 2891; x_wconf 80' lang='lat' dir='ltr'>Aragonen-</span> 
     </span>
     <span class='ocr_line' id='line_1_39' title="bbox 119 2907 1879 2964; baseline -0.002 -14"><span class='ocrx_word' id='word_1_346' title='bbox 119 2907 245 2952; x_wconf 89' lang='lat' dir='ltr'>sibus</span> <span class='ocrx_word' id='word_1_347' title='bbox 272 2914 316 2952; x_wconf 91' lang='lat' dir='ltr'>et</span> <span class='ocrx_word' id='word_1_348' title='bbox 345 2911 463 2953; x_wconf 90' lang='lat' dir='ltr'>aliis.</span> <span class='ocrx_word' id='word_1_349' title='bbox 505 2912 559 2953; x_wconf 89' lang='lat' dir='ltr'>Et</span> <span class='ocrx_word' id='word_1_350' title='bbox 587 2912 675 2954; x_wconf 83' lang='lat' dir='ltr'>fuit</span> <span class='ocrx_word' id='word_1_351' title='bbox 703 2912 888 2964; x_wconf 90' lang='lat' dir='ltr'>dictum,</span> <span class='ocrx_word' id='word_1_352' title='bbox 917 2911 1040 2964; x_wconf 93' lang='lat' dir='ltr'>quod</span> <span class='ocrx_word' id='word_1_353' title='bbox 1069 2911 1136 2952; x_wconf 93' lang='lat' dir='ltr'>illi</span> <span class='ocrx_word' id='word_1_354' title='bbox 1166 2911 1380 2952; x_wconf 89' lang='lat' dir='ltr'>dicebant</span> <span class='ocrx_word' id='word_1_355' title='bbox 1410 2923 1460 2951; x_wconf 90' lang='lat' dir='ltr'>se</span> <span class='ocrx_word' id='word_1_356' title='bbox 1491 2910 1646 2951; x_wconf 86' lang='lat' dir='ltr'>facere</span> <span class='ocrx_word' id='word_1_357' title='bbox 1676 2908 1879 2961; x_wconf 89' lang='lat' dir='ltr'>quinque</span> 
     </span>
    </p>
   </div>
   <div class='ocr_carea' id='block_1_3' title="bbox 127 2990 291 2997">
    <p class='ocr_par' dir='ltr' id='par_1_7' title="bbox 127 2990 291 2997">
     <span class='ocr_line' id='line_1_40' title="bbox 127 2990 291 2997; baseline 0 0"><span class='ocrx_word' id='word_1_358' title='bbox 127 2990 291 2997; x_wconf 95' lang='lat' dir='ltr'> </span> 
     </span>
    </p>
   </div>
   <div class='ocr_carea' id='block_1_4' title="bbox 293 2993 454 2997">
    <p class='ocr_par' dir='ltr' id='par_1_8' title="bbox 293 2993 454 2997">
     <span class='ocr_line' id='line_1_41' title="bbox 293 2993 454 2997; baseline 0 0"><span class='ocrx_word' id='word_1_359' title='bbox 293 2993 454 2997; x_wconf 95' lang='lat' dir='ltr'> </span> 
     </span>
    </p>
   </div>
   <div class='ocr_carea' id='block_1_5' title="bbox 221 3025 1244 3117">
    <p class='ocr_par' dir='ltr' id='par_1_9' title="bbox 221 3025 1244 3117">
     <span class='ocr_line' id='line_1_42' title="bbox 221 3025 1244 3117; baseline -0.002 -8"><span class='ocrx_word' id='word_1_360' title='bbox 221 3025 416 3116; x_wconf 43' lang='grc' dir='ltr'>813Ἒῶῧί</span> <span class='ocrx_word' id='word_1_361' title='bbox 443 3074 473 3116; x_wconf 91' lang='lat'>1,</span> <span class='ocrx_word' id='word_1_362' title='bbox 499 3075 680 3117; x_wconf 80' lang='lat'><em>917—20‚·</em></span> <span class='ocrx_word' id='word_1_363' title='bbox 711 3074 837 3109; x_wconf 69' lang='lat' dir='ltr'>Mami</span> <span class='ocrx_word' id='word_1_364' title='bbox 863 3073 933 3107; x_wconf 83' lang='lat' dir='ltr'>xx</span> <span class='ocrx_word' id='word_1_365' title='bbox 945 3073 1023 3115; x_wconf 79' lang='lat' dir='ltr'>VII,</span> <span class='ocrx_word' id='word_1_366' title='bbox 1052 3074 1244 3108; x_wconf 86' lang='lat'><strong><em>1150—53.</em></strong></span> 
     </span>
    </p>
   </div>
  </div>
 </body>
</html>
