2102 3444
285 122 368 165 190
818 121 844 156 1.
870 122 1081 158 Abschnitt.
1119 121 1518 167 Konzilstagebiicher.

404 240 518 282 Item
548 240 711 282 eadem
742 241 817 282 die
846 241 888 283 d.
917 240 1296 295 archiepiscopus
1324 242 1610 285 Viennensis
1638 243 1683 284 in
1715 243 1908 284 Francia
1939 241 2053 285 Con-

285 311 506 353 stanciam
537 311 777 364 ingressus
805 314 874 354 est
902 324 1153 365 secumque
1184 313 1309 354 venit
1338 312 1379 354 d.
1409 313 1654 366 episcopus
1685 348 1692 354 .
1729 347 1737 354 .
1773 314 1824 367 .⁸)

406 382 518 424 Item
552 381 716 424 eadem
753 382 826 424 die
863 381 1186 424 Constanciam
1221 383 1461 436 ingressus
1495 387 1565 426 est
1599 384 1640 426 d.
1677 383 2054 437 archiepiscopus

284 452 550 495 Januensis.

402 522 686 579 Principes'‘)
734 524 1012 576 populorum
1058 526 1321 578 congregati
1367 529 1472 567 sunt
1516 538 1616 567 cum
1664 525 1761 567 Deo
1804 525 2054 577 Abraham,

285 593 502 646 quoniam
527 594 588 636 dii
616 594 763 637 fortes
787 598 911 637 terre
938 595 1241 637 vehementer
1266 596 1435 638 elevati
1462 596 1622 650 sunt.¹)
1664 596 1758 638 Hoc
1782 595 2054 649 prophetico

284 677 425 707 versu
451 664 670 718 princeps
701 665 781 708 ille
811 678 862 708 ac
891 666 1047 719 regius
1076 667 1303 719 propheta
1334 666 1482 709 David
1510 666 1678 720 psalmi
1708 666 2053 720 quadragesimi

284 735 360 777 VI.
392 736 615 788 aplausus
646 736 693 777 in
724 748 895 789 sponse
928 736 1098 779 Christi
1130 737 1327 779 ecclesie
1360 740 1516 779 sancte
1548 737 1822 790 magnificos
1851 736 2054 779 honores

283 819 384 847 cum
410 818 520 848 voce
547 806 854 850 exultaci0nis
881 807 1120 849 iubilantis
1147 808 1474 860 compendiose
1502 809 1780 850 terminavit.
1818 807 2053 850 Orandum

283 881 366 931 est,
397 869 450 919 ut*
474 877 687 919 conventi
716 891 910 931 corpore
942 890 992 920 ac
1022 879 1210 932 plenius
1239 879 1547 921 conveniendi
1579 879 1716 921 corde
1748 878 1884 920 simul
1917 882 2054 932 atque

284 948 450 1000 spiritu
482 960 757 1001 agregemur
787 962 888 990 cum
920 949 1020 991 Deo
1047 949 1283 992 Abraham
1315 950 1494 1002 subque
1529 950 1655 992 illius
1684 949 1948 1003 principatu
1977 962 2055 1003 po-

282 1019 542 1062 tentissimo
574 1019 663 1072 ipsi
695 1032 780 1062 nos
812 1019 1014 1062 humiles
1047 1021 1218 1063 amori-s
1251 1021 1435 1062 vinculo
1466 1023 1706 1062 nectamur
1738 1023 1783 1062 et
1816 1020 2054 1074 sapienter

282 1089 577 1132 concinamus
608 1124 616 1131 .
653 1124 660 1131 .
697 1124 704 1132 .
750 1090 862 1132 Cum
893 1090 1105 1144 principe
1136 1094 1181 1132 et
1212 1091 1373 1144 regina
1402 1091 1588 1133 Hester:
1635 1090 1918 1133 fiducialiter
1948 1103 2054 1144 ape-

282 1160 397 1202 riam
433 1174 483 1202 os
519 1173 671 1202 meum
707 1161 754 1202 in
789 1160 1018 1203 oracione.
1066 1161 1254 1214 Tribue,
1291 1162 1417 1204 Deus
1452 1162 1601 1214 fortis,
1638 1174 1901 1204 sermonem
1937 1174 2054 1204 com-

283 1232 482 1284 positum
507 1233 553 1273 in
574 1244 655 1274 ore
678 1233 836 1286 meo,²)
861 1232 1071 1274 conforta
1094 1245 1165 1274 me
1189 1245 1273 1274 rex
1297 1236 1573 1285 sanctorum,
1599 1233 1724 1275 Deus
1743 1232 2053 1286 principatum

283 1305 462 1344 tenens.
506 1302 812 1345 Pollicebaris
843 1304 890 1345 in
920 1302 1165 1357 evangelio
1192 1306 1287 1345 tuo:
1331 1303 1378 1346 Si
1408 1303 1498 1345 duo
1528 1316 1587 1345 ex
1616 1302 1748 1346 vobis
1778 1303 1853 1345 vel
1882 1306 1978 1346 tres
2008 1303 2054 1344 in

284 1385 425 1415 unum
473 1374 755 1416 conveniunt
803 1386 946 1428 super
992 1377 1166 1416 terram
1215 1375 1261 1415 in
1308 1375 1495 1416 nomine
1545 1386 1662 1427 meo,
1710 1373 1766 1416 de
1815 1375 1940 1416 omni
1987 1386 2054 1427 re,

284 1457 606 1498 quamcunque
631 1444 867 1498 petierint,
892 1444 977 1487 fiet
1002 1444 1071 1488 eis
1097 1458 1123 1487 a
1147 1448 1281 1498 patre
1307 1446 1465 1499 meo.³)
1507 1445 1622 1488 Ecce
1648 1444 1774 1488 Deus
1799 1444 1936 1498 bone,
1961 1456 2053 1486 non

281 1516 371 1557 iam
400 1515 491 1558 duo
519 1517 594 1559 vel
623 1518 719 1559 tres
747 1518 817 1559 set
845 1515 920 1558 isti
946 1515 1185 1569 principes
1214 1528 1375 1559 omnes
1403 1516 1668 1569 congregati
1696 1518 1928 1558 venerunt
1953 1515 2053 1568 tibi,

282 1587 495 1629 invocant
523 1589 582 1639 te,
613 1587 852 1629 excelsum
881 1586 1141 1640 principem
1171 1585 1375 1629 omnium
1405 1587 1697 1640 populorum.
1741 1586 1796 1628 Et
1823 1589 1869 1628 te
1899 1585 2052 1638 simul,

281 1671 307 1699 o
338 1657 481 1700 Maria
508 1657 652 1711 virgo,
678 1670 704 1700 o
731 1658 952 1711 princeps
977 1658 1069 1700 vite
1098 1657 1413 1711 pudicissima,
1441 1657 1499 1699 de
1525 1657 1656 1700 cuius
1682 1656 1936 1711 splendore
1963 1656 2053 1711 spi-

281 1727 396 1771 ritus
423 1728 563 1770 etiam
592 1729 790 1771 celestes
821 1731 923 1771 actu
950 1728 1232 1782 principanti
1261 1731 1305 1770 et
1335 1728 1564 1770 ierachico
1592 1727 1954 1771 illuminacionis
1982 1740 2053 1769 re-

281 1799 564 1853 fulgenciam
601 1799 872 1852 suscipiunt,
910 1803 958 1842 ut
994 1799 1125 1852 Hugo
1162 1799 1220 1841 de
1258 1802 1415 1842 sancto
1450 1799 1634 1842 Victore
1671 1797 1968 1852 Parisiensis,
2005 1801 2053 1840 ut

280 1870 503 1913 Albertus
544 1869 837 1913 Coloniensis
878 1871 963 1913 sub
1003 1871 1084 1912 tali
1125 1870 1402 1913 deductione
1443 1869 1758 1923 manifestant,
1796 1869 1887 1912 vite
1926 1869 2052 1923 prin-

282 1941 430 1994 cipem
451 1944 494 1982 te
518 1954 641 1983 voco.
675 1941 747 1983 Sic
772 1941 1048 1993 Macharius,
1070 1941 1150 1982 ille
1173 1941 1356 1983 divinus
1379 1942 1650 1994 ariopagita,
1672 1941 1888 1994 primitus
1910 1945 1954 1983 te
1977 1952 2054 1993 ap-

280 2013 427 2065 pellat
455 2024 548 2055 non
581 2012 858 2065 apocryphis
892 2025 942 2054 ac
974 2013 1084 2055 tutis
1117 2012 1302 2065 scriptis
1333 2015 1378 2054 et
1408 2011 1668 2066 veracibus,
1700 2010 1917 2066 quoniam
1948 2023 2053 2065 pre-

282 2095 390 2125 sens
424 2082 702 2125 interfuerat
736 2083 781 2124 id
816 2083 1056 2125 Thimoteo
1090 2083 1301 2132 indicens
1335 2082 1578 2124 concilium
1612 2083 1849 2136 generale,
1881 2083 1960 2124 ubi
1995 2081 2052 2123 ad

281 2154 526 2196 transitum
552 2157 678 2196 tuum
703 2154 819 2196 mira
847 2154 930 2195 Dei
954 2153 1255 2207 providencia
1280 2154 1543 2207 congregati
1571 2156 1677 2196 sunt
1701 2154 1790 2207 ipsi
1814 2152 2051 2207 principes

281 2225 573 2278 populorum.
624 2224 950 2278 Convenimus,
987 2224 1148 2278 Inquit,
1186 2225 1450 2277 Dyonisius,
1488 2224 1545 2266 ad
1580 2223 1808 2266 visionem
1843 2224 2052 2278 corporis

283 2297 373 2338 vite
412 2295 651 2349 principis.
703 2296 833 2337 Hunc
871 2294 1169 2349 generavisti,
1209 2294 1376 2349 pudica
1416 2296 1560 2348 virgo,
1600 2294 1729 2337 cuius
1769 2307 1940 2348 sponse
1979 2294 2052 2336 hic

280 2367 405 2409 vices
436 2369 647 2420 aguntur.
691 2366 765 2409 Sic
796 2367 888 2408 alto
919 2365 1182 2420 principatu
1214 2366 1516 2408 vehementer
1548 2358 1817 2408 sublimaris
1848 2377 1950 2407 cum
1981 2377 2051 2416 eo,

281 2437 403 2490 quod
433 2440 580 2479 mater
609 2437 724 2490 eius,
757 2440 903 2479 mater
935 2437 1035 2490 Dei,
1065 2439 1212 2479 mater
1242 2437 1403 2489 nostri,
1434 2440 1581 2479 mater
1610 2435 1752 2489 orbis,
1783 2438 1930 2479 mater
1959 2447 2051 2479 om-

280 2508 407 2550 nium
429 2508 655 2550 bonorum
679 2507 865 2561 penitus
890 2507 935 2549 in
958 2508 1189 2550 exorabili
1212 2508 1427 2560 genitura
1451 2507 1728 2549 mirabiliter
1751 2506 2050 2559 existimaris,

280 2580 409 2633 virgo
435 2579 691 2621 benedicta.
732 2579 826 2621 Hoc
854 2579 992 2620 habet
1018 2579 1244 2632 principis
1271 2578 1532 2620 Salomonis
1560 2578 1730 2631 regalis
1756 2577 1962 2619 erudicio
1988 2579 2051 2618 tot

282 2651 545 2693 sentencias
588 2650 828 2704 preclaras
872 2650 968 2693 suis
1012 2649 1301 2692 edicionibus
1346 2648 1684 2692 studiosissime
1726 2648 2049 2702 congregantis

281 2734 381 2763 cum
414 2721 512 2764 Deo
543 2721 779 2763 Abraham
811 2733 912 2763 cum
944 2720 1111 2763 afflatu
1145 2720 1288 2763 sancti
1323 2719 1513 2773 spiritus
1545 2720 1592 2761 in
1626 2731 1756 2762 suam
1787 2718 2050 2781 considera—

283 2793 462 2835 cionem
497 2792 554 2834 de
591 2792 763 2836 Christi
799 2790 1049 2846 sapiencia,
1085 2791 1141 2833 de
1180 2790 1349 2833 Christi
1385 2792 1531 2832 matre
1566 2789 1748 2844 pudica,
1784 2790 1842 2832 de
1879 2788 2049 2832 Christi

388 2889 417 2914 a>
438 2885 538 2912 Nauae
562 2884 641 2917 fehlt
664 2885 700 2916 B,
723 2887 751 2912 (¹.
810 2884 841 2910 1η
864 2893 914 2909 aim
939 2885 1068 2910 Raude.-
1092 2882 1205 2910 Sermo
1234 2882 1341 2909 sactus
1370 2882 1400 2909 in
1429 2890 1529 2917 supra
1551 2882 1678 2916 scripta
1697 2881 1805 2916 prima
1825 2881 1974 2909 sessione
1994 2888 2052 2916 per

279 2933 473 2964 magistrum
496 2933 747 2967 procuratorem
778 2931 903 2958 ordinis
925 2930 1153 2958 ‹lluiniaceusis
1174 2929 1204 2957 in
1227 2930 1396 2964 presentia
1418 2929 1550 2957 Romani
1571 2929 1751 2964 pontilicis.
1779 2928 1998 2957 cardinalium
2019 2929 2052 2956 ct

280 2980 429 3007 aliorum.
468 2980 525 3006 Die
549 2980 633 3006 Rede
656 2978 736 3012 fehlt
758 2980 786 3003 (¹.

401 3029 431 3069 ¹)
460 3027 518 3062 Ps.
545 3028 600 3065 46,
630 3028 680 3062 10.
849 3030 880 3069 ²)
910 3028 983 3062 Est.
1012 3027 1064 3069 14,
1094 3026 1144 3061 13.
1292 3026 1323 3067 ³)
1352 3024 1470 3065 Malle,
1498 3026 1550 3066 18,
1579 3024 1630 3060 19.
