2102 3444
189 134 273 176 406
545 133 587 165 ll.
621 131 829 165 Absclinitt.
874 132 1078 164 Sermones
1109 131 1258 165 concilii
1290 130 1609 166 Constanciensis.

191 255 234 293 et
265 252 535 304 legistarum
566 249 792 291 theoriam
824 249 1026 302 populus
1056 261 1081 291 a
1113 261 1161 291 se
1195 248 1454 292 abdicando
1484 249 1724 303 regiminis
1753 253 1798 292 et
1829 249 1962 293 iuris-

192 322 412 364 diccionis
446 324 721 374 potestatem
760 321 907 373 ipsam
944 319 1208 361 omnimodo
1246 320 1291 361 in
1326 320 1655 373 imperatorem
1690 321 1960 374 pariterque

190 396 234 433 et
266 404 401 444 reges
432 404 514 434 sue
545 403 636 432 non
670 391 900 432 subiectos
930 390 1245 433 iurisdiccioni
1277 390 1433 433 divina
1464 394 1619 433 tamen
1651 391 1961 444 disposicione

192 463 487 505 transtulisse
531 462 697 504 dicitur
741 495 748 503 .
786 495 792 502 .
830 495 837 502 .
896 461 1061 503 Postea
1105 461 1397 515 extirpandis
1438 462 1695 514 erroribus,
1741 462 1963 505 sedandis

192 534 482 576 scismatibus
515 532 805 585 edendisque
840 532 1073 574 canonicis
1108 532 1412 575 sanxionibus
1444 533 1581 586 plura
1613 532 1805 575 fuerunt
1835 536 1963 576 tenta

191 604 382 646 concilia
421 603 676 656 generalia,
717 616 806 656 que
845 615 1070 645 enarrare
1109 604 1344 656 prolixum
1385 607 1430 645 et
1463 615 1693 656 ⁴perquam
1732 603 1960 647 tediosum

192 675 325 717 foret.
363 675 431 716 Ex
454 674 677 728 predictis
700 677 839 727 patet,
864 673 987 727 quod
1011 686 1177 727 magna
1199 677 1305 716 tunc
1329 677 1430 716 erat
1453 677 1498 716 et
1520 687 1614 716 non
1639 675 1790 717 minor
1808 674 1961 728 modo,

192 746 269 788 ubi
311 745 467 788 debite
508 748 578 788 est
618 748 930 797 convocatum,
973 745 1220 788 auctoritas
1262 745 1444 787 concilii
1485 745 1735 798 generalis.
1787 745 1963 799 Spiritu

192 816 314 858 onim
347 819 504 859 sancto
535 816 729 868 ducitur,
760 819 953 869 propter
986 816 1108 869 quod
1140 828 1301 858 errare
1333 829 1473 869 posse
1503 828 1597 858 non
1629 815 1833 859 creditur
1866 850 1874 858 .
1910 850 1918 858 .
1954 850 1962 857 .

194 888 347 929 Potest
377 886 501 928 enim
535 887 651 929 sicut
680 890 725 929 et
756 890 863 929 tunc
895 887 1024 940 leges
1056 889 1275 941 statuere,
1310 886 1451 929 dubia
1483 886 1700 929 decidere
1733 890 1779 929 et
1808 887 1964 930 termi-

191 970 318 1000 nare.
366 957 480 999 Inde
515 961 559 999 et
592 958 791 1010 quedam
826 958 946 1000 dicta
981 961 1087 1001 sunt
1116 958 1378 1011 plebiscita,
1414 960 1605 1000 senatus
1635 958 1859 1011 consulta,
1893 970 1964 1000 re-

193 1041 363 1081 sponsa
388 1028 671 1082 prudentum
699 1032 743 1071 et
768 1032 1007 1082 pretorum
1033 1029 1197 1071 edicta.
1238 1029 1382 1070 Immo
1408 1041 1544 1082 reges
1568 1032 1617 1071 et
1641 1028 1963 1083 imperatores,

192 1104 261 1142 set
282 1103 327 1142 et
347 1113 469 1154 papa
492 1100 538 1142 in
561 1099 734 1142 talibus
754 1100 1058 1153 generalibus
1080 1100 1287 1142 conciliis
1311 1113 1412 1142 cum
1436 1100 1600 1153 grandi
1622 1103 1669 1142 et
1690 1100 1962 1143 racionabili

191 1183 327 1214 causa
356 1170 712 1224 deponebantur
740 1206 748 1213 .
785 1209 791 1215 .
829 1206 836 1213 .

342 1242 507 1283 Audivi
551 1243 733 1295 aliquos
776 1255 966 1296 magnos
1009 1243 1132 1284 viros
1173 1247 1217 1284 et
1258 1243 1472 1284 fortassis
1516 1255 1606 1284 non
1650 1243 1801 1286 minus
1844 1243 1964 1284 bene

192 1314 398 1357 dicentes
447 1314 600 1366 quoad
646 1313 995 1355 ordinacionem
1043 1317 1089 1355 et
1136 1314 1478 1356 conclusion—em
1529 1312 1814 1367 agendorum
1863 1325 1965 1356 auc-

190 1386 421 1428 toritatem
454 1385 635 1427 concilii
669 1385 906 1437 maiorem,
940 1385 1024 1427 sed
1056 1385 1209 1438 quoad
1240 1385 1570 1427 execucionem
1602 1388 1650 1427 et
1681 1384 1965 1438 dispensaci-

192 1469 326 1515 onem
357 1455 724 1498 deliberatorum
752 1459 798 1498 et
825 1457 1148 1498 conclusorum
1176 1469 1311 1509 pape.
1354 1455 1547 1498 Concilii
1574 1456 1701 1498 enim
1727 1456 1966 1510 generalis

193 1526 491 1580 deliberacio,
526 1527 671 1569 eciam
707 1528 742 1569 si
780 1540 902 1580 papa
938 1528 1064 1570 solus
1101 1528 1173 1568 vel
1208 1540 1309 1569 cum
1343 1528 1504 1580 paucis
1540 1527 1685 1569 eciam
1718 1526 1966 1570 cardi-nali-

192 1598 279 1641 bus
307 1598 603 1651 contradicat,
633 1602 704 1640 est
734 1598 920 1640 omnino
950 1599 1155 1641 tenenda
1185 1602 1231 1641 et
1256 1611 1378 1652 pap-e
1409 1598 1635 1641 voluntati
1663 1597 1964 1652 preferenda.

192 1670 321 1711 Alias
359 1673 650 1723 sequeretur,
684 1670 899 1712 inutilem
934 1683 1041 1712 esse
1077 1670 1460 1712 convocacionem
1497 1669 1686 1712 concilii
1715 1669 1965 1723 generalis,

193 1753 293 1782 cum
328 1740 600 1793 simpliciter
634 1754 693 1782 ex
723 1754 848 1794 pape
883 1741 1102 1794 opinione
1138 1741 1441 1794 dependeret.
1490 1740 1777 1783 Firmissime
1813 1743 1966 1783 autem

193 1811 445 1853 tenendum
473 1815 555 1864 est,
583 1813 705 1864 quod
732 1812 885 1865 quoad
909 1812 1121 1854 raciones
1148 1812 1331 1854 heresis
1358 1816 1403 1854 et
1429 1812 1656 1854 scismatis
1682 1815 1727 1854 et
1752 1824 1840 1865 que
1867 1811 1966 1853 uni-

194 1883 424 1924 versalem
459 1886 625 1924 statum
658 1887 703 1925 et
735 1882 1123 1925 reformacionem
1157 1883 1354 1925 ecclesie
1388 1887 1685 1936 concernunt,
1718 1883 1866 1926 maior
1895 1885 1967 1925 est

195 1954 442 1995 auctoritas
467 1954 647 1995 concilii
676 1967 812 2006 quam
837 1967 973 2007 pape,
1000 1958 1044 1996 et
1066 1954 1263 2007 concilii,
1290 1967 1382 1996 non
1407 1967 1529 2007 pape
1557 1954 1893 1996 deliberacioni
1920 1953 1966 1996 in

195 2024 283 2065 hiis
318 2024 628 2066 obediendum
663 2029 734 2067 est
768 2059 775 2066 .
812 2060 819 2067 .
856 2060 863 2066 .
898 2025 1063 2067 Ymmo
1096 2025 1225 2066 multi
1261 2030 1478 2068 asserunt
1511 2026 1557 2066 in
1590 2025 1798 2067 conciliis
1829 2037 1967 2078 gene-

195 2095 371 2138 ralibus
406 2108 575 2149 papam
608 2109 713 2139 esse
750 2097 878 2138 sicud
913 2097 1183 2149 episcopum
1218 2097 1516 2149 particularis
1550 2096 1762 2139 ecclesie.
1809 2095 1965 2150 Aliqui

195 2169 347 2208 autem
379 2166 547 2219 dicunt,
579 2168 701 2220 quod
731 2171 903 2209 tantam
934 2168 1024 2208 vim
1055 2171 1100 2209 et
1130 2168 1447 2210 auctoritatem
1478 2168 1620 2210 habet
1648 2180 1737 2209 vox
1764 2179 1889 2221 pape
1919 2167 1966 2208 in

195 2237 388 2279 concilio
412 2238 637 2290 generali,
665 2238 780 2281 sicut
805 2239 1011 2292 episcopi
1037 2252 1128 2280 vox
1155 2239 1200 2280 in
1228 2239 1430 2291 capitulo
1458 2251 1539 2281 sue
1566 2238 1778 2291 ecclesie,
1803 2237 1883 2280 ubi
1907 2236 1965 2280 de

195 2309 400 2361 negociis
434 2308 594 2350 arduis
627 2309 823 2351 ecclesie
859 2310 1020 2362 agitur,
1055 2310 1177 2362 quod
1209 2309 1429 2351 effective
1463 2313 1534 2351 est
1568 2310 1614 2351 in
1649 2309 1771 2351 idem
1803 2308 1967 2351 reinci-

196 2379 322 2420 dere.
364 2379 412 2420 ln
435 2392 545 2421 casu
567 2383 720 2421 autem
742 2383 902 2422 nostro
925 2384 1075 2422 cessat
1098 2381 1223 2433 satis,
1246 2393 1304 2422 ne
1327 2381 1532 2422 dicerem
1556 2380 1758 2434 omnino,
1781 2378 1966 2434 prefata

197 2449 489 2503 disceptacio,
515 2463 615 2491 cum
640 2450 760 2493 adsit
782 2451 1022 2504 utriusque
1048 2452 1296 2494 auctoritas
1320 2456 1365 2493 et
1388 2451 1534 2494 virtus
1557 2455 1603 2493 et
1625 2450 1814 2493 favente
1838 2450 1967 2493 Chri-

197 2523 265 2563 sto
300 2520 449 2562 aderit
481 2521 736 2563 communis
772 2522 973 2563 intencio
1009 2526 1054 2564 et
1088 2535 1357 2565 consensus.
1408 2523 1462 2565 Et
1496 2522 1604 2564 licet
1637 2522 1846 2576 legamus
1879 2533 1966 2575 per

199 2592 525 2644 imperatorem
549 2595 594 2633 et
618 2592 735 2634 alias
761 2593 861 2634 sine
888 2593 1090 2635 cuiusvis
1114 2593 1384 2636 auctoritate
1409 2597 1456 2635 et
1480 2592 1698 2636 mandato
1718 2594 1966 2635 convocata

196 2663 387 2704 concilia
410 2664 666 2715 generalia,
690 2663 891 2705 arbitror
913 2667 1067 2706 tamen
1090 2664 1294 2706 veridice
1317 2664 1583 2706 huiusmodi
1605 2663 1842 2717 generalis
1863 2674 1967 2705 con-

196 2733 287 2774 cilii
317 2734 690 2776 convocationem
720 2734 777 2776 ad
806 2738 939 2787 caput
968 2735 1164 2776 ecclesie
1193 2735 1489 2787 universalis,
1517 2735 1594 2788 qui
1624 2737 1695 2776 est
1719 2747 1841 2788 papa
1869 2767 1876 2776 .
1913 2767 1921 2775 .
1957 2766 1965 2774 .

200 2805 250 2845 Et
278 2805 361 2845 hoc
393 2804 698 2847 indubitatum
729 2808 812 2855 est,
844 2805 918 2847 ubi
951 2810 1020 2848 est
1050 2818 1167 2847 unus
1199 2809 1440 2858 reputatus
1469 2806 1527 2848 ab
1554 2805 1754 2848 ecclesia
1782 2805 1966 2846 univer-

199 2876 283 2917 sali
308 2888 512 2917 summus
534 2876 759 2929 pontifex,
779 2877 927 2918 eciam
947 2877 986 2918 si
1009 2877 1065 2918 de
1088 2877 1189 2918 eius
1211 2877 1333 2919 facto
1351 2880 1397 2919 et
1414 2877 1610 2919 crimine
1628 2876 1863 2930 >agendum
1880 2877 1965 2917 est.

197 2946 266 2986 Ad
299 2959 433 2998 quarn
469 2947 849 2988 (·onvocacionem
886 2947 1090 2989 fiendam
1126 2947 1346 3000 legittime
1382 2947 1673 2999 ammonitus,
1706 2949 1755 2989 ut
1786 2946 1964 3000 opinor,

196 3019 240 3057 et
273 3028 357 3068 pro
392 3029 529 3059 causa
565 3017 851 3069 racionabili,
885 3021 996 3071 puto
1030 3018 1227 3071 heresis,
1262 3018 1504 3071 scismatis,
1538 3018 1613 3060 vel
1647 3017 1764 3060 alias
1799 3018 1964 3059 statum
