2102 3444
209 146 293 188 342
747 146 771 181 Ι.
798 146 1008 182 Abschnitt.
1047 145 1447 190 Konzilstagebiicher.

212 264 342 308 toriis
376 277 461 318 per
494 264 833 306 dominationes
868 267 1048 306 vestras
1082 264 1266 317 prefato
1300 265 1341 307 d.
1376 266 1473 319 regi
1508 270 1667 309 nostro
1700 266 1791 308 vita
1825 266 1982 309 functo

214 335 367 378 missis
396 338 442 377 et
470 335 693 377 dilatione
724 336 947 376 dictarum
978 336 1220 376 literarum
1250 340 1480 389 currente,
1509 337 1721 390 prefatus
1752 337 1793 379 d,
1824 340 1983 380 noster

215 418 297 446 rex
322 409 425 458 post
450 418 620 458 paucos
647 405 747 447 dies
772 406 892 447 viam
920 405 1019 458 fuit,
1044 406 1185 458 proch
1213 407 1359 459 dolor,
1385 407 1603 449 universe
1629 407 1783 450 carnis
1808 407 1984 461 ingres-

214 489 306 527 sus,
335 475 465 518 'cuius
496 476 562 517 rei
593 488 730 518 causa
760 476 973 528 prefatus
1004 476 1044 518 d.
1076 489 1159 518 rex
1190 481 1348 519 noster
1378 478 1643 531 modernus,
1673 478 1750 531 qui
1782 478 1828 519 in
1857 478 1982 520 obitu

215 546 318 588 dicti
343 547 486 588 sancti
511 547 657 599 patris
682 547 751 588 sui
778 546 1003 599 interfuit,
1026 547 1188 589 habuit
1210 548 1255 589 in
1280 548 1545 591 secessibus
1567 552 1612 590 et
1634 549 1748 602 loco,
1770 548 1850 590 ubi
1872 548 1985 591 obiit

215 629 457 658 remanere
493 620 537 658 et
567 629 735 669 corpus
766 616 990 670 genitoris
1023 618 1092 660 sui
1125 618 1252 660 ferre
1287 619 1344 661 ad
1377 621 1618 672 solempne
1652 620 1983 662 monasterium

213 687 600 740 monachorum¹),
634 687 712 729 ubi
746 700 940 741 corpora
974 701 1134 742 regam
1166 689 1429 743 humantur,
1463 693 1508 732 et
1541 690 1602 731 ibi
1638 689 1780 732 funus
1812 689 1983 744 prefati

210 757 356 810 patris
387 757 659 800 solemniter
687 757 860 812 facere,
890 763 1027 812 prout
1056 758 1166 802 fecit
1194 762 1239 802 et
1269 760 1462 803 decebat
1490 763 1663 802 tantam
1695 761 1982 803 maiestatem

212 832 257 870 et
285 839 467 883 vocare,
498 831 548 871 ut
577 829 769 882 vocavit,
803 830 861 872 ad
893 830 1035 872 funus
1067 834 1306 884 magnates
1337 834 1383 873 et
1414 832 1660 884 optimates
1692 832 1824 885 regni
1857 832 1984 874 iuxta

213 911 388 942 morem
426 898 632 954 regionis
670 900 823 943 dando
862 901 930 943 eis
967 901 1215 943 terminum
1255 905 1593 954 competentem
1630 901 1822 944 cuilibet
1858 902 1984 944 iuxta

216 970 480 1013 distantiam
504 971 591 1013 loci
617 972 701 1014 sui.
737 972 909 1014 Habuit
932 972 1070 1014 etiam
1094 972 1331 1015 celebrata
1355 974 1596 1026 sepultura
1619 973 1666 1014 in
1689 973 1809 1015 dicto
1832 985 1988 1015 mona-

216 1041 357 1083 sterio
397 1054 658 1095 remanere,
699 1043 844 1085 donec
884 1044 1209 1086 anniversaria
1248 1043 1425 1086 fuerint
1466 1044 1585 1086 facta
1625 1056 1708 1097 per
1748 1046 1988 1097 magnates

217 1113 346 1166 regni
380 1113 436 1154 de
466 1125 641 1166 genere
673 1113 802 1166 regio
833 1117 878 1155 et
910 1114 1027 1156 alios
1056 1118 1104 1157 et
1133 1114 1272 1157 etiam
1303 1127 1388 1168 per
1418 1114 1749 1157 universitates
1780 1114 1989 1169 insignes

216 1184 342 1226 iuxta
364 1197 539 1226 morem
561 1185 691 1237 regni
711 1222 718 1228 .
738 1219 745 1226 .
765 1218 772 1226 .
792 1185 986 1226 Demum
1008 1185 1156 1228 dictus
1179 1185 1220 1227 d.
1243 1198 1327 1227 rex
1342 1189 1502 1227 noster
1516 1185 1770 1228 modernus
1785 1197 1871 1227 nec
1886 1197 1990 1228 con-

217 1255 323 1297 silio
341 1267 427 1296 nec
449 1256 540 1297 alia
561 1258 682 1297 statu
699 1256 830 1308 regio
851 1256 1000 1298 adhuc
1021 1256 1246 1298 suffultus
1267 1256 1394 1298 venit
1412 1269 1501 1310 pro·
1517 1256 1814 1310 expedienda
1832 1256 1990 1299 huius-

215 1325 338 1367 modi
365 1329 525 1369 nostra
552 1326 783 1379 legatione
812 1327 870 1368 ad
897 1326 1127 1369 civitatem
1155 1327 1445 1369 Barchinone
1475 1327 1563 1370 sibi
1589 1327 1989 1381 propinquiorem,

218 1397 261 1437 in
288 1410 377 1450 qua
401 1397 672 1450 postpositis
697 1398 912 1440 omnibus
938 1397 1083 1451 ipsius
1108 1397 1149 1439 d.
1175 1398 1298 1451 regis
1321 1397 1535 1451 negotiis,
1560 1397 1667 1440 licet
1691 1410 1827 1451 quam
1852 1398 1988 1452 plura

215 1468 410 1520 grandia
434 1468 523 1510 sibi
550 1472 848 1510 occurrerent
873 1469 918 1510 in
944 1481 1062 1511 nova
1088 1468 1219 1522 regni
1245 1469 1508 1522 adoptione,
1533 1468 1710 1511 vacavit
1734 1469 1782 1510 in
1804 1468 1989 1523 negotio

218 1540 378 1581 matris
402 1552 483 1581 sue
511 1539 706 1581 ecclesie
734 1543 1026 1582 sacrosancte
1051 1539 1348 1593 universalis,
1374 1540 1431 1581 de
1457 1539 1625 1593 quibus
1649 1552 1772 1581 nunc
1797 1540 1990 1593 agimus,

218 1610 522 1663 exstirpando
547 1610 852 1664 turbationes,
880 1610 1109 1653 novitates
1137 1614 1182 1652 et
1208 1610 1554 1663 impedimenta,
1583 1623 1672 1664 que
1700 1612 1992 1653 emerserant

218 1693 302 1733 per
322 1684 368 1723 et
386 1684 490 1734 post
508 1685 702 1724 mortem
723 1681 869 1735 patris
892 1682 961 1724 sui
984 1685 1028 1724 et
1048 1695 1103 1724 ea
1123 1681 1466 1735 tollendo,sicut
1486 1685 1586 1724 erat
1606 1682 1924 1724 necessarium
1944 1684 1990 1723 et

218 1752 331 1794 utile
363 1753 530 1794 tollere
563 1756 608 1794 et
639 1753 902 1806 exstirpare
937 1756 981 1795 et
1011 1753 1102 1794 hiis
1136 1752 1405 1806 exstirpatis
1438 1752 1629 1795 realiter
1660 1765 1746 1796 nos
1778 1751 1902 1795 misit
1933 1752 1990 1795 ad

220 1826 399 1865 vestras
424 1823 762 1866 dominationes
787 1824 1104 1877 preexcelsas,
1128 1827 1175 1865 ut
1200 1823 1353 1866 omnia
1379 1824 1465 1865 ista
1490 1827 1535 1865 et
1559 1825 1695 1876 plura
1721 1824 1813 1866 alia
1838 1824 1921 1866 scit
1943 1823 1990 1865 in

220 1894 412 1935 veritate
441 1894 696 1936 consistere
726 1896 942 1948 egregius
971 1899 1015 1937 et
1044 1894 1311 1947 spectabilis
1341 1895 1633 1936 decretorum
1662 1895 1820 1936 doctor
1848 1894 1889 1936 d.
1918 1894 1992 1937 Jo-

220 1965 399 2007 hannes
426 1965 482 2006 de
510 1965 676 2018 Opizis,
705 1966 887 2023 auditor
915 1967 1033 2008 sacri
1061 1966 1238 2019 palatii,
1266 1966 1446 2018 legatus
1474 1968 1642 2018 vester,
1669 1965 1746 2018 qui
1776 1965 1821 2006 in
1848 1965 1992 2007 omni-

222 2036 305 2077 bus
332 2048 530 2088 presens
557 2036 643 2078 fuit
669 2040 713 2078 et
740 2037 930 2078 realiter
957 2037 1081 2078 vidit.
1123 2037 1177 2078 Et
1203 2039 1488 2088 attestamur,
1515 2036 1639 2089 quod
1663 2049 1766 2078 cum
1791 2036 1991 2078 maxima

220 2106 460 2160 diligentia
489 2110 547 2159 et,
577 2110 796 2159 quantum
825 2121 911 2161 per
940 2111 1151 2149 naturam
1183 2108 1271 2150 sibi
1301 2107 1389 2149 fuit
1416 2107 1657 2160 possibile,
1686 2107 1917 2149 laboravit
1945 2107 1991 2148 in

223 2177 476 2220 directione
516 2180 672 2219 nostre
713 2178 956 2231 legationis
996 2182 1041 2220 et
1079 2178 1319 2231 adventus,
1361 2178 1417 2220 de
1457 2191 1547 2231 quo
1587 2177 1672 2219 Dei
1711 2177 1909 2220 ecclesia
1948 2165 1996 2219 et

221 2251 374 2290 vestre
412 2248 751 2291 dominationes
788 2249 876 2290 sibi
914 2253 1157 2292 remanent
1195 2262 1332 2302 quam
1367 2250 1620 2302 plurimum
1658 2248 1873 2302 obligate.
1923 2248 1992 2290 Ex

221 2319 465 2371 premissis
493 2318 630 2372 igitur
656 2322 796 2373 patet,
824 2320 959 2373 quod,
989 2321 1024 2363 si
1055 2320 1141 2363 fuit
1168 2319 1361 2363 tarditas
1388 2320 1434 2361 in
1461 2323 1685 2373 tempore,
1712 2331 1805 2361 non
1832 2318 1919 2361 fuit
1945 2319 1991 2360 in

224 2393 375 2432 mente
402 2390 691 2432 serenissimi
718 2391 842 2443 regis
868 2392 1028 2443 nostri,
1055 2391 1137 2432 sed
1163 2392 1317 2444 potius
1343 2403 1509 2444 magna
1534 2390 1726 2432 directio
1752 2393 1797 2432 et
1821 2390 1994 2432 accele-

223 2461 338 2503 ratio
373 2461 557 2513 negotii.
604 2459 796 2503 Ratione
832 2461 954 2502 enim
990 2463 1191 2503 naturali
1227 2465 1272 2503 et
1305 2462 1509 2503 humana
1544 2464 1588 2503 et
1622 2462 1725 2514 lege
1759 2460 1991 2514 imperiali

223 2532 394 2585 scripta
421 2532 562 2574 funus
590 2531 800 2574 ferentes
829 2544 910 2573 seu
940 2531 1161 2574 ducentes
1191 2534 1264 2574 vel
1294 2533 1427 2575 busta
1456 2535 1636 2574 mortuo
1663 2531 1890 2574 facientes
1917 2531 1991 2573 vel

222 2602 421 2645 cadaver
443 2605 784 2656 prosequentes
808 2616 899 2644 non
925 2602 1097 2645 debent
1119 2603 1288 2655 vocari,
1313 2606 1359 2645 et
1381 2604 1417 2646 si
1443 2603 1590 2645 vocati
1614 2602 1804 2656 fuerint,
1829 2603 1992 2645 saltem

224 2674 267 2714 in
296 2673 472 2715 effectu
496 2686 589 2715 non
614 2677 847 2715 tenentur.
891 2674 1001 2715 Item
1029 2687 1164 2717 casus
1188 2674 1407 2716 fortuitus
1433 2677 1477 2715 et
1503 2673 1772 2726 difficultas,
1797 2673 1876 2726 qui
1899 2684 1992 2714 non

223 2745 525 2797 emergebant
554 2747 763 2798 tempore
795 2748 1055 2787 contractus
1086 2757 1169 2786 nec
1201 2748 1518 2797 provenerunt
1549 2757 1607 2786 ex
1637 2743 1774 2798 culpa
1803 2743 1992 2798 obligati

226 2815 399 2857 faciunt
422 2828 526 2857 eum
552 2828 645 2858 non
670 2828 775 2858 esse
801 2815 846 2857 in
872 2828 1014 2857 mora.
1050 2816 1146 2867 Qua
1172 2828 1221 2857 re
1246 2814 1586 2858 dominationes
1610 2817 1765 2857 vestre
1790 2813 1993 2856 animad-

225 2889 405 2928 vertant
440 2890 484 2928 et
518 2886 814 2929 considerent
850 2886 1019 2928 factum
1055 2889 1101 2928 et
1136 2886 1362 2928 rationem
1398 2889 1443 2928 et
1477 2886 1736 2928 clarissime
1770 2884 1994 2927 videbunt

226 2956 394 2998 dictum
421 2957 462 2998 d.
490 2960 697 2999 nostrum
724 2970 880 3010 regem
908 2970 999 2999 non
1026 2969 1258 3000 morosum
1286 2957 1367 3000 sed
1395 2956 1802 3011 diligentissimum
1829 2958 1874 2998 et
1899 2955 1994 2997 lau-

345 3029 391 3092 1)⁷*
403 3029 547 3086 Poma
