2102 3444
251 107 308 150 66
772 107 798 142 1.
839 107 1050 143 Abschnitt.
1103 108 1504 154 Konzilstagebiicher.

253 225 440 280 triginta
478 239 562 268 sex
599 227 783 269 nobiles
821 228 878 269 de
916 227 1104 270 Boemia
1141 231 1187 270 et
1225 228 1445 283 Moravia,
1484 243 1679 284 quorum
1716 231 1879 284 plures
1916 233 2023 273 sunt

253 297 407 351 magni
434 298 639 350 comites,
664 298 882 351 barones,
910 298 1081 341 milites
1108 302 1152 341 et
1179 300 1377 353 nobiles,
1405 301 1483 354 qui
1510 301 1600 344 iam
1628 301 1752 343 citati
1778 305 1912 343 erant
1938 314 2023 355 per

253 368 453 410 edictum
482 381 583 410 cum
614 371 841 421 potestate
871 369 1156 422 procedendi
1186 374 1318 413 conta
1348 384 1429 414 eos
1458 373 1603 414 eciam
1634 385 1720 425 per
1750 371 1949 414 edictum
1978 375 2024 415 et

255 438 545 481 audienciam
580 438 982 483 contradictarum.

376 522 490 564 Item
526 522 752 565 commisit
788 523 933 565 sancti
969 523 1110 566 Marci
1146 527 1191 566 et
1228 524 1499 568 Florentino
1535 525 1852 568 cardinalibus
1888 529 2026 579 atque

256 595 354 635 octo
391 593 496 635 aliis
532 593 590 635 de
631 593 725 635 IIII
758 595 1035 637 nacionibus
1072 595 1407 648 exequcionem
1444 599 1602 638 contra
1639 596 1803 638 ducem
1838 596 2026 639 Austrie

258 663 557 706 Fredericum
590 664 649 707 ad
680 665 954 708 instanciam
987 667 1195 720 episcopi
1227 666 1500 721 Tridentini,
1532 670 1579 709 ut
1610 670 1957 721 cognoscerent,
1989 666 2029 709 si

256 735 551 778 monitorium
577 736 698 778 bene
724 736 866 779 fuerit
891 738 1193 791 exceptum,³)
1221 738 1519 791 procedendo
1544 738 1689 781 eciam
1713 751 1800 792 per
1825 738 2025 780 edictum

255 809 299 848 et
330 805 621 849 audienciam
652 807 1040 850 contradictarum
1072 809 1131 850 ad
1162 808 1322 862 finem,
1354 809 1477 862 quod
1506 809 1752 851 concilium
1782 809 2027 863 pronunci-

257 880 356 919 aret
379 877 543 920 ducem
567 878 614 919 in
637 871 785 932 penas
809 879 1041 921 monitorii
1068 879 1303 922 incidisse.

376 960 558 1003 Deinde
584 961 660 1003 die
687 961 869 1004 sabbati
897 961 1056 1015 quinta
1082 962 1370 1016 Septembris
1398 963 1505 1005 dicti
1533 963 1878 1006 ambaxiatores
1904 962 2029 1016 regis

258 1032 539 1085 Aragonum,
573 1032 793 1075 videlicet
827 1045 981 1076 comes
1018 1033 1246 1086 Cardone,
1281 1047 1402 1076 unus
1438 1034 1572 1077 miles
1607 1037 1653 1076 et
1686 1037 1783 1076 tres
1817 1033 2030 1076 doctores

257 1116 359 1145 cum
381 1103 593 1156 generali
617 1103 796 1146 ordinis
818 1104 954 1146 beate
983 1105 1126 1147 Marie
1151 1105 1207 1146 de
1236 1105 1464 1158 Mercede,
1487 1106 1580 1158 qui,
1603 1108 1652 1147 ut
1674 1104 1904 1158 scribitur,
1926 1117 2030 1158 pre-

257 1178 452 1217 venerat
479 1187 565 1228 pro
596 1174 717 1217 dicto
747 1188 857 1229 rege
890 1179 935 1218 et
966 1175 1057 1217 iam
1088 1176 1167 1218 diu
1199 1179 1390 1218 steterat
1421 1176 1469 1217 in
1500 1175 1707 1229 concilio,
1739 1177 2031 1218 intraverunt

257 1248 302 1287 et
331 1245 523 1288 fuerunt
553 1246 746 1287 multum
776 1246 1037 1288 honorifice
1067 1247 1243 1300 recepti
1274 1250 1367 1289 tam
1398 1246 1629 1289 obviando
1659 1247 1729 1288 eis
1760 1249 1895 1289 extra
1924 1245 2031 1288 civi-

258 1319 398 1359 tatem
448 1329 550 1359 cum
600 1317 897 1360 multitudine
947 1318 1234 1371 prelatorum
1283 1321 1330 1360 et
1380 1317 1617 1360 doctorum
1669 1321 1714 1359 et
1765 1318 1872 1360 aliis
1924 1318 2031 1359 illos

258 1386 490 1431 sociando.

379 1459 463 1502 Die
494 1459 724 1502 dominica
756 1459 971 1513 sequenti
1002 1459 1294 1502 intraverunt
1324 1460 1463 1513 legati
1496 1460 1538 1501 d.
1571 1459 1731 1502 Jacobi
1763 1459 1942 1501 comitis
1973 1458 2031 1501 de

265 1530 466 1573 Marchia
491 1530 687 1573 dicentis
714 1543 764 1574 se
790 1543 949 1584 regem
975 1530 1196 1584 Ungarie,
1221 1531 1487 1573 Jerusalem
1512 1533 1556 1572 et
1581 1530 1737 1573 Sicilie
1763 1530 1822 1572 ad
1845 1541 2031 1572 causam

261 1601 448 1643 domine
478 1601 707 1655 Johanne,
737 1602 898 1644 uxoris
929 1615 1012 1644 sue
1042 1605 1088 1644 et
1118 1602 1330 1645 eiusdem
1362 1601 1547 1644 domine
1579 1601 1793 1643 tIohanne
1824 1601 1903 1654 qui
1933 1612 2034 1653 reg-

259 1684 370 1714 num
400 1671 554 1714 Sicilie
584 1672 902 1726 possidebant,
931 1676 977 1715 et
1007 1672 1198 1715 fuerunt
1227 1672 1295 1715 eis
1325 1673 1457 1714 multi
1487 1672 1544 1714 de
1575 1672 1700 1714 omni
1729 1672 1925 1714 nacione
1955 1670 2033 1714 ob—

262 1743 383 1785 viam
417 1745 462 1785 et
494 1743 690 1785 honeste
723 1744 899 1796 recepti
932 1756 1024 1785 non
1059 1743 1286 1797 obstante,
1321 1743 1444 1796 quod
1476 1756 1562 1797 per
1595 1742 1840 1785 ecclesiam
1874 1742 2033 1784 nullus

263 1826 424 1855 eorum
449 1813 609 1856 Jacobi
634 1817 678 1855 et
703 1813 917 1856 Johanne
943 1814 1086 1856 fuerit
1110 1827 1197 1868 pro
1221 1814 1420 1856 ecclesia
1445 1814 1520 1855 vel
1546 1813 1647 1856 eius
1673 1814 1944 1856 auctoritate
1968 1812 2035 1854 in-

263 1885 458 1928 vestitus
480 1884 537 1926 de
562 1896 721 1938 regno,
744 1897 837 1926 non
859 1885 1071 1927 obstante
1095 1884 1240 1927 eciam
1266 1886 1382 1938 iure,
1405 1884 1528 1938 quod
1550 1885 1691 1926 habet
1714 1884 1761 1926 in
1785 1884 1867 1926 illo
1889 1896 2035 1937 regno

263 1944 347 1996 rex
377 1955 637 1997 Ludovicus
667 1955 761 1997 dux
789 1955 1059 2009 Andegavie
1087 1968 1173 2008 per
1202 1968 1371 2009 papam
1400 1955 1658 1997 investitus.

380 2025 562 2068 Deinde
596 2025 670 2067 die
705 2025 821 2068 iovis
854 2026 1033 2068 decima
1066 2025 1355 2078 Septembris
1389 2026 1604 2079 sequenti
1638 2025 1758 2068 sedit
1790 2024 2033 2067 concilium

264 2097 365 2138 sine
398 2097 692 2139 solemnitate
723 2109 808 2150 pro
840 2096 1005 2149 legatis
1037 2097 1161 2149 regis
1192 2095 1516 2151 Aragonum.¹·)
1562 2097 1618 2138 Et
1647 2096 1735 2138 fuit
1764 2108 1912 2149 prope
1944 2108 2036 2138 am-

264 2168 432 2210 bonem
470 2167 592 2210 facta
629 2167 767 2210 sedes
804 2168 851 2209 in
888 2167 1045 2220 equali
1083 2167 1326 2209 altitudine
1365 2167 1423 2209 ad
1460 2167 1720 2219 ambonem,
1757 2166 1881 2220 quod
1917 2167 2035 2208 alias

263 2239 439 2281 nullius
463 2251 625 2292 regum
650 2238 815 2292 legatis
840 2238 1011 2280 factum
1035 2238 1135 2280 fuit.
1176 2238 1228 2279 In
1255 2238 1367 2280 sede
1391 2240 1555 2280 ornata
1580 2237 1804 2279 sederunt
1828 2237 2034 2290 quinque

266 2310 624 2363 ambaxiatores,
661 2309 708 2351 in
747 2309 944 2352 ambone
983 2312 1136 2351 autem
1176 2312 1338 2351 ornato
1377 2308 1501 2351 stetit
1539 2309 1657 2350 alter
1695 2309 1953 2361 legatorum
1992 2307 2034 2350 d.

269 2381 320 2422 ln
347 2380 445 2423 Deo
471 2392 684 2433 sperans,
710 2380 868 2422 doctor
894 2380 1136 2432 utriusque
1164 2380 1294 2432 iuris,
1321 2379 1562 2432 proposuit
1590 2379 1877 2432 legacionem
1903 2379 2036 2432 prius

265 2451 433 2494 litteris
456 2451 580 2504 regis
603 2451 869 2504 Aragonum
893 2450 1174 2504 presentatis
1197 2450 1392 2492 concilio
1415 2449 1707 2492 credenciam
1730 2449 2035 2492 continentes.

265 2523 374 2565 Post
416 2534 611 2575 quarum
658 2523 880 2563 lecturam
926 2522 1168 2574 proposuit
1213 2520 1336 2563 idem
1382 2520 1539 2563 doctor
1585 2523 1767 2574 sumpto
1811 2520 2032 2562 themate:

265 2593 417 2646 ‚Facta
446 2596 516 2635 est
545 2605 710 2634 manus
739 2591 914 2634 domini
943 2591 990 2633 in
1025 2591 1166 2634 Iudea
1196 2595 1241 2633 et
1272 2591 1400 2633 dedit
1430 2592 1500 2634 eis
1528 2604 1606 2633 cor
1636 2590 1851 2645 unum‘l),
1881 2593 1927 2632 et
1957 2602 2034 2632 ex-

265 2664 441 2706 cusavit
473 2663 749 2705 dilacionem
781 2663 839 2705 de
871 2662 1118 2705 veniendo.
1162 2663 1376 2704 Narravit
1406 2665 1536 2715 gesta
1567 2674 1653 2715 per
1684 2674 1822 2715 reges
1852 2661 1959 2704 illos
1990 2663 2036 2702 et

264 2738 454 2778 conatus
489 2734 707 2788 plurium,
741 2735 819 2787 qui
854 2734 945 2776 nisi
979 2733 1181 2786 fuerant,
1216 2745 1375 2787 regem
1409 2746 1434 2775 a
1468 2732 1708 2786 proposito
1741 2735 1954 2774 avertere
1989 2734 2034 2773 et

265 2806 423 2848 facere
449 2806 497 2847 P.
523 2805 580 2847 de
607 2805 736 2847 Luna
761 2805 1083 2847 obedienciam
1109 2804 1288 2846 restitui
1314 2807 1359 2846 et
1383 2804 1573 2845 firmum
1597 2803 1887 2857 propositum
1910 2802 2034 2855 regis

370 2934 400 2966 a)
426 2933 497 2960 Tecct
512 2933 539 2960 si
555 2949 580 2961 .-
599 2955 604 2960 .
629 2934 804 2967 exceptum
829 2933 862 2960 R.
880 2934 910 2965 (¹,
927 2932 956 2958 Ι)
978 2931 1134 2959 unsieher.
1187 2931 1219 2960 b)
1240 2937 1300 2965 pro
1321 2950 1328 2957 .
1364 2931 1571 2965 ‚Aragonum
1592 2929 1673 2963 fehlt
1687 2930 1734 2965 B,·
1759 2929 2040 2964 Onachyetrayen.

385 2992 417 3036 ¹)
447 2991 496 3027 II.
522 2991 605 3027 Par.
632 2993 688 3035 30,
718 2992 769 3027 12.
