2227 3434
812 163 904 198 1417
927 162 1099 197 Februar
1119 164 1175 197 28.
1792 162 1875 204 491

232 283 337 336 lpse
376 282 539 324 sathan
577 282 855 335 quandoque
893 281 1127 333 pretendit
1165 281 1376 322 dextram
1414 280 1600 333 pietatis
1640 314 1647 321 .
1684 313 1691 320 .
1728 313 1735 320 .
1786 280 1878 320 Hac

112 357 210 395 arte
239 356 393 395 utetur
424 353 587 395 sathan
617 356 825 405 tempore
858 351 1129 393 antichristi.
1177 351 1226 392 In
1257 350 1455 403 quodam
1486 363 1655 403 nempe
1686 353 1878 391 tractatu

113 424 170 465 de
210 423 356 476 ipsius
396 424 597 465 adventu
638 422 824 464 memini
867 435 938 464 me
980 422 1164 474 legisse,
1205 422 1327 474 quod
1367 422 1623 463 antichristi
1663 420 1876 473 discipuli

34 504 46 513 “
113 494 390 546 quandoque
419 506 510 536 non
540 494 766 546 recipient
793 493 1077 534 elemosinas
1107 527 1114 534 .
1151 526 1158 533 .
1196 526 1203 533 .
1234 495 1280 534 ut
1305 493 1389 534 hac
1419 495 1516 534 arte
1546 491 1695 545 primo
1722 495 1880 533 contra

114 564 432 607 Mendicantes
455 599 463 607 .
500 599 508 606 .
544 602 550 608 .
578 564 747 606 deinde
772 566 930 606 contra
955 564 1072 605 alios
1097 563 1383 604 reddituatos
1407 562 1746 604 ecclesiasticos
1771 565 1880 603 tam-

113 647 250 688 quam
276 635 397 677 bona
425 648 684 688 pauperum
713 634 976 676 detinentes
1003 635 1225 686 populum
1253 635 1440 675 valeant
1465 645 1754 675 commovere
1784 666 1791 674 .
1828 666 1835 673 .
1873 665 1879 672 .

112 705 230 758 Quid
261 705 454 747 heretici
487 705 768 757 Wicleviste,
802 704 911 757 quid
945 704 1184 746 Johannes
1218 704 1341 746 Huss
1374 708 1419 746 et
1451 704 1732 755 Jeronimus,
1767 715 1881 755 quos

112 776 185 818 hic
214 789 367 830 nuper
396 779 630 829 tamquam
662 775 987 818 heresiarchas
1019 775 1138 817 edax
1172 775 1363 816 flamma
1394 775 1692 827 consumpsit,
1724 776 1883 815 contra

115 847 305 890 ordines
344 880 353 889 .
389 881 397 889 .
433 881 441 888 .
480 850 525 888 et
562 846 849 889 reddituatos
888 846 1226 887 ecclesiasticos
1266 846 1352 887 sub
1390 848 1606 898 pretextu
1645 844 1882 886 cuiusdam

114 918 450 970 compassionis
482 917 540 960 ad
569 929 804 970 pauperes
834 920 879 958 et
910 916 1237 958 detestacionis
1268 915 1467 958 avaricie
1500 915 1731 965 dixerunt,
1762 915 1883 955 bene

115 987 252 1031 scitis.
294 988 411 1040 Quid
442 989 479 1030 si
511 976 736 1040 expresse
767 987 995 1030 dixissent
1025 987 1443 1028 ecclesiasticorum
1476 986 1652 1028 reditus
1684 987 1728 1027 in
1760 985 1885 1027 favo-

115 1071 214 1101 rem
239 1058 550 1112 hospitalium,
578 1058 943 1112 leprosariorum
971 1063 1015 1100 et
1043 1058 1239 1100 aliorum
1266 1070 1525 1110 pauperum
1553 1057 1726 1098 debere
1755 1056 1885 1097 dimi-

115 1130 209 1181 nui,
255 1129 408 1182 credo,
455 1130 577 1182 quod
622 1142 715 1172 non
763 1130 820 1171 ad
865 1130 1085 1182 pietatem
1131 1129 1205 1170 vel
1253 1128 1641 1170 reformacionem
1689 1126 1884 1168 ecclesie

116 1203 328 1253 reputata
358 1200 527 1242 fuisset
558 1199 663 1243 talis
694 1200 911 1242 assercio.
956 1200 1075 1251 Quid
1105 1212 1217 1252 ergo
1248 1199 1452 1240 dicemus
1486 1199 1543 1240 ad
1576 1198 1703 1240 illam
1736 1210 1885 1239 asser-

113 1271 291 1313 cionem
323 1270 650 1324 supradictam,
680 1284 769 1324 que
800 1271 907 1312 dicit
935 1274 1152 1324 pretextu
1182 1270 1528 1311 reformationis
1557 1269 1753 1311 eccles-ie
1781 1281 1886 1321 pre-

115 1342 235 1386 fatos
257 1341 446 1384 ordines
470 1341 830 1384 Mendicantium
853 1341 1060 1393 diminui,
1083 1342 1190 1394 quia
1212 1341 1486 1394 leprosariis
1508 1339 1885 1393 ethospitalibus

116 1416 160 1455 et
196 1412 301 1455 aliis
337 1412 624 1466 pauperibus
663 1416 769 1454 sunt
805 1413 998 1454 nociva‘?
1050 1413 1210 1454 Nonne
1249 1411 1381 1453 vobis
1418 1411 1614 1463 videtur,
1653 1410 1775 1463 quod
1812 1410 1884 1451 hic

116 1483 280 1527 sathan
321 1484 407 1526 sub
444 1483 630 1537 pietatis
669 1484 824 1536 specie
865 1483 1187 1525 credulitatem
1226 1482 1434 1524 intendat
1475 1516 1483 1523 .
1520 1516 1527 1523 .
1564 1516 1571 1523 .
1611 1481 1721 1533 Quis
1759 1481 1884 1522 enim

116 1555 297 1607 ignorat
323 1553 468 1597 dictos
495 1553 741 1608 religiosos
767 1555 825 1597 ad
853 1566 997 1607 opera
1022 1554 1210 1607 pietatis
1237 1558 1282 1596 et
1309 1553 1629 1594 misericordie
1657 1555 1702 1594 et
1731 1552 1789 1594 ad
1815 1563 1885 1603 ea,

116 1638 204 1678 que
242 1625 325 1667 Dei
362 1626 532 1668 cultum
569 1629 614 1667 et
649 1638 908 1678 pauperum
944 1625 1197 1678 respiciunt
1231 1625 1538 1677 patrocinium
1576 1623 1671 1665 suis
1709 1624 1754 1664 in
1790 1635 1886 1665 ser-

114 1695 342 1749 monibus,
371 1694 590 1739 doctrinis
617 1700 661 1738 et
688 1696 895 1739 consiliis
921 1697 1144 1749 populum
1172 1695 1396 1747 crebrius,
1424 1694 1668 1737 efficacius
1695 1697 1740 1736 et
1766 1694 1885 1735 fruc-

112 1766 290 1810 tuosius
320 1767 548 1809 invitare‘?
595 1768 855 1820 Antequam
886 1767 1051 1809 beatus
1083 1770 1215 1819 pater
1246 1769 1405 1808 noster
1436 1765 1702 1807 Dominicus
1733 1764 1885 1818 predi-

116 1840 254 1891 caret,
281 1837 480 1881 Tholose
506 1841 570 1881 tot
595 1841 730 1880 erant
754 1838 964 1890 hereses,
990 1841 1054 1879 tot
1080 1850 1282 1889 errores,
1310 1836 1499 1878 devocio
1525 1837 1684 1890 populi
1713 1835 1770 1877 ad
1799 1835 1886 1876 sol-

115 1909 291 1952 vendas
316 1909 514 1951 ecclesie
541 1909 743 1951 decim-as
758 1910 913 1951 taliter
929 1908 1189 1962 frigefacta,
1205 1908 1327 1962 quod
1343 1920 1504 1950 omnes
1519 1907 1723 1949 decimas
1740 1906 1886 1960 ipsius

115 1980 365 2022 'l'holosani
387 1985 432 2023 et
452 1980 522 2023 sui
542 1980 730 2033 capituli
754 1980 892 2022 archa
914 1980 1051 2022 unica
1069 1979 1295 2032 capiebat,
1317 1982 1477 2020 etcum
1493 1978 1788 2031 episcopatus
1804 1977 1883 2019 ille

115 2053 221 2092 tunc
244 2054 399 2093 tantus
423 2054 536 2103 erat,
561 2051 684 2104 quod
708 2064 829 2104 papa
853 2051 1093 2093 <Iohannes
1116 2049 1171 2092 22
1196 2053 1374 2103 septem
1398 2050 1695 2102 episcopatus
1721 2048 1778 2090 de
1805 2048 1885 2090 illo

115 2121 385 2174 episcopatu
433 2121 634 2164 extraxit
681 2125 725 2163 et
774 2121 933 2163 sedem
983 2121 1296 2163 Tholosanum
1346 2121 1391 2162 in
1440 2119 1885 2173 archiepiscopalem

115 2193 280 2246 erexit,
303 2193 429 2234 venit
452 2193 616 2235 beatus
641 2192 906 2234 Dominicus
930 2196 975 2234 et
1000 2192 1170 2234 ibidem
1196 2192 1466 2245 predicavit,
1491 2191 1701 2233 ordinem
1728 2189 1885 2231 Predi-

116 2266 316 2306 catorem
346 2262 572 2305 fundavit.
616 2263 715 2305 Tali
746 2263 881 2305 modo
910 2276 995 2317 per
1025 2263 1126 2305 eius
1157 2266 1202 2304 et
1232 2263 1428 2304 fratrum
1461 2275 1647 2304 suorum
1678 2261 1886 2314 predica-

117 2333 274 2376 cione-s
297 2346 550 2377 conversus
573 2337 644 2377 est
666 2335 868 2387 populus
892 2338 937 2377 et
961 2334 1154 2375 hereses
1179 2334 1424 2386 extirpate,
1450 2333 1572 2385 quod
1598 2332 1720 2374 infra
1746 2332 1886 2373 modi-

117 2417 218 2447 cum
258 2408 440 2459 tempus
480 2405 774 2459 episcopatus
812 2405 956 2447 valuit
992 2408 1174 2447 centum
1215 2404 1341 2446 milia
1383 2405 1678 2445 Francorum.
1731 2403 1789 2444 Ut
1828 2402 1883 2444 ad

117 2476 366 2529 hospitalia
407 2476 660 2529 domosque
702 2477 992 2529 leprosorum
1034 2475 1328 2527 descendam,
1369 2478 1539 2516 norunt
1580 2474 1767 2526 domini,
1809 2473 1884 2526 qui

118 2549 224 2588 sunt
251 2546 324 2588 hic
354 2546 412 2588 de
441 2547 562 2589 alma
592 2547 895 2588 universitate
926 2547 1187 2588 Tholosana
1220 2549 1364 2587 matre
1395 2558 1511 2597 mea,
1542 2545 1742 2597 qualiter
1772 2544 1887 2584 Tho-

119 2617 217 2659 lose
244 2617 385 2659 certis
415 2617 460 2659 in
491 2630 614 2660 anno
643 2618 809 2660 diebus
840 2617 1157 2670 predicatores
1186 2617 1320 2658 electi
1351 2617 1407 2658 de
1440 2615 1682 2658 ordinibus
1717 2614 1887 2655 Mendi-

118 2688 324 2729 cancium
360 2692 404 2730 et
436 2688 745 2741 hospitalibus
778 2691 824 2730 et
859 2688 1131 2741 leprosariis
1167 2687 1409 2740 predicant
1441 2687 1596 2728 taliter
1632 2685 1781 2738 quoad
1818 2686 1886 2726 eis

120 2757 508 2802 benefaciendum
535 2758 681 2801 induti
710 2792 717 2800 .
754 2792 762 2800 .
798 2792 806 2800 .

239 2863 247 2871 .
283 2863 291 2871 .
327 2866 334 2873 .
373 2828 545 2872 Sathan
584 2829 697 2871 sicut
737 2830 782 2870 in
820 2830 925 2871 aliis
964 2830 1024 2871 ita
1062 2829 1133 2870 hic
1171 2828 1406 2881 pretendit
1443 2828 1652 2869 dextram
1692 2826 1804 2867 iuris
1841 2829 1885 2866 et

122 2899 299 2942 iusticie
327 2933 335 2942 .
370 2932 379 2942 .
415 2933 423 2941 .

237 2969 365 3012 Hanc
390 2969 601 3012 dextram
628 2970 810 3011 videtur
836 2970 1117 3022 pretendere
1146 2969 1372 3021 dyabolus
1400 2968 1444 3009 in
1471 2968 1561 3010 alio
1587 2967 1885 3017 avisamento,

120 3041 197 3082 ubi
230 3040 286 3083 de
317 3040 560 3082 audiencia
591 3040 936 3082 confessionum
966 3052 1052 3093 per
1083 3040 1207 3082 solos
1237 3043 1419 3081 curatos
1451 3072 1458 3079 .
1495 3072 1502 3079 .
1539 3072 1546 3080 .
1578 3039 1885 3091 pertractatur
