2227 3434
686 173 776 207 1416
805 173 907 207 Marz
932 174 952 207 5
979 194 1019 197 —
1050 173 1151 207 Marz
1178 175 1208 206 7.
1747 173 1828 216 437

65 291 191 335 dunt.
235 291 444 344 Ipsorum
470 291 615 333 eciam
642 303 734 332 non
761 294 830 333 est
857 291 1154 333 conversacio
1179 291 1349 343 quieta,
1379 291 1474 333 Deo
1501 295 1629 344 grata
1656 303 1740 332 nec
1768 292 1832 332 in-

65 361 369 415 spicientibus
409 362 591 414 placida
633 362 823 414 Deoque
865 361 1048 412 devota;
1093 361 1388 404 oracionibus
1426 374 1519 403 non
1561 366 1723 404 vacant
1765 364 1833 404 set

65 432 465 484 collocacionibus,
493 444 584 474 non
615 432 769 473 virtuti
800 436 869 473 set
898 432 1101 484 vanitati,
1130 445 1220 473 non
1251 432 1456 473 doctrine
1487 436 1555 474 set
1584 432 1712 484 risui,
1741 444 1833 474 non

64 502 449 556 contemplacioni
475 505 544 546 set
570 503 886 554 dissolucioni,
912 515 1004 544 non
1031 502 1324 544 edificacioni
1351 503 1550 556 proximi
1578 506 1647 544 set
1674 502 1833 544 forsan

66 573 345 615 detraccioni
379 577 422 616 et
453 573 557 616 aliis
589 573 773 614 domum
804 574 1033 615 oracionis
1065 573 1450 614 constituentibus
1482 573 1666 615 domum
1698 585 1836 626 nego-

66 644 297 697 ciacionis,
322 656 414 686 non
440 643 748 696 attendentes,
773 644 895 696 quod
920 643 1167 696 presertim
1195 644 1302 685 mali
1328 645 1496 696 prelati
1522 647 1585 685 tot
1610 644 1834 686 mortibus

67 714 193 768 digni
221 717 340 768 sunt,
366 718 474 768 quot
501 715 558 757 ad
584 714 794 756 subditos
821 727 929 756 suos
955 714 1238 767 perdicionis
1265 715 1482 767 exempla
1506 715 1834 756 transmittunt.

66 785 144 827 XI.
174 798 215 838 q.
247 785 330 827 III.
359 785 601 838 Precipue.
645 784 804 837 Capite
833 785 957 826 enim
985 788 1216 837 cooperto,
1247 788 1294 826 ut
1322 786 1587 837 plurimum,
1617 785 1739 838 quod
1767 788 1837 826 est

67 855 412 899 abhominabile
442 868 594 897 coram
625 855 735 908 Deo,
764 858 808 897 et
835 856 975 897 erecti
1006 859 1054 896 ut
1081 858 1229 897 statua
1258 856 1358 897 sine
1388 855 1659 897 reverencia
1688 868 1837 897 sacra-

68 927 210 968 menti
241 930 361 969 stant
391 932 543 968 coram
575 926 815 968 sacerdote
845 926 890 967 in
921 930 1147 968 eternum.
1190 926 1284 967 Hoc
1315 929 1466 967 autem
1498 926 1653 968 facere
1685 938 1837 968 coram

68 1009 202 1050 papa,
236 1009 346 1050 rege
380 998 454 1038 vel
488 997 698 1050 principe
732 1009 1006 1049 presumere
1041 1010 1132 1037 non
1167 997 1406 1038 auderent.
1455 997 1837 1039 Processionibus

67 1067 369 1120 generalibus
415 1080 500 1120 pro
548 1067 859 1110 sacratissima
906 1064 1077 1109 unione
1127 1067 1346 1110 institutis
1394 1068 1560 1109 adesse
1608 1070 1836 1110 recusant.

72 1138 200 1180 Illico
231 1143 334 1192 post
365 1139 554 1180 missam
586 1138 742 1191 frigidi
777 1138 1028 1180 devocione
1062 1139 1303 1191 disparent
1335 1139 1556 1180 velociter
1588 1141 1635 1180 ut
1666 1138 1838 1179 nebule

70 1209 305 1252 matutine.
349 1209 474 1257 Etsi
503 1213 815 1262 compareant,
845 1222 937 1251 non
971 1210 1016 1250 in
1047 1210 1202 1251 cinere
1234 1213 1278 1251 et
1308 1209 1469 1261 cilicio,
1500 1210 1546 1250 in
1579 1209 1766 1251 ieiuniis
1796 1211 1841 1250 et

69 1280 378 1333 oracionibus,
409 1280 454 1322 in
482 1280 601 1323 fletu
631 1284 675 1322 et
704 1281 906 1333 planctu,
936 1284 1006 1323 set
1037 1282 1081 1321 in
1112 1281 1307 1333 privatis
1337 1280 1635 1322 concionibus
1664 1284 1708 1322 et
1738 1292 1841 1334 par-

70 1350 317 1404 liamentis‚
347 1364 441 1393 non
471 1352 599 1393 vultu
631 1352 823 1393 dimisso
854 1364 954 1393 cum
987 1352 1238 1393 devocione
1270 1351 1591 1403 procedentes,
1623 1354 1691 1394 set
1722 1350 1840 1392 alius

71 1422 218 1464 modis
248 1422 520 1475 inhonestis,
548 1435 662 1475 quos
692 1423 912 1475 reprobat
939 1436 973 1464 c.
1007 1423 1057 1463 II‘
1076 1423 1131 1464 de
1162 1422 1285 1464 offic.
1315 1422 1626 1464 archidiaconi
1654 1422 1714 1463 di.
1742 1434 1839 1462 nos.

71 1493 182 1545 Quis
206 1505 317 1547 ergo
340 1494 410 1534 vir
435 1493 628 1536 devotus
652 1497 696 1536 et
721 1494 895 1535 amicus
921 1493 1005 1535 Dei
1030 1497 1074 1535 et
1098 1493 1293 1534 ecclesie
1319 1494 1402 1534 hec
1427 1492 1672 1534 attendens
1696 1492 1841 1545 possit

71 1565 298 1606 clamores
325 1567 370 1606 et
395 1564 624 1617 lacrimas,
652 1564 817 1606 saltem
843 1565 1042 1618 gemitus
1068 1563 1320 1615 continere,
1347 1577 1438 1605 non
1466 1563 1613 1604 video.
1654 1563 1751 1604 Non
1779 1562 1842 1604 sic

72 1634 191 1688 ideo,
220 1648 313 1678 non
345 1635 409 1677 sic
440 1635 649 1688 obsecro,
680 1635 1060 1677 reverendissimi
1095 1638 1252 1688 patres
1283 1638 1328 1676 et
1359 1634 1546 1686 domini,
1579 1637 1648 1676 set
1678 1633 1843 1676 amodo

73 1708 248 1749 stantes
274 1705 322 1748 in
350 1707 581 1759 oracione,
611 1705 850 1748 sanctitate
879 1710 923 1748 et
951 1706 1144 1758 iusticia,
1173 1707 1427 1747 clamantes
1456 1718 1609 1747 coram
1639 1704 1750 1757 Deo,
1779 1705 1843 1746 sic

74 1777 224 1819 luceat
248 1778 328 1818 lux
351 1781 505 1819 vestra
530 1790 682 1819 coram
706 1777 986 1829 hominibus,
1011 1781 1059 1818 ut
1082 1777 1270 1819 videant
1294 1789 1437 1829 opera
1461 1779 1615 1818 vestra
1640 1779 1685 1817 et
1707 1776 1843 1828 glori-

74 1847 215 1890 ficent
244 1851 438 1900 patrem,
469 1849 545 1900 qui
579 1849 622 1889 in
653 1848 765 1890 celis
795 1852 864 1890 est
896 1848 1023 1900 (Mat.
1054 1848 1130 1900 V).
1174 1848 1228 1889 Et
1257 1851 1363 1889 tunc
1392 1848 1634 1888 oraciones
1665 1849 1844 1888 vestras

74 1919 295 1961 exaudiet
327 1919 541 1961 dominus
579 1919 759 1972 (Judith
794 1919 859 1972 4).
907 1919 1089 1971 Scitote,
1124 1919 1341 1971 quoniam
1378 1918 1596 1959 exaudiet
1631 1917 1845 1958 dominus

75 2002 240 2042 preces
271 1993 465 2042 vestras,
500 1991 536 2031 si
571 1990 924 2042 permanseritis
959 1990 1002 2031 in
1038 1990 1226 2031 ieiuniis
1259 1993 1303 2031 et
1335 1989 1630 2030 oracionibus
1666 1989 1710 2029 in
1742 2000 1846 2029 con-

77 2064 236 2114 spectu
277 2060 464 2103 domini.
518 2061 571 2103 Et
615 2065 659 2103 ut
698 2060 848 2114 prima
887 2073 997 2114 pars
1037 2061 1230 2102 minoris
1270 2060 1515 2101 concordet
1555 2072 1655 2100 cum
1696 2059 1845 2112 prima

77 2131 278 2185 maioris,
306 2145 394 2185 que
423 2132 577 2184 habet,
605 2132 727 2184 quod
754 2132 827 2173 hic
854 2132 1219 2184 gloriosissimus
1249 2131 1406 2173 doctor
1435 2133 1619 2172 sanctus
1648 2130 1846 2171 Thomas

79 2202 135 2244 de
172 2202 356 2256 Aquino
394 2203 524 2256 iuges
562 2203 660 2244 Deo
696 2215 860 2256 preces
896 2202 1101 2245 fundens
1139 2202 1385 2244 virtutibus
1422 2201 1620 2253 emicuit,
1657 2203 1847 2253 propter

79 2274 201 2326 quod
231 2273 533 2326 concluditur,
565 2274 687 2326 quod
719 2277 873 2316 sancte
907 2274 1133 2316 clamavit.
1178 2274 1325 2314 Patet:
1360 2273 1460 2325 ipse
1491 2272 1615 2313 enim
1647 2284 1705 2312 ex
1737 2270 1849 2323 opti-

78 2345 277 2387 matibus
294 2344 519 2387 Comitum
537 2345 824 2397 Aquinorum
853 2345 1026 2387 ducens
1054 2344 1294 2397 originem,
1312 2344 1477 2385 nolens
1496 2346 1686 2395 propter
1701 2354 1848 2394 genus

79 2416 150 2457 vel
178 2416 439 2469 potenciam
464 2415 693 2458 extollere
721 2415 765 2456 in
791 2416 932 2457 altum
958 2428 1099 2456 cornu
1126 2427 1273 2466 suum,
1300 2417 1368 2456 set
1394 2414 1552 2466 pocius
1578 2412 1849 2454 humilitatis

80 2489 125 2528 et
161 2487 450 2539 paupertatis
486 2487 659 2528 amicus
695 2486 902 2528 habitum
941 2485 1230 2539 paupertatis
1266 2485 1403 2526 huius
1442 2497 1571 2526 sacre
1609 2483 1850 2536 religionis

81 2557 226 2599 eciam
258 2556 416 2600 invitis
445 2557 718 2609 parentibus
750 2557 1012 2609 assumpsit.
1064 2557 1111 2597 ln
1143 2569 1234 2608 quo
1265 2556 1465 2597 effectus
1498 2554 1774 2607 magnificus
1804 2553 1849 2593 in

83 2627 322 2670 sanctitate
348 2641 489 2681 super
514 2641 675 2670 omnes
702 2631 857 2670 sancte
884 2627 1149 2669 devocionis
1174 2630 1220 2668 et
1243 2626 1516 2668 humilitatis
1542 2625 1849 2666 immensitate

82 2698 328 2752 gaudebat,
350 2702 397 2741 ut
420 2699 745 2740 universorum
769 2699 814 2739 in
838 2711 942 2739 eum
966 2697 1247 2739 intuencium
1271 2698 1427 2739 oculos
1450 2696 1507 2738 ad
1532 2695 1850 2745 humilitatem,

86 2768 383 2811 devocionem
411 2772 455 2810 et
484 2769 833 2811 sanctimoniam
864 2771 1149 2821 provocaret.
1192 2768 1301 2809 Erat
1329 2770 1545 2820 preterea
1575 2764 1852 2818 regulariter

86 2851 238 2882 coram
262 2841 476 2893 ymagine
501 2839 711 2881 crucifixi
738 2843 782 2882 et
806 2844 896 2882 tam
922 2839 1085 2881 devota
1112 2851 1252 2891 supra
1278 2838 1461 2879 modum
1486 2837 1588 2878 eius
1612 2836 1779 2887 oracio,
1806 2837 1853 2875 ut

87 2910 361 2963 frequenter
402 2911 445 2952 in
486 2910 780 2952 oracionibus
820 2911 1028 2952 existens
1067 2910 1207 2950 velud
1248 2913 1407 2961 raptus
1446 2907 1572 2949 visus
1613 2909 1681 2947 est
1721 2904 1851 2958 quasi

88 2979 268 3022 duobus
296 2980 462 3023 cubitis
487 2981 699 3024 elevatus
725 2994 750 3023 a
778 2985 915 3024 terra.
962 2980 1205 3032 Ipsiusque
1234 2978 1525 3019 revelacione
1646 2975 1852 3017 innotuit.

89 3050 210 3105 quod
231 3051 491 3104 scienciam,
512 3063 648 3105 quam
669 3051 871 3094 habebat
892 3050 1117 3093 latissime
1137 3049 1412 3091 diffundens
1434 3048 1491 3090 ad
1513 3045 1851 3090 revelacionem
