2227 3434
786 160 876 195 1417
901 161 1047 196 Januar
1071 161 1126 196 24.
1753 164 1839 207 485

73 276 197 330 gium
221 277 376 319 oracio
400 311 408 319 .
445 311 452 319 .
489 311 496 319 .
533 278 760 329 Quantum
785 282 911 321 esset
934 279 1194 331 expediens
1219 280 1323 321 huic
1350 293 1481 323 sacro
1503 281 1713 334 generali
1738 294 1841 324 con-

73 346 180 389 cilio
212 351 416 390 statuere
451 349 680 400 speciales
714 352 850 401 atque
885 349 1218 392 determinatas
1251 350 1492 393 oraciones
1527 352 1638 405 Deo,
1673 350 1841 394 sanctis

75 417 289 460 omnibus
309 421 355 460 et
375 419 574 460 maxime
596 419 761 472 virgini
783 420 986 472 gloriose
1010 420 1279 473 dirigendas
1301 434 1351 464 ac
1373 421 1525 463 eidem
1548 422 1605 464 ab
1627 422 1841 464 omnibus

74 488 351 532 christicolis
389 489 602 532 ammodo
641 494 913 535 reverenter
953 490 1240 543 offerendas,
1281 495 1391 544 puto
1430 493 1718 546 solempnem
1756 505 1842 546 per

74 558 344 601 universum
372 559 591 602 mundum
620 561 940 613 concepcionis
967 561 1068 604 eius
1097 562 1466 604 celebracionem
1496 597 1504 604 .
1540 597 1548 605 .
1584 596 1592 604 .
1633 563 1843 605 Nescitur

74 629 213 682 enim,
241 642 343 672 cum
375 630 499 673 Deus
529 634 635 674 ante
667 631 823 673 secula
853 631 1083 685 disposuit
1113 633 1419 674 inveteratum
1449 646 1648 686 presens
1677 633 1843 676 scisma

75 700 343 743 nullatenus
370 713 474 743 esse
501 702 763 743 finiendum
789 706 866 744 aut
891 702 1199 744 deformatum
1226 704 1316 745 heu
1343 705 1483 746 nimis
1509 707 1675 747 statum
1700 705 1844 746 eccle-

76 771 365 814 siasticorum
403 771 557 814 debite
593 772 958 825 reformandum,
994 773 1082 815 nisi
1120 774 1178 815 ad
1212 786 1377 826 preces
1413 774 1604 828 virginis
1640 775 1843 828 gloriose

122 874 130 882 .
166 875 179 899 ,4
214 854 305 884 non
343 843 492 884 solum
532 842 746 885 faciendo
784 844 1123 896 processiones,
1164 857 1252 897 que
1292 857 1460 898 pompo
1499 845 1661 887 forsan
1698 846 1844 898 magis

75 923 213 964 quam
244 911 485 955 devocioni
518 913 729 956 serviunt
758 947 767 956 .
802 947 811 956 .
847 947 856 956 .

194 982 399 1026 Evidens
423 996 527 1026 esse
553 984 819 1037 dinoscitur,
843 985 919 1026 vix
944 998 1049 1028 esse
1076 986 1299 1038 possibile
1326 989 1474 1028 actum
1499 986 1742 1039 oracionis,
1767 987 1844 1039 qui

76 1054 299 1106 populum
329 1066 430 1097 cum
461 1054 559 1096 Deo
588 1055 816 1108 pacificet,
848 1056 905 1098 ab
933 1054 1030 1108 illo,
1060 1060 1198 1108 prout
1227 1060 1421 1109 oportet,
1452 1056 1641 1110 porrigi,
1673 1058 1750 1110 qui
1782 1058 1845 1098 sic

76 1127 179 1176 post
205 1127 393 1167 terrena
423 1126 581 1179 spirat,
611 1129 658 1168 ut
685 1127 812 1169 solus
839 1127 1030 1180 negocia
1060 1130 1256 1170 tractare
1285 1127 1410 1179 velit,
1440 1140 1635 1180 quorum
1664 1127 1845 1181 pondus

77 1206 230 1248 neque
254 1199 436 1238 centum
459 1196 673 1239 homines
697 1201 884 1250 portare
909 1197 1199 1251 sufficerent,
1224 1202 1268 1240 et
1293 1202 1340 1240 ut
1365 1211 1389 1240 a
1415 1198 1616 1241 maximo
1637 1202 1845 1241 nostrum

77 1264 328 1309 fundemus
368 1270 703 1321 argumentum,
745 1268 780 1310 si
823 1281 1030 1311 summus
1068 1269 1282 1321 pontifex
1323 1281 1505 1311 omnem
1546 1269 1847 1312 collacionem

77 1335 416 1380 beneficiorum
445 1338 534 1380 sibi
562 1342 786 1391 reservet,
816 1339 852 1381 si
881 1352 1108 1392 occupare
1135 1352 1186 1381 se
1213 1341 1325 1381 velit
1355 1340 1670 1393 insignacione
1698 1340 1848 1382 cuius-

78 1419 273 1460 cumque
304 1408 457 1462 gracie
490 1421 576 1450 nec
608 1409 796 1462 aliquod
830 1411 876 1451 in
909 1410 1081 1452 mundo
1114 1411 1260 1452 eciam
1292 1411 1532 1452 minimum
1564 1410 1847 1452 beneficium

77 1477 225 1531 possit
250 1478 465 1531 obtineri,
493 1479 612 1522 circa
639 1480 769 1523 cuius
796 1480 1151 1533 expedicionem
1177 1494 1270 1523 non
1299 1481 1591 1535 impediatur,
1620 1482 1657 1524 si
1686 1494 1848 1523 rursus

78 1560 172 1591 non
197 1548 345 1592 solum
372 1550 512 1593 dubia
538 1551 738 1594 maxima
765 1552 810 1593 in
836 1552 1010 1605 populo
1037 1552 1121 1593 Dei
1148 1552 1456 1605 emergencia,
1483 1557 1554 1595 set
1575 1552 1722 1594 eciam
1747 1564 1849 1594 cau-

80 1631 155 1663 sas
188 1623 234 1663 et
265 1621 372 1664 lites
404 1621 607 1674 infimas,
640 1635 729 1675 que
763 1622 1018 1664 secundum
1052 1623 1310 1676 apostolum
1346 1623 1470 1666 solos
1501 1622 1714 1666 homines
1747 1635 1851 1664 con-

80 1691 365 1744 temptibiles
394 1691 572 1745 decent,
604 1693 662 1735 ad
692 1692 865 1735 curiam
898 1706 1025 1736 suam
1059 1694 1170 1735 velit
1201 1694 1415 1736 advocari
1447 1707 1497 1735 ac
1528 1706 1613 1747 per
1643 1694 1728 1736 hec
1758 1706 1850 1735 om-

78 1761 206 1804 nium
233 1765 431 1805 tractare
458 1762 808 1816 discussionem,
835 1765 921 1815 cui,
949 1777 1109 1817 queso,
1137 1768 1311 1806 certum
1339 1768 1416 1807 aut
1442 1764 1698 1807 verisimile
1725 1764 1850 1806 vide-

82 1832 219 1886 bitur,
243 1833 366 1886 quod
389 1832 496 1876 talis
519 1835 667 1887 possit
688 1835 875 1888 placare
903 1835 1049 1877 Deum
1076 1870 1083 1877 .
1121 1869 1128 1877 .
1165 1870 1172 1877 .
1209 1836 1397 1887 Estimo,
1422 1835 1544 1888 quod
1568 1848 1625 1877 eo
1647 1847 1768 1888 papa
1793 1835 1850 1877 ab

81 1904 296 1946 omnibus
331 1904 377 1946 in
412 1907 592 1957 patrem
627 1909 673 1948 et
706 1910 941 1958 pastorem
976 1906 1179 1948 omnium
1215 1906 1416 1959 eligitur,
1453 1919 1508 1948 eo
1542 1906 1601 1948 ab
1637 1905 1850 1948 omnibus

81 1986 229 2027 usque
266 1975 323 2017 ad
358 1975 528 2028 pedum
566 1977 723 2018 oscula
759 1977 936 2029 colitur,
972 1989 1028 2019 eo
1065 1977 1153 2020 sibi
1190 1980 1409 2030 tanquam
1446 1977 1544 2019 Deo
1579 1976 1850 2019 obediencia

81 2048 315 2098 prestatur
350 2046 407 2089 ab
442 2047 670 2099 omnibus,
705 2048 812 2100 quia
847 2051 1039 2101 sperant
1073 2060 1233 2090 omnes
1269 2048 1419 2100 ipsum
1456 2060 1559 2090 esse
1596 2046 1850 2090 sanctitatis

80 2119 206 2159 tante
231 2117 396 2170 virum,
424 2120 485 2170 ut,
514 2119 629 2160 sicut
657 2119 702 2160 in
730 2118 888 2160 officio
916 2122 1179 2172 pastoratus
1208 2119 1412 2160 succedit
1440 2118 1623 2161 Christo
1650 2119 1761 2171 Deo,
1788 2117 1850 2160 ita

82 2199 166 2240 per
199 2190 403 2231 sanctam
438 2190 701 2231 oracionem
734 2193 780 2231 et
811 2191 1269 2242 contemplacionem,
1304 2189 1508 2232 dimissis
1542 2189 1727 2241 mundo,
1762 2201 1850 2242 que

82 2261 189 2301 sunt
220 2259 393 2312 mundi,
428 2260 716 2303 incessanter
748 2273 849 2302 cum
882 2260 983 2313 ipso
1019 2261 1114 2302 Deo
1147 2261 1362 2313 loquatur
1396 2260 1453 2302 ab
1482 2260 1679 2313 ipsoque
1710 2262 1851 2312 petat,

84 2329 289 2383 recipiat,
317 2342 406 2383 que
432 2343 518 2384 pro
545 2331 770 2384 regimine
798 2332 956 2384 populi
987 2331 1225 2373 christiani
1253 2332 1520 2373 necessaria
1550 2335 1673 2382 sunt;
1701 2333 1748 2373 et
1775 2330 1850 2383 qui

83 2400 141 2442 ad
173 2400 382 2442 officium
416 2405 613 2454 papatus
648 2402 788 2444 alium
822 2415 958 2455 quam
991 2402 1131 2444 talem
1167 2406 1242 2444 aut
1278 2436 1285 2443 .
1322 2440 1328 2446 .
1366 2436 1373 2444 .
1409 2401 1544 2444 aliter
1576 2401 1850 2454 dispositum

83 2470 224 2524 eligit,
250 2471 298 2513 ni
325 2471 480 2524 fallor,
507 2472 676 2525 desipit
804 2473 1023 2516 Ascendit
1050 2486 1160 2525 ergo
1191 2473 1357 2515 Moises
1385 2473 1430 2514 in
1458 2473 1677 2515 verticem
1705 2471 1850 2523 collis,

85 2542 128 2584 id
151 2545 222 2584 est
242 2543 439 2585 ecclesie
464 2543 725 2596 primatum,
749 2543 993 2597 eligendus
1019 2544 1062 2585 in
1086 2544 1300 2596 proximo
1318 2556 1528 2586 *summus
1552 2542 1763 2596 pontifex
1789 2576 1822 2583 ..
1842 2576 1849 2583 .

204 2612 325 2655 Illud
359 2614 532 2666 triplex
567 2615 752 2665 malum,
788 2614 910 2667 quod
945 2614 1282 2657 ecclesiasticos
1318 2615 1381 2656 sic
1419 2614 1622 2667 undique
1657 2626 1852 2666 coangu-

84 2685 172 2727 stat
199 2718 207 2725 .
243 2718 251 2725 .
287 2718 295 2726 .
336 2683 572 2726 Habemus
603 2685 726 2727 enim
756 2685 927 2727 malum
955 2685 1122 2736 carniS,
1151 2685 1273 2737 quod
1303 2686 1367 2727 sic
1396 2685 1564 2727 multos
1592 2683 1850 2733 effeminat,

82 2757 131 2796 ut
169 2789 177 2797 .
213 2789 221 2797 .
257 2788 266 2796 .
305 2768 498 2808 parvum
538 2756 777 2798 videretur
815 2757 1000 2808 malum,
1040 2768 1416 2808 unumquemque
1456 2756 1616 2797 talium
1655 2766 1849 2796 uxorem

84 2824 253 2867 ducere
288 2829 480 2878 propter
516 2826 890 2869 fornicacionem.
939 2826 1176 2869 Habemus
1212 2827 1382 2868 malum
1421 2826 1592 2877 mundi,
1629 2825 1749 2877 quod
1785 2825 1851 2866 sic

85 2896 424 2939 ecclesiasticos
462 2897 505 2937 in
545 2897 743 2938 avaricie
778 2900 968 2950 puteum
1005 2896 1247 2948 dimiserit,
1282 2900 1331 2938 ut
1368 2897 1455 2938 iam
1494 2897 1538 2937 in
1579 2895 1692 2948 ipsis
1729 2894 1849 2936 istud

85 2965 374 3008 verificatum
399 2966 629 3009 videatur:
669 2979 830 3009 omnes
855 2980 879 3009 a
906 2967 1095 3010 minimo
1118 2981 1266 3020 usque
1291 2967 1348 3008 ad
1374 2967 1623 3008 maximum
1651 2964 1850 3006 avaricie

85 3035 283 3079 student.
346 3036 476 3091 Olym
525 3050 695 3091 nempe
745 3038 894 3079 visum
944 3037 1032 3080 fuit
1079 3038 1250 3079 sanctis
1300 3036 1564 3079 doctoribus
1613 3035 1848 3077 hominum
