2227 3434
558 186 602 221 A.
642 185 840 221 Fillastres
869 186 986 221 Gesta
1011 185 1163 221 concilii
1188 185 1504 222 Constantiensis.
1859 188 1915 232 93

264 304 565 348 Sacrosancta
591 304 969 347 Constanciensis
994 304 1230 358 generalis
1258 304 1463 357 synodus
1489 305 1535 346 in
1564 306 1730 358 spiritu
1757 309 1914 347 sancto

149 374 359 428 legitime
377 378 668 428 congregata.
706 375 930 426 Quoniam
957 376 1079 417 inter
1105 375 1197 418 alia
1222 376 1428 418 virtuosa
1456 409 1464 417 .
1500 409 1508 417 .
1544 409 1553 418 .
1580 376 1853 430 momenti.¹)

264 447 383 489 Ante
413 447 525 488 istos
553 446 655 488 dies
683 446 786 487 fere
814 459 900 499 per
928 458 1136 488 mensem
1165 446 1252 488 fuit
1281 446 1405 489 fama
1434 450 1539 489 ante
1570 447 1827 489 sessionem
1857 448 1915 489 de

148 516 222 558 die
251 516 468 559 mercurii
495 516 656 559 ultima
685 517 836 558 Martii
867 517 913 558 in
942 516 1231 569 Constancia,
1259 517 1381 570 quod
1409 517 1449 561 d.
1479 517 1803 571 Sigismundus
1832 530 1915 559 rex

148 587 459 629 Romanorum
495 590 595 630 erat
630 587 960 629 confederatus
997 587 1095 641 regi
1131 588 1299 641 Anglie
1334 591 1492 630 contra
1528 600 1686 642 regem
1723 588 1916 630 Francie

147 661 192 700 et
222 658 502 710 promiserat
532 670 638 700 esse
670 670 772 700 cum
805 670 914 711 rege
947 658 1115 711 Anglie
1149 659 1197 700 in
1228 658 1370 701 armis
1401 658 1448 700 in
1480 659 1677 701 Francia
1709 658 1916 701 Parisius

147 731 192 770 et
222 731 380 771 contra
412 741 570 782 regem
601 732 647 771 et
678 741 873 782 regnum
905 729 938 770 F
943 729 1114 771 rancie.
1159 729 1254 780 Que
1287 729 1441 771 omnia
1471 730 1562 772 hiis
1595 730 1760 772 diebus
1792 733 1917 783 pate-

148 799 269 842 facta
303 803 422 842 sunt.
468 799 564 842 Hoc
598 800 723 841 enim
756 800 943 853 publice
978 799 1224 843 confessus
1256 804 1327 842 est
1361 803 1407 842 et
1439 800 1639 842 asseruit
1674 800 1796 842 idem
1833 812 1917 841 rex

149 870 474 923 Romanorum,
497 871 620 923 quod
640 871 827 913 volebat
848 870 1072 913 diffidare
1094 882 1252 924 regem
1276 871 1488 923 Francie;
1513 871 1717 924 fecitque
1740 871 1918 913 litteras

148 940 477 984 diffidatorias.
520 941 576 983 Et
604 944 760 983 tamen
790 954 917 994 avus,
949 945 1082 995 pater
1112 954 1225 985 suus
1255 945 1300 983 et
1329 941 1476 984 frater
1506 955 1590 984 rex
1621 942 1842 983 Bohemie
1873 944 1917 983 et

149 1012 250 1065 ipse
288 1011 477 1054 fuerant
513 1011 802 1054 confederati
841 1016 887 1055 et
925 1016 1025 1054 erat
1064 1012 1164 1066 ipse
1203 1012 1532 1055 confederatus
1571 1013 1669 1066 regi
1709 1012 1916 1055 Francie.

149 1083 382 1136 Pluraque
416 1082 506 1126 hiis
539 1083 706 1125 diebus
740 1083 856 1125 dixit
887 1086 1046 1126 contra
1079 1084 1322 1125 nacionem
1357 1083 1646 1125 Gallicanam
1680 1087 1725 1125 et
1759 1086 1917 1125 contra

148 1153 434 1196 cardinalem
459 1153 861 1206 Cameracensem,
887 1153 964 1207 qui
989 1157 1090 1196 erat
1114 1157 1346 1207 protector
1372 1155 1497 1207 regis
1525 1154 1718 1196 Francie
1743 1155 1790 1196 in
1815 1166 1918 1195 con-

149 1223 254 1267 cilio
282 1227 327 1266 et
353 1224 560 1266 Romana
589 1225 730 1267 curia.
772 1224 1048 1267 Cardinales
1076 1228 1121 1266 et
1148 1225 1368 1267 naciones
1399 1225 1565 1277 Ytalie,
1595 1224 1845 1267 Germanic
1874 1228 1919 1266 et

149 1295 373 1348 Hispanie
401 1298 447 1337 et
475 1296 615 1348 legati
645 1296 770 1348 regis
798 1296 1065 1348 Aragonum
1093 1295 1458 1348 considerantes,
1488 1296 1611 1349 quod
1639 1296 1720 1338 illa
1748 1307 1918 1348 guerra

150 1367 274 1420 regis
305 1365 632 1420 Romanorum,
662 1367 710 1407 in
741 1366 872 1408 cuius
903 1366 1118 1409 manibus
1150 1369 1250 1408 erat
1280 1366 1539 1419 concilium,
1570 1370 1729 1408 contra
1761 1377 1918 1419 regem

151 1436 345 1479 Francie
380 1436 480 1478 veri
516 1436 729 1479 similiter
764 1440 890 1479 esset
924 1436 1307 1490 impedimentum
1341 1437 1527 1479 unionis
1562 1436 1775 1489 ecclesie,
1811 1449 1919 1489 quo-

149 1507 273 1550 niam
303 1510 496 1561 propter
527 1507 613 1549 hoc
646 1520 729 1549 rex
765 1508 959 1550 Francie
994 1507 1211 1562 forsama)
1248 1511 1488 1550 revocaret
1523 1509 1698 1561 legatos
1733 1520 1841 1550 suos
1875 1510 1919 1549 et

151 1577 257 1621 illos
290 1578 348 1620 de
382 1591 466 1621 suo
499 1590 643 1631 regno
676 1591 760 1620 nec
795 1578 1008 1621 obediret
1041 1591 1162 1632 pape
1197 1579 1243 1620 in
1278 1578 1554 1621 Constancia
1587 1577 1819 1631 eligendo.
1867 1578 1920 1619 Et

151 1648 270 1691 forte
310 1661 447 1703 reges
487 1649 705 1701 Castelle,
745 1650 950 1691 Navarre
990 1653 1034 1691 et
1075 1649 1195 1691 forte
1236 1650 1517 1702 Aragonum,
1559 1649 1711 1691 Ytalia
1751 1649 1919 1690 dictum

151 1731 308 1773 regem
343 1719 537 1762 Francie
570 1723 881 1772 sequerentur
912 1723 958 1762 et
990 1720 1051 1762 ita
1084 1723 1209 1762 esset
1243 1720 1409 1762 scisma
1440 1719 1749 1773 periculosius
1782 1731 1919 1772 quam

152 1793 270 1835 ante.
317 1790 668 1833 Constituerunt
699 1793 744 1832 et
777 1791 1120 1844 deputaverunt
1149 1791 1326 1844 plures,
1360 1790 1438 1843 qui
1471 1802 1628 1844 regem
1661 1790 1843 1833 adirent
1876 1793 1920 1831 et

151 1861 240 1903 sibi
271 1861 574 1904 ostenderent
604 1861 812 1914 pericula
845 1862 932 1904 ista
962 1865 1008 1903 et
1037 1861 1394 1914 persuaderent,
1427 1861 1589 1903 desisti
1620 1874 1646 1903 a
1675 1860 1920 1914 premissis

154 1931 364 1984 inimicis,
396 1931 519 1985 quod
552 1935 658 1974 ante
692 1932 781 1974 iam
813 1932 1023 1974 fecerant
1056 1932 1195 1985 legati
1226 1932 1493 1985 Aragonum
1526 1935 1572 1974 et
1603 1932 1821 1974 Navarre.
1868 1931 1921 1972 Et

152 2003 351 2044 maxime
375 2002 508 2045 nacio
534 2002 800 2055 Germanic,
825 2015 914 2056 que
939 2006 1095 2044 tamen
1121 2003 1267 2056 magis
1293 2003 1481 2045 favebat
1504 2002 1725 2056 Anglicis,
1750 2002 1837 2044 fuit
1862 2001 1918 2042 de

152 2072 236 2115 hoc
262 2073 446 2116 turbata
473 2077 518 2115 et
547 2073 712 2115 dolens
740 2076 786 2116 et
812 2074 955 2115 multa
984 2085 1152 2126 aspere
1182 2085 1324 2126 super
1353 2074 1437 2115 hoc
1465 2074 1602 2115 locuti
1633 2076 1738 2116 sunt
1767 2073 1834 2114 illi
1863 2072 1919 2113 de

154 2143 233 2186 illa
262 2144 459 2186 nacione
491 2143 742 2186 Germanie
773 2156 875 2186 cum
907 2156 1032 2197 rege,
1063 2144 1225 2197 plures
1255 2143 1401 2186 eciam
1431 2147 1475 2185 et
1507 2143 1640 2196 quasi
1670 2155 1832 2185 omnes
1862 2143 1920 2184 de

153 2213 346 2257 concilio
374 2215 471 2268 regi
502 2215 695 2256 moleste
724 2214 851 2256 illam
879 2227 1096 2268 guerram
1125 2205 1343 2256 ferebant
1371 2217 1416 2256 et
1444 2214 1780 2256 dissuadebant
1809 2213 1919 2266 regi.

154 2284 377 2327 Finaliter
403 2285 489 2327 fuit
514 2297 617 2326 cum
642 2297 752 2338 rege
779 2285 1105 2338 deliberatum,
1131 2285 1254 2338 quod
1280 2298 1363 2326 rex
1389 2298 1482 2327 non
1508 2285 1710 2326 mitteret
1734 2285 1791 2326 de
1817 2296 1920 2337 pre-

155 2356 273 2397 senti
301 2354 602 2398 diffidencias
627 2355 748 2408 illas,
774 2359 930 2398 tamen
956 2356 1082 2398 misit
1108 2356 1207 2409 regi
1233 2356 1400 2408 Anglie
1429 2359 1473 2398 et
1500 2355 1745 2397 heraldum
1774 2366 1921 2405 suum,

156 2428 203 2468 ut
228 2425 322 2469 illis
348 2428 571 2478 uteretur,
597 2429 734 2479 prout
759 2429 804 2468 et
831 2426 1017 2479 quando
1043 2424 1248 2480 vellet;'’)
1278 2429 1348 2468 set
1376 2426 1455 2467 ille
1481 2425 1700 2468 naciones
1725 2429 1821 2467 tres
1848 2425 1919 2466 vel

155 2498 296 2538 totum
329 2496 588 2549 concilium,
621 2497 660 2538 si
692 2496 913 2539 naciones
947 2496 1099 2539 Gallie
1134 2499 1180 2539 et
1211 2497 1379 2550 Anglie
1413 2496 1742 2549 consentirent,
1777 2496 1923 2537 mitte-

157 2570 259 2609 rent
284 2567 342 2609 ad
368 2579 526 2620 regem
553 2567 721 2620 Anglie
746 2571 792 2609 et
817 2580 900 2609 rex
926 2566 1238 2609 Romanorum
1263 2566 1409 2610 eciam
1436 2567 1637 2609 mitteret
1663 2567 1839 2620 legatos
1864 2564 1921 2607 ad

155 2636 534 2689 persuadendum
568 2649 730 2691 pacem
766 2639 840 2679 vel
876 2641 1064 2691 treugas
1099 2637 1220 2680 inter
1256 2649 1392 2691 reges
1429 2638 1622 2679 Francie
1660 2640 1704 2678 et
1739 2636 1920 2689 Anglie.

158 2706 212 2749 Et
245 2710 493 2761 antequam
529 2711 688 2750 essent
724 2708 903 2750 reversi
941 2720 1022 2750 rex
1060 2708 1369 2750 Romanorum
1406 2720 1498 2750 non
1534 2707 1729 2749 deberet
1765 2717 1921 2759 regem

159 2777 350 2820 Francie
377 2778 600 2820 diffidare
627 2791 779 2831 neque
808 2778 1044 2821 invadere.
1083 2779 1256 2820 Verum
1285 2782 1438 2820 tamen
1465 2779 1603 2831 legati
1632 2778 1755 2830 regis
1783 2777 1922 2818 Fran-

156 2847 225 2889 cie
251 2847 492 2891 mittebant
518 2849 575 2890 de
603 2848 879 2891 Constancia
908 2849 966 2891 ad
995 2848 1027 2889 F
1033 2849 1237 2891 ranciam
1266 2861 1405 2890 unum
1435 2848 1493 2890 de
1522 2848 1713 2890 licencia
1740 2846 1919 2889 concilii

158 2917 401 2961 honestum
422 2920 641 2961 clericum
662 2919 951 2961 licenciatum
974 2920 1020 2960 in
1041 2919 1157 2972 iure,
1178 2920 1256 2972 qui
1278 2919 1365 2960 fuit
1383 2922 1544 2972 captus
1565 2931 1623 2959 ex
1644 2921 1775 2971 parte
1798 2918 1922 2970 reg1s

258 3038 288 3065 a)
308 3032 348 3060 So
369 3034 407 3067 B,
428 3034 460 3067 0,
481 3034 520 3061 D.
558 3033 590 3066 b)
610 3035 645 3060 ta
680 3040 720 3060 en
744 3054 750 3059 .
772 3056 776 3060 .
797 3053 803 3059 .
826 3033 929 3061 vellet
948 3034 1028 3067 fehlt
1053 3035 1083 3067 C,
1105 3034 1143 3061 I).

274 3081 305 3124 ¹)
328 3080 450 3116 Hardt
470 3080 536 3124 IV,
558 3081 761 3125 1189—91;
785 3082 912 3117 Mansi
933 3081 1002 3116 XX
1013 3081 1092 3124 VII,
1116 3082 1216 3118 1036.
