2102 3444
305 173 390 216 628
742 167 806 202 Ill.
839 165 1048 201 Abschnitt.
1091 164 1244 199 Reform
1276 164 1354 198 und
1385 161 1633 208 Verfassung.

873 297 911 339 2.
947 295 1115 338 Contra
1151 294 1495 349 symoniacos.¹)

423 395 591 437 Contra
624 393 775 435 labem
808 391 1071 444 symoniace
1104 390 1266 443 pestis,
1299 402 1390 442 qua
1421 388 1560 431 decor
1592 388 1788 431 ecclesie
1820 389 2073 446 plurimum

307 465 587 518 denigratur,
620 463 761 505 multa
793 461 998 504 remedia
1030 474 1115 514 per
1146 460 1423 513 apostolicos
1453 463 1612 513 patres
1642 463 1688 502 et
1717 473 1850 503 sacra
1878 460 2072 503 concilia

306 537 526 577 hactenus
555 534 809 587 excogitata
839 533 1028 574 fuerunt
1057 532 1403 584 salubriterque
1432 531 1634 585 provisa,
1662 543 1752 584 que
1780 535 1936 575 tamen
1962 534 2073 574 tem-

306 619 467 659 porum
513 608 810 646 excrescente
858 603 1052 657 malicia,
1098 606 1146 644 ut
1191 603 1492 656 experiencia
1540 601 1685 656 docet,
1730 605 1935 656 optatum
1979 614 2073 644 non

307 677 596 729 attulerunt³¹)
628 675 862 717 effectum.
901 675 1127 716 Volentes
1153 673 1304 727 igitur,
1331 676 1553 726 quantum
1580 686 1842 727 possumus,
1869 672 2073 716 radicem

307 747 449 800 pestis
472 748 609 789 huius
631 746 816 799 penitus
839 746 1076 798 extirpare
1099 745 1184 787 hoc
1206 747 1436 798 perpetuo
1459 744 1645 786 decreto
1669 745 1927 798 statuimus,
1951 744 2074 798 quod

306 819 566 871 quicunque
590 817 647 859 de
671 820 825 859 cetero
847 815 1202 868 ecclesiasticus,
1225 815 1539 869 cuiuscunque
1563 818 1722 869 status,
1744 815 1932 870 gradus,
1954 814 2075 858 ordi-

307 889 377 931 nis
419 902 500 931 seu
542 889 888 942 preeminencie
931 888 1088 941 fuerit,
1131 886 1319 929 eciamsi
1361 886 1632 940 episcopali,
1673 886 2074 940 archiepiscopali,

306 960 643 1013 patriarchatus
667 960 740 1001 vel
764 956 1120 1012 cardinalatusb)
1147 957 1369 1011 dignitate
1392 957 1673 1011 prefulgeat,
1695 957 1774 1011 qui
1796 957 1854 1000 de
1877 957 2071 1012 oeteroe)

308 1031 513 1083 symonie
543 1030 716 1071 crimen
745 1030 790 1071 in
820 1030 1026 1072 Romana
1055 1030 1181 1071 curia
1210 1030 1285 1071 vel
1316 1027 1488 1083 extrad)
1522 1029 1618 1071 sive
1650 1028 1805 1072 dando
1831 1029 1931 1071 sive
1961 1028 2075 1070 reci-

307 1102 477 1154 piendo
516 1101 612 1143 sive
651 1101 963 1154 promittendo
1000 1101 1097 1142 sive
1135 1100 1453 1154 paciscendo‘·)
1495 1101 1593 1142 sive
1632 1097 1918 1154 mediandof)
1957 1112 2076 1142 com-

308 1172 495 1225 miserit,
523 1172 623 1225 ipso
651 1172 812 1225 factog)
843 1172 966 1214 omni
995 1171 1232 1224 dignitate,
1259 1171 1420 1213 officio
1446 1171 1764 1214 ecclesiastico
1786 1174 1836 1214 et
1860 1171 2076 1214 omnibus

307 1243 552 1285 beneficiis
582 1243 677 1284 suis
702 1246 933 1296 perpetuo
963 1242 1019 1285 sit
1048 1243 1257 1295 privatus
1286 1243 1559 1296 possintque
1588 1242 1824 1284 beneficia
1854 1255 1938 1285 sua
1965 1244 2078 1284 tam-

309 1327 443 1367 quam
478 1314 692 1356 vacancia
728 1314 876 1356 libere
913 1314 1118 1355 conferri
1153 1317 1199 1355 et
1233 1313 1488 1366 impetrari.
1535 1313 1709 1356 Prelati
1743 1325 1870 1366 vero,
1905 1313 1983 1367 qui
2018 1311 2076 1356 ad

308 1385 558 1427 custodiam
593 1386 762 1438 gregis,
798 1385 856 1427 ad
891 1385 1180 1438 purgandam
1215 1384 1347 1428 viciis
1381 1384 1626 1427 ecclesiam
1662 1384 1747 1426 Dei
1782 1383 1920 1438 positi
1956 1386 2076 1437 sunt,

306 1456 516 1509 cogitent,
551 1459 770 1508 quantum
805 1455 1046 1509 excedant,
1081 1456 1119 1498 si
1155 1456 1202 1497 in
1232 1456 1518 1498 execucione
1551 1455 1690 1499 huius
1724 1454 1899 1498 decreti
1931 1455 2077 1509 negli-

306 1530 467 1579 gentes
494 1527 743 1569 extiterint.
784 1527 837 1569 Et
862 1527 1223 1581 nichillominus,
1249 1539 1309 1569 ne
1335 1527 1444 1570 talis
1467 1527 1763 1581 negligencia
1789 1527 1890 1569 sine
1920 1525 2076 1569 deb-ita

306 1610 427 1651 pena
452 1601 760 1651 pertranseat,
787 1611 888 1640 cum
916 1611 974 1640 ex
1002 1598 1087 1640 hoc
1114 1598 1362 1641 videantur
1388 1598 1543 1640 aliena
1570 1597 1765 1640 crimina
1789 1610 1876 1641 sua
1901 1597 2075 1650 facere,

309 1667 608 1723 statuimush),
629 1672 677 1711 ut
699 1669 755 1711 de
777 1670 857 1712 tali
878 1670 1172 1723 negligencia
1193 1672 1351 1712 contra
1372 1670 1579 1723 prelatos
1599 1668 1865 1711 huiusmodi
1885 1667 2075 1722 procedi

308 1739 484 1793 possiti)
511 1743 556 1781 et
581 1738 790 1795 debeatk)
818 1740 962 1782 eciam
988 1741 1046 1783 ad
1070 1740 1400 1794 privacionem,
1426 1741 1464 1783 si
1490 1739 1689 1793 qualitas
1710 1739 2003 1794 negligencie
2028 1738 2075 1782 id

307 1814 538 1863 exposcat,
566 1811 683 1863 layci
713 1814 880 1864 autem,
910 1811 987 1864 qui
1017 1812 1063 1853 in
1093 1811 1359 1853 huiusmodi
1387 1811 1648 1864 culpabiles
1676 1810 1867 1864 fuerint,
1896 1822 2076 1853 excom-

308 1882 669 1923 municacionem
695 1882 933 1924 incurrant
960 1882 1062 1936 ipso
1087 1879 1237 1937 iure.¹)

411 2109 440 2138 a)
463 2107 489 2132 E
508 2106 710 2133 obtulerunt.
785 2107 817 2135 1))
840 2108 862 2133 (¹
881 2115 931 2133 am
956 2108 1069 2134 Raude
1094 2106 1225 2134 videtur
1246 2106 1349 2134 eciam
1373 2106 1504 2141 papalis
1524 2105 1750 2140 exprimenda.
1771 2107 1807 2133 nt
1827 2105 1930 2133 eciam
1951 2106 2000 2134 eis
2021 2105 2076 2134 via

304 2153 527 2186 precludatur,
556 2156 606 2180 ενι
627 2154 686 2181 nat
712 2161 771 2188 per
791 2154 937 2188 speciale
965 2154 1146 2189 capitulum
1175 2155 1213 2181 ut
1232 2154 1319 2181 infra
1342 2154 1521 2187 „Romanus
1541 2153 1721 2188 pontifex“.
1779 2155 1808 2186 c)
1829 2154 1853 2181 C'
1870 2161 1924 2180 am
1943 2154 2075 2181 Raude:

304 2200 435 2227 videtur
455 2201 639 2228 addendum
661 2209 719 2235 pro
736 2201 994 2229 clarilicacionc:
1015 2202 1068 2236 qui
1092 2202 1131 2229 «lc
1153 2202 1263 2229 cetero
1285 2202 1375 2229 circa
1394 2200 1545 2229 beneficii
1560 2201 1843 2236 impetracionem,
1856 2200 2075 2228 collacionem

302 2248 535 2282 provisionem,
554 2249 847 2283 presentafflonem,
869 2249 1110 2282 investituram,
1134 2249 1399 2277 installaoionem
1427 2249 1496 2276 sive
1517 2249 1617 2276 aliam
1637 2248 1895 2284 disposicionem
1916 2247 2075 2283 qualiter·

304 2302 430 2329 cunque
452 2296 603 2323 unionem
634 2298 695 2325 etc.
728 2297 939 2329 eleccionem,
969 2297 1260 2332 pcrniutacionem.
1336 2297 1367 2326 d)
1396 2304 1414 2325 c
1440 2305 1491 2323 am
1515 2297 1628 2324 Raude
1654 2296 1787 2323 videtur
1817 2295 2075 2331 specificandum

304 2342 426 2369 clarius
443 2343 591 2370 addendo
607 2355 611 2370 :
633 2351 691 2378 pcr
706 2345 959 2371 conv‹·ncioncin
975 2352 1011 2371 ac
1027 2345 1228 2379 paccionem.
1278 2346 1306 2378 e)
1329 2344 1414 2372 Fehlt
1430 2345 1464 2371 E.
1515 2344 1540 2376 f)
1564 2345 1587 2372 Ο
1605 2352 1658 2371 am
1671 2345 1784 2371 Rande
1804 2343 1896 2371 ultra
1915 2349 2075 2371 summam

304 2390 480 2417 taxandam
502 2398 560 2425 per
580 2392 734 2424 generale
756 2392 942 2419 concilium.
1016 2393 1047 2425 g)
1070 2393 1094 2419 0
1111 2401 1160 2418 am
1184 2393 1299 2419 Raude
1320 2392 1381 2419 hoc
1404 2391 1535 2419 videtur
1556 2399 1619 2418 non
1640 2393 1777 2426 propter
1797 2391 1905 2426 ipsum
1926 2389 2073 2418 commit.-

309 2439 428 2464 tcntem
451 2447 479 2471 s>
492 2439 641 2469 moniam,
662 2441 712 2466 set
732 2441 869 2474 propter
892 2439 1045 2467 subditos
1066 2447 1153 2472 suos,
1173 2439 1230 2473 qui
1250 2439 1281 2466 in
1303 2446 1391 2472 casu,
1412 2447 1475 2474 quo
1491 2447 1563 2466 eum
1579 2438 1668 2466 ullus
1683 2439 1867 2474 expelleret
1881 2446 1901 2466 a
1914 2436 2074 2466 beneficio

303 2492 319 2510 u
343 2492 404 2511 uon
427 2493 485 2512 >uo
507 2486 614 2513 indict·
636 2488 667 2513 ct
688 2494 750 2513 non
772 2488 906 2521 pastore
927 2486 1133 2514 indicaretur
1154 2488 1187 2514 et
1209 2488 1382 2521 regeretur
1402 2487 1485 2521 ipsis
1511 2487 1615 2514 eciam
1635 2486 1750 2514 insciis
1776 2487 1809 2514 et
1834 2485 2075 2513 innocentibus

303 2531 379 2557 hin-o
401 2532 486 2559 forte
508 2533 636 2560 cautius
657 2535 821 2567 ageretur,
847 2534 873 2560 si
905 2534 1135 2568 superioribus
1156 2534 1340 2561 auctoritas
1367 2534 1607 2561 concederetur
1628 2541 1736 2568 ymmo
1762 2533 1990 2567 iniungeretur
2007 2531 2074 2567 pri-

304 2579 399 2606 vandi
422 2582 452 2606 ct
475 2580 715 2615 :iliisjsacultas
735 2581 955 2608 donunciandi
977 2582 1026 2609 vel
1049 2582 1227 2609 accusandi
1251 2584 1284 2609 et
1304 2589 1417 2608 eorum
1433 2579 1808 2616 beneficiaimpetrandi
1823 2581 1857 2607 et
1870 2578 2075 2614 acceptandi-

307 2626 385 2653 ltvm
410 2627 448 2653 aul
472 2627 660 2655 evitandum
682 2628 913 2656 difficultatem
935 2629 1096 2663 probandi
1119 2629 1301 2663 symoniam
1322 2629 1398 2656 addi
1413 2630 1537 2664 posset„
1558 2628 1646 2663 quod
1661 2627 1833 2656 sufficeret
1846 2627 1886 2655 (le
1901 2627 1972 2655 eius
1987 2633 2074 2654 com-

303 2673 456 2700 missione
479 2674 599 2701 habere
621 2675 741 2703 indicia
763 2676 958 2703 verisimilia
979 2676 1031 2703 vel
1052 2677 1171 2704 famam
1192 2676 1369 2711 publicam,
1402 2676 1453 2704 cui
1475 2676 1593 2704 saltem
1614 2683 1698 2710 opus
1717 2676 1807 2703 esset
1820 2673 2074 2710 expurgaeione.

303 2720 334 2747 lu
351 2722 372 2747 ί·
388 2730 437 2747 am
458 2722 586 2749 Ranae:
608 2723 841 2750 declarandum
863 2723 1004 2755 videtur,
1028 2723 1159 2758 quai-do
1179 2724 1300 2758 prelati
1324 2725 1501 2751 censentur
1520 2723 1729 2758 negligentes
1749 2723 1782 2750 et
1801 2729 1886 2757 pena
1904 2721 2072 2757 negligen-

305 2767 390 2794 cium
411 2771 524 2802 poss-ft
546 2770 682 2804 exprimi
707 2770 963 2797 determinacius
984 2778 1042 2805 per
1063 2778 1168 2805 quem.
1190 2771 1345 2798 videlicet
1366 2771 1454 2805 quod
1479 2778 1540 2806 pro
1561 2770 1622 2798 illa
1641 2770 1713 2798 vice
1732 2770 1774 2798 ad
1794 2769 1986 2804 superiores
2005 2767 2072 2796 ool-

303 2814 426 2841 lat‹›1·cs
458 2816 597 2843 collat-io
635 2817 785 2844 beneficii
816 2818 1003 2851 symoniace
1032 2818 1226 2852 collati2v1·l
1248 2818 1413 2853 acceptati
1436 2817 1643 2851 devolvatur,
1670 2818 1706 2845 ut
1725 2817 1813 2852 quod
1832 2816 1893 2844 ille
1913 2816 2022 2852 privet
2040 2816 2074 2843 et

304 2862 459 2889 conserat.
498 2863 577 2891 Vide
598 2866 838 2899 consequenter
859 2866 1055 2900 capitulum:
1088 2866 1252 2893 Romanus
1281 2866 1451 2901 pontifvx;
1482 2865 1558 2892 virle
1581 2865 1667 2892 infra
1693 2864 1783 2892 circa
1807 2864 1906 2892 finem
1926 2862 2073 2898 capitulo

307 2909 512 2936 omn-lusum:
535 2911 606 2937 ride
622 2911 652 2938 iu
669 2914 823 2938 sexterno
839 2913 960 2939 «hanimi
983 2913 1115 2940 abbatis
1137 2912 1168 2940 C.
1181 2913 1354 2946 Martinus,
1368 2913 1424 2940 ubi
1438 2920 1525 2948 papa
1538 2912 1622 2940 alias
1636 2911 1769 2939 videtur
1782 2917 1886 2946 penas
1898 2915 2073 2946 apponere.

306 2954 325 2980 i·
348 2958 370 2981 (¹
383 2966 432 2981 um
453 2957 562 2984 li'ande
586 2958 639 2984 [11ιί
655 2961 686 2985 et
702 2967 759 2993 per
775 2967 879 2993 quem.
930 2960 963 2987 k»
987 2961 1010 2988 C
1023 2969 1072 2986 am
1090 2961 1204 2987 Ranae
1225 2968 1284 2995 per
1297 2962 1494 2987 executores
1509 2959 1654 2987 concilii.
1711 2959 1734 2994 1)
1752 2960 1841 2987 Cam
1854 2959 1969 2986 Raude
1981 2956 2071 2984 vide-

305 3006 397 3028 r··tur
418 3003 619 3032 :uhtu-iulum:
641 3008 675 3032 ut
691 3007 731 3033 ab
747 3014 785 3033 ca
801 3014 863 3033 non
879 3007 942 3034 nisi
957 3015 975 3034 a
991 3014 1112 3035 summo
1128 3007 1284 3042 pontifice
1298 3010 1512 3042 preterquam
1533 3007 1565 3034 in
1581 3006 1698 3035 mortis
1712 3005 1855 3034 articulo
1870 3004 2067 3033 absolvatur

424 3064 454 3105 ¹)
484 3065 506 3098 S
532 3064 557 3107 Ϊ.
586 3066 629 3100 72
658 3066 784 3101 stultat.
812 3067 878 3102 mit
906 3067 945 3110 C',
970 3068 1016 3110 D,
1043 3068 1081 3103 E.
