2102 3444
192 117 276 158 510
544 115 589 147 ll.
622 114 831 147 Abschuitt.
874 114 1078 146 Sermones
1109 112 1258 145 concilii
1289 111 1608 148 Constanciensis.

194 234 259 274 sie
296 267 303 274 .
340 266 347 274 .
384 266 391 274 .
439 233 496 274 Ut
530 232 636 284 quia
675 232 773 284 ipse
809 231 865 271 de
901 243 984 272 suo
1019 230 1215 282 imperio
1249 234 1294 272 et
1330 231 1386 272 de
1418 235 1579 274 sancta
1614 233 1826 286 ecclesia,
1861 233 1959 276 sive

193 307 351 355 pacata
378 303 433 345 sit
461 303 557 343 sive
584 314 688 353 non,
716 305 900 343 tenetur
927 301 1159 342 racionem
1187 301 1388 343 reddere
1417 302 1514 344 Deo
1539 303 1586 344 in
1613 303 1748 345 finali
1776 307 1820 346 et
1847 308 1959 347 stre-

193 375 285 426 pito
312 374 491 425 iudicio,
521 377 565 414 ut
593 376 776 414 notatur
802 372 848 412 in
877 385 911 413 c.
939 372 1177 425 principes
1203 373 1361 414 XXIII
1389 386 1430 426 q.
1458 374 1510 415 V.
1554 373 1664 416 Ideo
1689 374 1789 428 ipse
1817 375 1960 428 impe-

194 448 314 485 rator
349 443 603 485 secundum
641 443 942 495 oppinionem
979 443 1228 484 multorum
1266 456 1357 485 non
1394 457 1420 486 a
1456 456 1578 497 papa
1621 444 1706 500 [et]
1752 445 1958 488 Romana

189 515 384 556 ecclesia
416 514 554 555 habet
585 514 782 555 clavium
813 517 1087 566 potestatem
1119 527 1201 556 seu
1234 515 1480 567 imperium
1512 518 1581 557 set
1612 528 1637 558 a
1667 517 1767 558 sola
1797 517 1957 559 celesti

190 586 442 638 maiestate,
476 589 519 626 ut
550 584 766 626 scribitur
795 585 953 626 XXIII
985 599 1026 638 q.
1062 585 1155 626 IIII
1185 586 1431 638 quesitum.
1475 586 1530 628 Et
1559 587 1724 629 merito
1752 590 1959 640 potestas

191 656 445 708 imperialis
482 655 733 696 secundum
771 656 1070 708 oppinionem
1107 656 1363 709 predictam
1400 670 1426 698 a
1461 657 1561 699 solo
1597 658 1695 700 Deo
1732 659 1958 707 asseritur

189 727 457 779 dependere
482 730 525 767 et
550 739 641 768 non
667 739 724 768 ex
749 727 1044 769 institucione
1070 731 1146 770 aut
1171 728 1496 770 commissione
1520 741 1641 781 pape
1667 729 1740 770 vel
1765 729 1958 771 auctori-

188 801 276 838 tate
302 798 511 838 ecclesie.
550 798 661 838 Nam
688 798 772 839 hoc
798 798 981 839 videtur
1007 798 1213 839 convinci
1236 811 1298 840 «ex
1323 799 1618 841 institucione
1644 799 1761 853 legis
1787 800 1956 852 divine,

186 881 242 909 cx
278 868 569 910 institucione
603 869 720 921 legis
753 870 987 921 canonice,
1020 882 1077 910 ex
1110 869 1402 911 institucione
1436 870 1735 913 racionabilis
1767 883 1957 913 consue-

186 939 355 981 tudinis
383 942 427 981 et
455 939 725 992 approbate.

302 1010 456 1051 Primo
485 1011 568 1051 hoc
598 1010 882 1052 convincitur
911 1024 969 1052 ex
999 1011 1290 1053 institucione
1321 1011 1436 1065 legis
1468 1012 1638 1054 divine.
1679 1012 1804 1055 Sicut
1832 1013 1956 1055 enim

185 1094 241 1121 ex
268 1081 557 1123 institucione
582 1081 737 1123 divina
760 1082 930 1123 dictum
953 1086 1024 1124 est
1046 1083 1302 1125 universali
1325 1084 1537 1136 ecclesie,
1559 1086 1608 1125 ut
1630 1083 1755 1126 infr-a
1778 1084 1955 1126 dicetur

187 1153 229 1192 in
268 1153 391 1193 Petri
427 1164 647 1204 persona:
699 1152 766 1194 Tu
803 1165 853 1194 es
890 1153 1056 1195 Petrus
1093 1157 1137 1195 et
1173 1166 1317 1206 super
1352 1154 1469 1195 hanc
1506 1157 1686 1207 petram
1722 1154 1955 1204 edificabo

183 1223 425 1265 ecclesiam
464 1235 613 1265 meam
652 1227 696 1264 et
734 1236 1009 1277 quecunque
1048 1224 1267 1277 ligaveris
1307 1237 1449 1278 super
1487 1228 1660 1267 terram
1698 1229 1797 1278 ete„
1832 1237 1954 1279 equo

184 1295 317 1336 modo
340 1295 443 1347 lege
468 1294 624 1336 divina
649 1294 819 1337 dictum
842 1298 913 1337 est
936 1307 1126 1337 cesaree
1151 1308 1201 1338 ac
1225 1296 1442 1348 potestati
1467 1296 1595 1349 regie
1619 1295 1743 1338 istud
1764 1297 1951 1349 psalmi:

182 1364 378 1418 Accinge
406 1365 561 1418 gladio
587 1369 666 1407 tuo
692 1378 834 1419 super
861 1366 1015 1408 femur
1040 1369 1182 1420 tuum,
1209 1366 1546 1420 potentissime.
1588 1366 1799 1420 Intende,
1825 1379 1954 1421 pros-

180 1448 292 1488 pere
323 1436 524 1489 procede
554 1439 598 1478 et
628 1449 771 1490 regna
801 1440 994 1490 propter
1023 1437 1279 1490 veritatem,
1310 1437 1714 1480 mansuetudinem
1746 1451 1798 1480 ac
1826 1437 1953 1482 iusti-

181 1506 309 1559 ciam,
352 1507 458 1559 quia
501 1507 755 1549 secundum
799 1507 1129 1550 Cassiodorum
1172 1509 1294 1551 libro
1334 1508 1359 1550 2
1403 1509 1725 1561 epistolarum:
1775 1509 1826 1550 In
1868 1509 1952 1552 hoc

179 1579 334 1630 gracia
367 1578 490 1632 regis
524 1579 778 1632 extollitur,
813 1579 851 1620 si
887 1579 934 1620 in
969 1579 1172 1632 equitate
1206 1580 1334 1633 pacis
1367 1580 1592 1634 populum
1627 1579 1795 1634 dirigat
1826 1583 1872 1622 et
1904 1580 1950 1621 in

185 1649 359 1691 iusticie
392 1649 549 1702 vigore
582 1654 837 1693 conservet.
883 1650 983 1692 Hiis
1017 1651 1140 1691 enim
1172 1650 1418 1693 virtutibus
1450 1650 1646 1704 duabus,
1676 1662 1766 1704 que
1797 1650 1953 1692 imme-

183 1719 302 1761 diate
338 1733 363 1762 a
396 1720 496 1762 solo
531 1720 624 1762 Deo
659 1720 928 1773 dependent
959 1724 1004 1762 et
1037 1721 1084 1762 in
1118 1721 1287 1774 quibus
1319 1722 1580 1774 imperialis
1611 1724 1818 1774 potestas
1850 1733 1952 1765 con-

182 1791 313 1844 sistit,
345 1791 590 1833 roboratur
623 1805 673 1834 ac
705 1791 921 1834 firmatur
952 1793 1147 1835 thronus
1178 1792 1366 1846 regalis,
1399 1792 1719 1835 misericordia
1750 1792 1876 1834 enim
1909 1794 1953 1835 et

182 1862 365 1904 veritas.
411 1862 484 1903 Ait
517 1862 722 1915 sapiens:
772 1863 971 1905 Custode
1004 1863 1125 1905 hunc
1156 1876 1314 1917 regem
1346 1867 1391 1905 et
1423 1863 1675 1906 clemencia
1707 1863 1952 1905 roboratur

181 1933 373 1974 thronus
405 1934 519 1975 eius.
568 1933 677 1976 Ideo
707 1934 831 1975 enim
863 1937 1068 1987 potestas
1099 1935 1272 1987 regalis
1303 1937 1347 1976 et
1377 1934 1637 1987 imperialis
1667 1947 1693 1976 a
1724 1935 1823 1977 solo
1854 1934 1952 1976 Deo

183 2004 451 2046 derivantur
490 2008 534 2046 et
571 2005 616 2045 in
653 2005 792 2057 plebe
832 2006 1064 2058 imperant
1102 2018 1153 2047 ac
1189 2009 1386 2059 regnant
1424 2005 1581 2048 divina
1616 2006 1867 2059 voluntate,
1903 2008 1951 2046 ut

181 2086 277 2115 rem
313 2087 615 2127 communem,
649 2088 746 2116 rem
780 2076 1027 2129 publicam,
1062 2089 1160 2117 rem
1194 2077 1370 2129 populi,
1405 2089 1503 2118 rem
1536 2076 1686 2129 patrie
1720 2076 1950 2128 ordinent,

179 2147 454 2198 gubernent,
491 2146 740 2199 stabiliant,
778 2147 1043 2199 iustiticent,
1081 2147 1256 2200 uniant,
1292 2147 1572 2189 concordent
1604 2150 1652 2189 et
1686 2159 1865 2189 morum
1900 2158 1951 2189 ac

181 2216 399 2258 virtutum
427 2217 680 2258 secundum
707 2217 989 2259 Victrovium
1020 2218 1065 2259 in
1094 2218 1214 2260 libro
1242 2218 1298 2259 de
1327 2218 1633 2260 architectura
1661 2217 1838 2260 fructus
1865 2217 1950 2259 flo-

181 2287 320 2340 ridos,
351 2288 528 2330 fructus
556 2289 747 2329 honoris
778 2292 822 2329 et
853 2288 1122 2341 honestatis,
1153 2288 1347 2341 iusticie,
1376 2288 1505 2342 pacis
1534 2292 1580 2331 et
1609 2287 1950 2331 amicabilitatis

180 2358 223 2398 in
256 2371 310 2400 ea
340 2362 526 2411 ponant,
557 2358 750 2401 doceant
780 2372 864 2411 per
894 2360 1162 2413 exemplum
1193 2372 1243 2402 ac
1274 2359 1480 2403 nutriant
1508 2371 1594 2413 per
1624 2359 1948 2413 operacionem

181 2429 429 2471 virtuosam
451 2434 495 2472 et
514 2430 599 2471 hoc
616 2430 797 2472 servari
816 2434 981 2483 cogant
1003 2444 1053 2472 ac
1074 2431 1247 2472 faciant
1267 2434 1384 2472 teste
1408 2430 1690 2473 Cassiodoro
1706 2430 1785 2472 ubi
1807 2442 1948 2483 supra

182 2500 299 2540 libro
327 2502 370 2540 2⁴·
398 2501 594 2553 epistol„
624 2500 700 2542 ubi
729 2501 891 2553 inquit:
938 2501 1076 2542 Decet
1105 2502 1278 2554 regalis
1307 2501 1451 2554 apicis
1475 2513 1635 2543 curam
1662 2501 1948 2555 generaliter

179 2570 410 2612 custodire
435 2570 740 2624 concordiam,
764 2584 852 2623 que
878 2571 935 2613 ad
958 2572 1143 2613 laudem
1168 2572 1406 2625 regnantis
1429 2571 1640 2625 trahitur,
1664 2571 1702 2615 si
1725 2572 1783 2614 ab
1805 2570 1947 2613 omni-

181 2641 264 2683 bus
295 2654 385 2694 pax
418 2644 609 2683 ametur.
655 2641 772 2692 Quid
805 2642 928 2683 enim
962 2646 1045 2694 est,
1078 2643 1199 2694 quod
1232 2643 1492 2695 principem
1524 2642 1693 2684 melius
1725 2641 1946 2695 predicet,

178 2724 314 2763 quam
348 2713 532 2764 quietus
564 2713 764 2766 populus
798 2725 988 2754 concors
1023 2746 1030 2754 .
1067 2746 1074 2754 .
1111 2727 1138 2765 .;
1174 2713 1418 2754 videbatur
1451 2714 1541 2755 iam
1572 2716 1757 2766 tempus
1789 2723 1946 2766 perse-

178 2783 380 2824 cucionis
423 2783 645 2835 defuisse,
688 2796 787 2824 cum
830 2782 1126 2835 Sarracenos,
1168 2796 1269 2825 cum
1312 2796 1532 2837 paganos,
1574 2796 1674 2825 cum
1715 2783 1946 2825 hereticos

177 2866 267 2894 non
304 2866 547 2896 cernamus
581 2854 803 2896 ecclesias
840 2854 1116 2908 dilapidare,
1150 2866 1320 2896 nomen
1358 2854 1530 2897 Christi
1562 2855 1853 2908 extinguere,
1888 2851 1946 2895 ad

176 2924 313 2975 ydola
337 2924 574 2966 adoranda
598 2936 778 2977 cogere,
802 2925 1078 2966 christianos
1103 2925 1406 2966 martirizare.
1442 2926 1541 2967 Non
1565 2925 1711 2967 eciam
1733 2924 1944 2979 videmus

176 3007 256 3036 eos
278 2995 564 3036 christicolas
588 2996 634 3036 in
657 2996 798 3038 armis
822 3008 1062 3048 superare,
1085 3008 1178 3036 non
1201 2998 1352 3037 terras
1374 2995 1731 3037 christianorum
1753 2994 1942 3046 intrare,
