2102 3444
337 180 421 220 666
778 174 843 208 Ill.
874 172 1082 207 Abschnitt.
1122 170 1275 204 Reform
1304 170 1381 203 und
1412 168 1659 212 Verfassung.

339 294 568 336 beneficio
592 303 864 344 quocunque
893 287 1205 330 ecclesiastico
1233 286 1359 328 litem
1388 287 1433 328 in
1463 286 1567 328 foro
1594 287 1793 329 seculari
1822 299 1964 340 super
1989 287 2102 340 peti-

337 364 454 405 torio
477 376 558 405 seu
583 360 874 414 possessorio
898 371 1085 400 movere
1108 356 1450 410 presumpserit
1474 357 1565 398 nisi
1591 356 1711 399 forte
1736 360 1839 410 post
1864 369 1963 399 rem
1988 357 2102 399 iudi-

335 438 479 475 catam
516 434 558 473 in
597 433 698 473 foro
735 430 1051 472 ecclesiastico
1088 428 1133 469 in
1173 428 1264 469 vim
1301 428 1570 469 executorie
1610 427 1827 480 impetret
1863 427 2102 470 brachium

336 504 559 553 seculare,
582 502 638 544 ab
660 500 973 542 ecclesiastico
998 499 1148 540 iudice
1174 499 1447 540 invocatum.
1485 498 1582 539 Non
1607 500 1762 539 tamen
1786 497 2102 551 prohibemus,

334 573 443 626 quin
471 572 608 613 iudex
634 584 715 613 seu
744 569 957 612 dominus
985 568 1209 610 secularis
1238 568 1285 610 in
1313 568 1496 610 dicione
1526 581 1609 610 sua
1636 567 1783 610 eciam
1812 568 1935 610 inter
1958 569 2102 610 eccle-

335 642 543 684 siasticas
578 653 806 694 personas
847 640 892 681 in
933 640 1074 681 rebus
1116 652 1167 681 ac
1206 638 1454 681 beneficiis
1494 638 1824 682 ecclesiasticis
1861 638 1954 680 vim
1993 638 2102 681 fieri

334 716 468 763 vetet,
493 712 575 753 sed
601 712 749 752 solum
777 714 825 752 ut
853 710 909 752 de
938 710 1060 752 facto
1087 709 1178 751 vim
1206 712 1376 761 arceat,
1405 708 1625 751 scandala
1648 709 1911 762 prohibeat,
1938 722 2102 752 causas

333 783 458 835 ipsas
488 785 578 823 tam
609 781 927 834 possessorias
962 793 1098 834 quam
1134 780 1375 833 petitorias
1411 780 1469 822 ad
1504 779 1868 822 ecclesiasticum
1904 779 2102 822 iudicem

333 851 602 894 iudicandas
628 852 843 894 remittat.

969 920 993 945 *
1440 920 1462 945 *

1203 967 1227 992 εκ

626 1049 789 1092 XXIV.
838 1050 906 1092 De
938 1048 1228 1103 litigantibus
1261 1049 1307 1092 in
1340 1049 1468 1091 curia
1499 1047 1805 1103 Romaiia.³)¹)

564 1133 661 1174 Non
691 1132 896 1185 imponat
923 1145 1045 1185 papa
1074 1165 1082 1174 .
1119 1168 1125 1175 .
1163 1165 1171 1173 .

969 1214 992 1238 >k
1440 1214 1462 1238 >k

1204 1261 1226 1285 >xe

798 1352 940 1397 XXV.
980 1354 1050 1397 De
1077 1354 1317 1397 conversis
1343 1354 1402 1397 ad
1427 1354 1627 1408 iidem.²)

446 1436 575 1487 Quod
603 1436 725 1478 bona
752 1437 954 1489 illorum,
983 1436 1060 1490 qui
1086 1439 1420 1479 convertuntur
1448 1437 1506 1479 ad
1535 1436 1695 1489 fidem,
1723 1449 1817 1479 non
1846 1435 2101 1479 confiscen-

330 1510 404 1548 tur
440 1519 527 1560 per
566 1506 811 1549 ecclesiam
852 1507 927 1549 vel
968 1506 1206 1561 principes
1248 1520 1332 1550 seu
1374 1507 1586 1550 dominos
1622 1508 1879 1560 seculares,
1921 1510 1992 1550 set
2028 1507 2100 1550 eis

330 1581 601 1620 remaneant
628 1578 718 1620 nisi
746 1578 837 1620 sint
858 1578 920 1619 de
948 1577 1104 1620 usuris
1130 1578 1204 1620 vel
1230 1578 1350 1621 alias
1376 1579 1499 1620 male
1527 1578 1695 1621 ablatis
1718 1581 1766 1620 et
1790 1581 1898 1621 tunc
1924 1578 2102 1621 ineerta

329 1648 397 1690 eis
430 1648 578 1690 libere
609 1652 895 1690 remaneant.
939 1647 1048 1703 Deb)
1082 1648 1250 1691 ceteris
1282 1649 1576 1702 relinquatur
1604 1661 1768 1691 eorum
1797 1648 2099 1691 consciencie.

444 1789 484 1830 2.
533 1789 797 1843 Dominus³)
837 1789 1165 1833 Bathon'iensis
1199 1789 1448 1844 presidens
1484 1791 1727 1843 proposuit
1761 1790 1820 1832 de
1856 1789 2020 1833 Judeis
2054 1791 2100 1832 et

329 1859 433 1901 aliis
460 1859 735 1902 infidelibus
764 1860 822 1902 ad
850 1860 995 1902 fidem
1025 1860 1195 1904 Christi
1224 1862 1464 1906 conversis
1484 1860 1778 1914 ¹recipiendis
1805 1860 1863 1903 ad
1890 1863 2098 1903 sanctum

329 1929 557 1982 baptisma
588 1930 764 1983 absque
794 1943 864 1983 eo,
896 1931 1018 1983 quod
1050 1934 1261 1984 oporteat
1288 1944 1371 1974 eos
1402 1945 1486 1974 sua
1516 1932 1637 1974 bona
1668 1931 1916 1985 dimittere,
1945 1935 2098 1975 utrum

329 2000 541 2042 videatur
570 2001 811 2044 hon-estius
842 2003 916 2043 vel
946 2001 1254 2045 favorabilius
1284 2002 1359 2044 vel
1389 2002 1563 2044 utilius.

445 2071 499 2112 Et
524 2071 710 2113 tandem
739 2072 952 2115 scrutatis
978 2072 1094 2114 votis
1122 2073 1388 2114 conclusum
1412 2076 1487 2116 est
1511 2085 1598 2126 per
1623 2085 1800 2126 omnes,
1827 2072 1951 2126 quod
1975 2073 2097 2115 bona

328 2141 709 2193 baptizandorum
740 2155 833 2184 non
865 2142 1179 2185 confiscentur
1209 2156 1295 2185 nec
1326 2144 1424 2186 ullo
1455 2143 1590 2185 modo
1623 2143 1908 2196 accipientur
1939 2143 1997 2202 ab
2028 2143 2098 2186 eis

327 2223 412 2263 per
440 2211 646 2264 prelatos
676 2213 750 2253 vel
781 2213 993 2255 dominos
1020 2214 1275 2256 seculares.
1320 2214 1387 2256 De
1419 2215 1539 2256 male
1571 2214 1738 2257 ablatis
1769 2214 1891 2256 bonna
1921 2215 2096 2264 incerta

327 2280 413 2322 sibi
459 2282 752 2324 remittantur
795 2285 869 2325 vel
917 2284 1084 2326 dantur
1131 2285 1177 2326 in
1221 2284 1541 2337 elemosinam,
1588 2284 1645 2326 de
1688 2284 1829 2327 certis
1874 2287 2095 2327 oneretur

327 2364 486 2393 eorum
514 2352 801 2395 consciencia
829 2354 911 2396 sed
938 2355 996 2396 ab
1024 2354 1139 2407 ipsis
1166 2354 1307 2397 nichil
1334 2355 1522 2408 penitus
1551 2355 1845 2411 auferatur.⁰)

965 2436 987 2460 a<
1435 2437 1457 2461 >k

1195 2483 1218 2507 *

384 2561 548 2605 XXVI.
607 2563 643 2606 1.
686 2563 755 2606 De
795 2563 1056 2616 privilegiis
1096 2564 1371 2607 interiorum
1414 2564 1699 2618 prelatorum
1742 2566 2058 2620 concessis.⁴)·

441 2643 570 2694 Quod
596 2645 749 2687 omnia
776 2645 1020 2699 privilegia
1049 2680 1057 2688 .
1093 2680 1102 2687 .
1137 2680 1146 2688 .
1175 2651 1452 2690 revocentur
1479 2681 1488 2689 .
1523 2681 1532 2689 .
1567 2681 1576 2690 .
1605 2647 1869 2690 abbatissis.

430 2794 459 2826 a)
482 2793 568 2821 Rom.
588 2794 668 2826 fehlt
690 2796 719 2820 S.
788 2795 820 2827 b)
841 2794 880 2821 dc
900 2814 907 2821 .
927 2814 935 2822 .
957 2815 963 2821 .
984 2803 1094 2824 conse.
1115 2805 1179 2823 nur
1200 2798 1234 2824 E.
1310 2802 1338 2829 c)
1361 2797 1420 2823 Am
1442 2797 1577 2824 Raude:
1599 2798 1626 2824 Ε
1645 2797 1839 2825 Deliberata
1859 2797 1918 2825 dic
1939 2797 2089 2825 secunda

327 2839 452 2866 Placuit
474 2840 635 2867 omnibus.

439 2889 470 2930 1)
499 2888 587 2923 (ὀᾶ.
613 2890 652 2928 (7,
676 2890 721 2930 l),
746 2891 784 2929 Ε,
810 2891 852 2931 8,·
877 2891 997 2926 Hctrcll
1022 2892 1052 2934 1,
1077 2893 1155 2928 620.

439 2947 470 2988 ²)
498 2947 586 2981 (lod.
613 2948 652 2987 C,
676 2948 721 2988 D,
747 2949 786 2989 Ε,
811 2948 845 2983 S.

441 3005 471 3045 ³)
497 3004 586 3039 cod.
620 3005 653 3039 1'.

441 3062 472 3102 ⁴¹)
499 3062 588 3096 (sod.
611 3062 650 3103 G,
672 3063 717 3104 D,
741 3064 779 3105 E,
804 3064 845 3105 S‚·
869 3064 989 3099 Hardl
1013 3065 1041 3106 1,
1065 3066 1143 3100 6²20.
