2102 3444
265 134 349 176 746
703 130 769 164 III.
800 129 1011 165 Abschnitt.
1053 129 1207 163 Reform
1239 129 1317 163 und
1350 129 1597 174 Verfassung.
2065 113 2102 192 f·

267 254 420 301 tatum,
452 250 691 301 graduum,
724 248 1008 299 meritorum,
1041 247 1128 288 zeli
1160 251 1205 290 et
1234 247 1418 289 numeri
1450 248 1689 301 nichilque
1721 249 2034 304 concludatur,

266 321 354 362 nisi
384 321 428 361 in
459 334 548 372 quo
575 319 842 362 notabiliter
871 318 1016 359 maior
1040 330 1154 370 pars
1183 318 1485 372 consencerit,
1516 318 1600 360 sed
1628 319 1684 361 de
1714 332 1832 362 novo
1861 320 2034 363 delibe-
2099 369 2102 372 ¹

269 396 408 439 retur,
440 394 500 439 ut,
535 391 570 431 si
604 389 711 431 fieri
744 392 907 442 potest,
941 388 999 431 ad
1032 389 1229 430 aliorum
1261 392 1366 431 vota
1396 389 1477 431 alii
1508 389 1732 432 accedant
1760 393 1808 433 et
1840 391 1901 433 ita
1932 404 2034 445 per-

266 463 478 504 veniatur
511 461 566 502 ad
599 460 820 501 maiorem
853 462 1033 512 parte-m
1064 462 1109 501 et
1141 459 1220 501 illa
1253 460 1491 501 conclusio
1519 460 1749 503 scribatur
1780 464 1825 503 et
1855 461 2034 515 legatur

267 532 448 585 publice
479 531 778 583 signeturque
806 542 892 582 per
920 530 1127 572 notarios
1154 529 1377 582 nacionis,
1407 530 1483 583 qui
1514 531 1559 572 in
1589 544 1673 573 suo
1701 532 1900 585 registro
1928 533 2035 575 scri-

268 604 373 644 bant
400 606 445 644 ct
469 602 679 642 cedulam
708 602 934 653 signatam
960 601 1145 642 tradant
1171 600 1445 654 presidenti,
1470 605 1520 643 ut
1546 601 1673 643 illam
1700 602 1911 645 conferat
1934 615 2034 646 cum

267 673 614 726 presidentibus
647 675 906 713 ceterarum
940 672 1200 713 nacionum.

384 756 462 796 l)e
527 754 723 796 forma
788 753 1217 795 concordandi
1280 753 1340 795 in
1405 767 1580 796 unam
1644 756 2034 798 sentenciam

267 825 629 867 deliberata
676 837 786 878 per
831 825 1135 866 naciones
1183 827 1240 867 et
1287 825 1671 868 cardinale-s.

383 896 547 938 Habita
591 896 885 938 conclusione
928 895 1174 937 nacionum
1217 899 1262 938 et
1304 896 1611 938 cardinalium
1653 897 1950 950 presidentes
1991 901 2035 941 et

265 980 384 1009 unus
412 966 660 1008 cardinalis
689 967 826 1008 simul
855 967 1132 1009 conveniant·
1158 969 1204 1008 et
1230 967 1475 1010 conferant
1500 968 1837 1021 conclusiones,
1865 968 1904 1011 si
1931 971 2034 1011 sunt

266 1037 516 1079 concordes
551 1037 596 1078 in
632 1038 818 1080 nomine
856 1037 959 1089 Dei3
997 1038 1036 1079 si
1070 1037 1327 1091 discordes,
1363 1038 1612 1080 videantur
1648 1039 1695 1080 in
1730 1052 1821 1092 quo
1854 1042 1902 1082 e‘t
1933 1052 2035 1082 con-

264 1111 515 1160 gregentur
537 1108 785 1161 generales
809 1108 1016 1161 deputati
1040 1112 1086 1151 et
1108 1108 1309 1162 videant,
1333 1109 1370 1151 si
1396 1109 1517 1151 inter
1540 1122 1590 1151 se
1614 1112 1833 1163 poterunt
1852 1123 2034 1153 concor-

265 1178 390 1220 dare.
436 1179 503 1231 Et,
537 1179 632 1221 sive
664 1179 845 1232 possint
876 1180 973 1221 sive
1006 1192 1114 1232 non,
1146 1179 1358 1222 referant
1389 1180 1557 1222 iterum
1588 1181 1864 1223 nacionibus
1896 1184 1941 1224 et
1972 1180 2035 1224 di-

265 1252 426 1291 cantur
448 1250 615 1292 motiva
639 1250 698 1292 ad
721 1250 977 1302 quamlibet
1000 1253 1194 1303 partem,
1218 1254 1268 1293 ut
1290 1251 1375 1293 fiat
1396 1251 1658 1304 concordia,
1683 1251 1721 1294 si
1744 1251 1903 1305 possit.
1938 1251 2034 1304 Qua

263 1320 419 1362 habita
446 1320 686 1374 signentur
711 1333 797 1374 per
821 1321 1027 1363 notarios
1053 1325 1270 1375 quattuor
1294 1322 1541 1364 nacionum
1563 1326 1729 1376 postea
1753 1322 1801 1364 in
1825 1322 2032 1376 generali

266 1391 474 1433 sessione
530 1392 896 1444 pronuncianda.
965 1392 1011 1436 Si
1056 1396 1209 1435 autem
1252 1406 1346 1435 non
1388 1396 1542 1446 potest
1582 1393 1749 1436 haberi
1791 1393 2033 1437 concordia

264 1461 465 1503 omnium
492 1462 738 1504 nacionum
764 1466 809 1505 et
835 1463 1028 1506 materia
1055 1468 1125 1507 est
1151 1477 1338 1517 urgens,
1365 1476 1509 1517 super
1536 1477 1626 1517 qua
1651 1465 1874 1518 urgencia
1899 1476 2034 1518 gene-

264 1534 388 1575 rales
431 1534 637 1586 deputati
681 1534 981 1588 arbitrentur,
1022 1538 1130 1577 tunc
1173 1535 1474 1578 concludatur
1516 1535 1771 1578 secundum
1813 1536 2034 1578 maiorem

262 1608 441 1655 partem
472 1604 717 1646 nacionum
749 1608 794 1647 et
824 1605 1144 1648 cardinalium.
1189 1605 1235 1648 Si
1266 1619 1359 1648 non
1391 1611 1538 1660 urget,
1572 1605 1839 1660 dimittatur,
1868 1619 1928 1649 ne
1957 1619 2034 1661 po-

263 1678 399 1717 natur
424 1676 471 1716 in
496 1676 691 1719 concilio
717 1676 898 1719 divisio.

380 1758 459 1799 De
492 1758 690 1801 forma
719 1758 1191 1811 pronunciandi
1220 1759 1522 1803 conclusa
1552 1759 1611 1802 in
1642 1759 2032 1802 nacionibus.
2099 1790 2102 1795 .

380 1829 590 1878 Videtur,
617 1830 753 1883 quod,
781 1830 819 1872 si
847 1830 936 1872 sint
963 1831 1150 1873 decreta
1176 1834 1419 1884 perpetu-a,
1442 1831 1614 1874 debeat
1638 1830 1746 1873 fieri
1771 1830 1923 1874 sessio
1947 1830 2033 1873 sol-

264 1900 464 1952 lempnis
488 1900 533 1941 in
557 1901 842 1953 pluvialibus
865 1905 912 1944 et
933 1902 1101 1945 mittris
1123 1915 1210 1944 nec
1231 1905 1386 1944 tamen
1409 1915 1604 1945 necesse
1627 1905 1699 1945 est
1720 1904 1826 1956 post
1845 1902 2033 1944 missam

262 1973 326 2011 tot
351 1971 592 2014 oraciones
619 1971 789 2025 dicere,
816 1975 886 2015 set
912 1972 1088 2015 sufficit
1110 1973 1268 2015 dicere
1294 1986 1433 2015 unam
1459 1973 1534 2015 vel
1561 1973 1717 2027 duasa)
1744 1985 1848 2015 cum
1872 1971 2033 2026 primis

264 2041 542 2094 antiphonis.
588 2042 692 2085 Alia
725 2044 850 2085 enim
884 2044 1038 2086 omnia
1072 2044 1262 2088 suffecit
1293 2044 1464 2087 fecisse
1499 2045 1546 2086 in
1579 2043 1811 2098 principio
1840 2042 2032 2086 concilii.

264 2111 318 2153 Et
346 2112 404 2154 ad
429 2113 514 2154 hoc
543 2114 690 2155 solum
719 2114 910 2157 fuerunt
934 2114 1158 2157 instituta.

386 2183 497 2224 Item
519 2183 717 2237 videtur,
741 2185 863 2238 quod
887 2186 1104 2229 conclusa
1126 2198 1212 2239 per
1234 2187 1456 2229 naciones
1479 2189 1524 2229 et
1547 2185 1813 2229 cardinales
1833 2185 2034 2228 debeant

265 2253 364 2294 dari
391 2254 585 2297 notariis
610 2256 790 2297 concilii
819 2257 999 2309 signata
1024 2270 1112 2310 per
1138 2257 1345 2300 notarios
1370 2258 1617 2299 nacionum
1644 2260 1688 2299 et
1715 2256 2033 2308 cardinalium,

262 2327 324 2375 ut,
358 2325 542 2376 quando
574 2326 788 2379 legentur
816 2327 866 2368 in
900 2320 1125 2381 sessione,
1156 2328 1326 2370 notarii
1358 2328 1604 2370 conferant
1633 2341 1735 2370 cum
1766 2328 1956 2379 lectur—a,
1985 2329 2034 2369 ut

264 2395 405 2437 nichil
434 2396 561 2438 aliud
588 2397 783 2451 legatur,
812 2410 949 2451 quam
975 2399 1217 2441 habebunt
1243 2399 1288 2441 in
1317 2412 1400 2441 sua
1426 2399 1606 2441 cedula.
1644 2399 1843 2452 Aliaque
1869 2397 2032 2462 cedula

266 2465 400 2508 detur
422 2467 581 2509 lectori
606 2469 751 2510 eciam
775 2469 955 2522 signata
977 2472 1026 2512 ut
1046 2482 1203 2523 supra.

384 2537 497 2579 Item
527 2539 638 2580 talia
669 2539 855 2582 decreta
885 2543 1113 2593 perpetua
1145 2541 1284 2583 debet
1314 2542 1472 2594 legere
1505 2542 1715 2594 prelatus
1744 2543 1790 2583 et
1815 2540 1876 2582 de
1907 2549 2031 2581 more

264 2608 467 2658 pertinet
496 2609 552 2650 ad
580 2609 789 2652 ultimum
818 2611 1074 2662 dyaconum
1103 2611 1403 2665 cardinalem,
1432 2611 1523 2654 alia
1550 2624 1663 2654 vero
1689 2624 1782 2654 non
1808 2611 2031 2664 perpetua

266 2681 416 2729 potest
456 2679 574 2722 alius
615 2681 807 2723 minoris
849 2685 993 2724 statu-s
1033 2683 1192 2736 legere
1235 2686 1280 2725 et
1319 2686 1514 2736 possunt
1552 2683 1698 2725 eciam
1736 2678 2031 2736 pronunciari

267 2748 311 2788 in
344 2748 552 2790 sessione
581 2763 674 2792 non
705 2752 968 2805 sollempni.

388 2819 498 2861 Item
539 2822 659 2873 quod
698 2823 856 2866 nullus
896 2824 1065 2866 audeat
1103 2824 1262 2877 legere
1303 2824 1489 2867 decreta
1528 2825 1684 2878 aliqua
1722 2824 1770 2866 in
1809 2822 2029 2874 sessione,

266 2889 355 2930 nisi
387 2890 444 2931 ad
472 2890 556 2933 hoc
584 2904 669 2944 per
698 2896 839 2935 totum
869 2894 1113 2936 concilium
1144 2894 1406 2948 deputetur.

372 3040 401 3067 al
425 3041 469 3067 IIs
491 3040 570 3068 dies.
