2227 3434
139 330 186 385 Ο,
217 330 271 385 Ε,
303 330 348 375 S.

137 401 242 445 XII.
304 401 359 444 Et
407 401 563 444 iurent
609 413 703 443 non

136 473 349 527 recipere
382 475 488 526 post
520 474 705 514 senten-

137 543 231 586 cias
268 543 510 586 esculenta
545 546 591 585 et
624 555 704 596 -po-

134 614 320 656 culenta
345 614 471 656 ultra
495 613 704 656 valorem

140 684 209 727 III
232 684 578 738 florenorum&
617 684 704 726 Ha-

83 766 89 770 ·
136 755 278 798 beant
311 767 495 809 quoque
530 755 704 808 stipen-

136 825 213 869 dia
241 825 299 868 de
329 838 513 869 camera
541 826 616 868 vel
645 825 702 868 de

136 895 383 940 beneficiis
425 897 703 939 coniunctim

135 967 210 1009 vel
254 966 443 1010 divisim
492 967 703 1010 florenos

134 1037 246 1081 CCC
261 1041 312 1080 et
328 1037 453 1092 quod
470 1051 564 1081 non
582 1042 704 1082 stent

135 1121 238 1151 cum
286 1108 606 1152 cardinalibus
655 1109 703 1151 in

632 213 672 248 B.
716 212 964 249 Avisamente
997 214 1066 249 der
1098 213 1415 249 Reformatorien.

693 375 698 379 ,
742 332 780 373 D

721 386 851 445 'CCC
889 406 934 444 et
967 402 1091 456 quod
1126 415 1308 444 moren-

739 475 831 529 tur*
861 473 919 514 ad
967 473 1182 515 libratam
1229 486 1308 527 pa-

740 555 799 596 pe
850 529 944 585 non
995 543 1042 585 in
1094 543 1306 586 domibus

741 613 1060 656 cardinalium.
1098 615 1190 656 Nec
1216 615 1308 656 sint

741 685 863 726 ultra
895 684 1004 726 XVI
1036 697 1122 726 nec
1155 684 1308 738 pauci-

741 767 847 798 ores
891 755 996 798 XII.
1055 755 1109 798 Et
1155 756 1309 797 iurent

722 835 723 886 j
739 838 831 868 non
851 826 1065 879 recipere
1080 829 1185 880 post
1205 838 1309 868 sen-

741 897 918 940 tencias
971 897 1210 940 esculenta
1263 900 1309 939 et

722 968 989 1027 ¹poculenta
1025 969 1148 1010 ultra
1185 969 1309 1010 valo-

721 1033 839 1087 ssrem
902 1039 1042 1080 trium
1105 1039 1309 1081 floreno-

722 1101 857 1152 ¹rum.
912 1110 1002 1151 Nec
1044 1112 1166 1152 stent
1206 1123 1308 1152 cum

1823 217 1909 259 645

1351 333 1398 376 V.

1343 404 1417 445 vel
1449 403 1571 445 inter
1601 403 1834 446 beneficia
1866 407 1910 446 et

1344 475 1577 528 stipendia
1657 477 1910 528 proventus

1345 545 1456 587 CCC
1481 545 1704 587 florenos.
1741 546 1795 587 Et
1817 558 1910 587 non

1346 616 1439 658 sim
1490 616 1612 658 ultra
1664 616 1773 657 XVI
1825 628 1910 657 nec

1343 686 1587 743 pauciores
1616 686 1721 729 XII.
1763 687 1819 728 Et
1847 687 1912 728 iu-

1343 760 1448 799 rent
1461 770 1554 799 non
1570 757 1780 810 accipere
1808 760 1912 811 post

1345 827 1608 871 sentencias
1672 828 1912 870 esculenta

1344 899 1419 940 vel
1481 899 1729 952 poculenta
1790 899 1912 941 ultra

1344 970 1550 1011 valorem
1592 970 1731 1011 trium
1772 969 1912 1012 flore-

1343 1053 1522 1082 norum.
1555 1041 1610 1082 Et
1622 1053 1716 1082 non
1732 1052 1913 1082 moren-

1347 1114 1422 1153 tur
1466 1112 1512 1153 in
1557 1111 1694 1153 domo
1734 1112 1809 1154 vel
1854 1111 1911 1153 ad

137 1178 275 1241 domo
312 1182 362 1222 et
404 1179 496 1223 sint
537 1180 595 1223 de
637 1180 1071 1225 di-}cardinalibus.
1114 1180 1248 1223 Unde
1264 1184 1310 1223 et

136 1249 288 1294 versis
310 1251 563 1304 provinciis
587 1254 631 1294 et
656 1252 702 1293 in
722 1241 723 1266 ³
742 1250 834 1295 sint
870 1251 928 1293 de
967 1251 1167 1295 diversis
1204 1265 1309 1306 pro-

135 1320 282 1364 sacris
317 1321 562 1365 ordinibus
601 1321 906 1365 con-,vinciis
961 1325 1006 1365 et
1060 1323 1108 1364 in
1163 1323 1308 1365 sacris

137 1391 295 1436 stituti.
722 1393 988 1436 ¹ordinibus
1030 1393 1277 1436 constituti.

1345 1194 1582 1235 expensas
1602 1182 1798 1225 alicuius
1816 1194 1912 1224 car-

1346 1252 1530 1295 dinalis.
1569 1253 1624 1295 Et
1648 1253 1741 1295 sint
1764 1253 1822 1295 de
1849 1252 1913 1294 di-

1345 1323 1494 1366 versis
1519 1323 1793 1367 nacionibus
1815 1322 1909 1377 acb)

1348 1397 1596 1437 teneantur
1606 1394 1730 1437 infra
1740 1407 1912 1437 annum

1344 1466 1609 1518 promoveri
1655 1466 1713 1508 ad
1756 1478 1913 1508 sacros

1350 1535 1594 1590 ordines.0)

138 1626 438 1683 Scriptoresd)
475 1628 736 1672 litterarum
770 1630 1129 1683 apostolicarum
1163 1634 1210 1674 et
1241 1629 1581 1684 penitenciarie
1615 1631 1911 1672 assumantur

139 1710 241 1741 cum
269 1698 480 1754 diligenti
506 1701 722 1743 examine
749 1703 797 1743 et
819 1714 913 1743 non
939 1701 1030 1744 nisi
1058 1701 1191 1754 prius
1216 1701 1339 1743 facta
1366 1700 1642 1743 reduccione
1671 1700 1729 1742 ad
1752 1712 1912 1742 nume-

141 1781 243 1812 rum
285 1773 556 1813 consuetum
599 1769 754 1826 qui0)1)
801 1775 903 1814 erat
941 1775 1124 1814 centum
1167 1775 1213 1813 et
1254 1785 1375 1814 unus
1418 1771 1571 1825 quoad
1613 1784 1823 1825 grossam
1867 1773 1912 1812 et

134 1840 302 1894 viginti
339 1844 555 1894 quattuor
595 1842 747 1895 quoad
785 1843 1187 1895 penitenciariam.
1240 1842 1336 1896 Etg)
1381 1842 1504 1895 quod
1543 1855 1636 1884 non
1678 1842 1771 1884 sint
1809 1854 1912 1884 con-

141 1910 297 1965 iugati.
337 1912 393 1955 Et
416 1925 512 1955 non
537 1913 689 1955 locent
714 1913 798 1955 sed
823 1926 909 1966 per
936 1926 986 1956 se
1012 1918 1265 1957 exerceant
1292 1916 1503 1956 cessante
1531 1913 1818 1955 infirmitate.
1859 1913 1913 1954 Et

141 1994 235 2025 non
266 1982 471 2026 habeant
504 1983 678 2037 duplex
713 1983 923 2026 officium
959 1984 1217 2038 scriptorie.
1265 1985 1320 2026 Et
1353 1984 1477 2037 quod
1509 1983 1775 2026 huiusmodi
1809 1983 1913 2026 offi-

141 2052 261 2096 cium
294 2066 389 2096 non
421 2054 665 2107 vendatur,
702 2067 797 2097 non
835 2054 1035 2097 donetur
1070 2067 1156 2097 nec
1194 2057 1485 2108 permutetur
1521 2055 1615 2097 nisi
1650 2068 1737 2108 pro
1775 2054 1914 2097 simili

142 2123 317 2167 officio.

257 2195 622 2238 Abbreviatores
661 2195 807 2239 eciam
842 2209 946 2239 cum
984 2196 1201 2239 examine
1240 2199 1536 2240 assumantur
1575 2200 1619 2238 et
1658 2209 1751 2238 non
1790 2197 1911 2238 ultra

143 2277 389 2309 numerum
415 2265 575 2320 viginti
601 2265 866 2321 quinqueh)

245 2406 275 2439 a)
297 2406 328 2439 0,
349 2406 386 2438 E,
407 2405 432 2434 S
451 2414 503 2433 am
525 2407 640 2433 Ranae
671 2406 783 2440 placet
804 2414 875 2434 cum
897 2406 969 2439 hoc,
989 2406 1076 2441 quod
1099 2407 1154 2433 uhi
1177 2406 1299 2434 dicitur
1320 2407 1359 2434 de
1386 2407 1527 2434 consilio
1557 2408 1590 2434 et
1611 2407 1685 2434 loco
1708 2407 1841 2434 triennii
1863 2413 1917 2441 po-

138 2453 238 2480 natur
256 2453 425 2480 biennium
459 2453 511 2480 vel
545 2460 651 2480 annus
682 2453 712 2481 in
742 2454 833 2481 curia
860 2456 891 2481 et
917 2454 1004 2488 quod
1026 2454 1256 2482 examinentur
1276 2454 1378 2481 eciam
1401 2462 1475 2481 cum
1495 2455 1720 2482 assumuntur.
1760 2455 1831 2481 Das
1851 2453 1916 2487 fol-

136 2501 234 2535 qende
258 2499 405 2528 habeant
429 2522 434 2528 .
455 2520 461 2526 .
482 2521 487 2526 .
509 2500 683 2528 constituti
706 2500 730 2529 S
749 2502 791 2527 im
819 2502 911 2530 Teaet:
941 2502 972 2534 C,
994 2502 1021 2528 E
1041 2509 1091 2527 am
1114 2502 1229 2528 Ramle
1248 2502 1422 2535 einqeleitet
1450 2503 1505 2529 mit
1532 2503 1564 2529 et
1585 2501 1672 2536 quod
1694 2501 1838 2528 habeant
1858 2521 1863 2527 .
1885 2522 1891 2529 .
1913 2523 1918 2527 .

141 2547 174 2579 b)
194 2547 291 2575 Dazu
312 2555 366 2574 am
386 2548 518 2575 Ranae:
538 2555 576 2575 ac
597 2549 784 2581 teneantur,
805 2549 862 2576 alii
885 2548 1041 2576 dixerunt-
1061 2550 1094 2576 et
1117 2549 1184 2576 sint
1204 2549 1236 2576 in
1257 2549 1373 2576 sacris.
1443 2551 1471 2582 c)
1494 2549 1553 2576 Am
1575 2550 1688 2576 Raude
1710 2549 1918 2576 Resormatus

138 2593 175 2621 fit
199 2594 263 2622 iste
293 2594 466 2625 articulus.
507 2597 607 2630 prout
636 2603 720 2622 nunc
751 2596 837 2623 iacet
865 2598 899 2623 et
927 2596 973 2623 sic
1000 2596 1113 2631 placet
1142 2598 1173 2623 et
1203 2597 1408 2631 approbatus
1438 2596 1474 2623 fit
1504 2598 1604 2631 prout
1631 2596 1831 2623 reformatus
1859 2596 1919 2622 est.

138 2641 171 2672 d)
190 2640 216 2670 S
236 2641 306 2676 qeht
325 2649 447 2669 vorans
467 2643 509 2669 im
536 2643 625 2670 Text:
659 2642 853 2671 Deliberata
872 2643 925 2670 die
946 2644 1101 2671 mercurii
1123 2644 1154 2670 iu
1180 2643 1375 2678 septembri.
1437 2651 1466 2670 e)
1489 2644 1543 2677 qui
1565 2665 1571 2674 ,
1592 2664 1598 2670 .
1619 2664 1624 2669 .
1646 2643 1917 2677 penitenciariam

136 2688 217 2722 fehlt
237 2689 276 2717 D.
330 2689 358 2719 f)
379 2689 434 2724 qui
455 2709 462 2716 .
482 2710 488 2715 .
508 2710 514 2715 .
535 2690 646 2717 officio
666 2691 747 2724 fehlt
777 2691 811 2719 Γ,
833 2691 939 2723 (lafar
963 2699 1013 2718 am
1040 2691 1154 2718 Ranae
1175 2690 1317 2718 addatur
1336 2691 1369 2717 iu
1391 2691 1470 2717 line:
1498 2691 1553 2725 qui
1575 2692 1645 2717 crat
1662 2693 1793 2717 centum
1809 2689 1917 2724 quoad

138 2736 322 2771 scriptores
351 2736 541 2764 litterarum
571 2738 832 2772 apostolicarum
868 2738 1005 2772 [quoad]
1038 2738 1311 2772 penitenciariam
1346 2738 1467 2765 xxlul.
1507 2738 1571 2765 Nec
1603 2739 1742 2772 possunt
1775 2737 1916 2763 vendere

139 2783 258 2812 officia.
296 2784 364 2811 Nec
385 2783 425 2811 de
448 2786 558 2812 cetero
586 2788 798 2813 assumantur
819 2786 995 2816 coniussati.
1036 2786 1100 2813 ⁴N'ec
1121 2786 1271 2813 scribant
1301 2793 1360 2820 per
1385 2785 1485 2813 alium
1514 2785 1574 2812 nisi
1605 2793 1642 2811 ex
1665 2792 1764 2811 causa
1786 2784 1918 2811 infirmi-

138 2831 218 2859 tatis
238 2832 290 2859 vel
312 2831 456 2859 alicuius
478 2833 701 2864 necessitatis.
722 2840 785 2867 que
806 2833 998 2860 declaretur
1018 2841 1076 2868 per
1096 2833 1407 2861 vicecancellarium
1436 2833 1486 2859 vel
1515 2832 1799 2867 penitenciarium.
1838 2831 1918 2858 Item

139 2879 227 2913 quod
247 2879 349 2907 habet
371 2887 456 2907 unus
476 2887 539 2908 non
561 2880 625 2907 duo
646 2880 766 2908 officia.
823 2887 855 2912 g)
879 2880 917 2907 Et
937 2901 984 2914 ..,
1000 2880 1110 2907 officio
1131 2881 1212 2914 fehlt
1235 2884 1266 2913 C,
1290 2881 1334 2914 Ε;
1363 2881 1469 2913 dasii(-
1497 2889 1547 2905 nm
1573 2880 1684 2905 Rauda
1707 2879 1817 2905 I'lacet
1833 2878 1917 2912 qumi

138 2925 206 2954 sint
227 2929 361 2954 centum
382 2928 491 2962 quoad
511 2934 662 2962 grossam
693 2930 726 2954 et
757 2927 870 2954 XXIIII
901 2928 1009 2962 quoad
1034 2928 1317 2962 penitenciariam.
1356 2928 1422 2954 Nee
1453 2930 1593 2961 possunt
1623 2926 1717 2952 vendi
1756 2933 1814 2953 nvo
1845 2928 1922 2952 sunt

140 2973 311 3009 coniugati
327 2981 387 3002 nec
408 2975 559 3002 scribant
578 2982 636 3009 per
651 2975 754 3002 alium
768 2975 831 3001 nisi
852 2982 892 3002 ex
915 2982 1014 3002 causa
1037 2975 1249 3002 necessitatis
1271 2975 1321 3001 vel
1344 2974 1558 3005 infirmitatis,
1580 2981 1641 3007 que
1664 2973 1846 3000 necessitas
1867 2972 1920 2999 dc-

139 3020 291 3048 claretur
323 3029 382 3056 per
415 3021 729 3050 vicecancellarium
762 3022 814 3048 ve}
849 3022 1132 3056 penitenciarium,
1164 3024 1196 3047 vt
1227 3022 1313 3055 quod
1345 3028 1429 3048 unus
1462 3021 1609 3055 scriptor
1635 3020 1698 3047 duo
1720 3020 1830 3047 officia
1855 3027 1918 3046 non

137 3056 278 3101 habeat3
311 3068 336 3096 S
358 3069 522 3096 desselbe:
543 3069 656 3096 Placet
676 3089 681 3095 .
704 3089 710 3095 .
732 3089 738 3095 .
760 3069 857 3096 vendi
882 3077 933 3095 nm
957 3069 1094 3103 ernde;
1129 3068 1196 3096 Nec
1219 3089 1225 3095 .
1246 3089 1250 3094 .
1272 3089 1277 3094 .
1300 3069 1421 3095 habeat
1442 3069 1481 3094 im
1511 3068 1605 3101 hart,-
1632 3069 1737 3094 daron
1760 3067 1811 3093 vel
1833 3066 1921 3093 intir-

141 3114 268 3142 mItatis
289 3116 551 3144 dut-chelrichen.
608 3116 640 3143 h)
669 3116 695 3143 V
712 3124 765 3143 am
787 3117 918 3144 Raude:
939 3115 1218 3149 ‚Abbreviatores
1239 3115 1351 3150 placet
1370 3116 1491 3143 textus.
