2102 3444
265 120 350 163 150
799 119 825 154 Ι.
850 118 1062 154 Abschnitt.
1100 117 1502 164 Konzilstagebflcher.

265 237 415 290 posita
448 236 587 279 trium
621 237 1001 279 obedienciarum
1035 237 1302 290 equalitate,
1337 241 1383 280 et
1418 239 1545 281 illam
1578 238 1668 281 nisi
1704 241 1810 281 sunt
1841 239 2035 281 multum

265 308 481 361 probare.
517 308 694 360 Quibus
719 308 959 361 respondit
982 308 1237 351 cardinalis
1261 308 1524 362 Ragusinus
1550 309 1607 351 de
1631 309 1797 351 eadem
1821 307 2036 363 Gregorii

265 378 538 421 obediencia
575 381 621 420 et
655 378 881 432 premisit,
920 379 1042 431 quod
1078 378 1356 432 protestacio
1394 380 1620 422 dictorum
1657 379 1855 421 duorum
1889 379 2037 422 cardi-

264 449 454 502 nalium,
481 462 571 502 qua
596 449 839 502 protestati
865 449 1068 501 fuerant,
1095 449 1218 491 velle
1246 453 1368 492 stare
1396 450 1683 492 ordinacioni
1711 449 1907 504 concilii,
1933 463 2037 504 pro-

263 520 454 563 hibebat
487 533 593 562 eum
627 520 802 576 dicere:
852 520 1035 562 Dathan
1068 523 1113 562 et
1147 519 1339 573 Abiron,
1373 534 1454 562 cur
1488 520 1746 563 sollicitatis
1778 521 2034 574 populum‘.>

269 590 319 632 In
352 590 528 633 effectu
558 590 814 643 respondit,
847 590 970 643 quod
999 603 1093 632 non
1124 594 1225 633 erat
1255 591 1455 645 amplius
1486 591 1625 633 trium
1656 590 2035 634 obedienciarum

267 660 548 704 differencia
567 673 653 703 nec
674 661 874 714 amplius
893 664 1076 714 poterat
1097 661 1203 703 dici:
1227 674 1313 715 ego
1333 675 1434 704 sum
1455 662 1603 715 Pauli,
1625 674 1710 715 ego
1732 674 1834 704 sum
1853 661 2037 716 Apollo,

267 744 352 784 ego
390 744 491 773 sum
528 731 702 785 Cephe,
740 731 823 773 sed
860 744 1022 775 omnes
1060 731 1271 774 dicimus:
1322 745 1408 786 ego
1445 745 1546 775 sum
1585 732 1756 775 Christi
1793 735 1840 775 et
1875 745 2038 775 omnes

265 814 408 844 unum
431 802 646 856 sumusff)
685 803 740 844 Et
762 803 899 855 plura
922 802 1041 845 circa
1064 803 1150 845 hoc
1173 803 1292 845 dicta
1316 806 1422 846 sunt
1447 803 1504 845 ab
1527 806 1725 856 utraque
1749 806 1882 857 parte
1906 805 1952 846 et
1974 802 2037 846 ita

265 884 504 915 recessum
530 875 614 915 est.

383 943 470 986 Die
493 943 682 986 veneris
705 943 852 986 XXII.
878 944 1088 987 Octobris
1110 944 1159 985 in
1182 944 1414 997 deputatis
1439 944 1661 998 predictis
1685 944 1894 998 deputati
1917 943 2039 987 naci-

265 1014 367 1057 onis
390 1013 632 1057 Gallicane
654 1018 1001 1068 proposuerunt
1023 1015 1145 1057 viam
1168 1019 1456 1069 sequentem,
1480 1015 1735 1058 secundum
1758 1028 1897 1069 quam
1917 1014 2039 1058 dice-

264 1084 376 1127 bant
410 1084 597 1127 modum
632 1085 837 1127 oblatum
872 1098 958 1138 per
994 1085 1259 1129 cardinales
1293 1098 1432 1139 posse
1470 1086 1786 1139 interpretari,
1822 1084 2040 1129 videlicet

265 1155 387 1208 quod
419 1158 543 1198 esset
575 1155 622 1197 in
655 1155 888 1198 eleccione
923 1156 1169 1210 collegium
1201 1157 1523 1209 cardinalium,
1555 1156 1684 1199 cuius
1717 1156 2040 1210 requireretur

265 1238 521 1269 consensus
549 1226 746 1268 duarum
773 1226 996 1280 parcium,
1023 1230 1073 1269 ut
1100 1230 1171 1270 est
1198 1227 1255 1269 de
1284 1228 1399 1279 iure,
1428 1231 1474 1269 et
1502 1227 1711 1281 quelibet
1735 1228 1870 1270 nacio
1896 1227 2038 1281 depu-

264 1300 385 1340 taret
408 1310 505 1340 sex.
541 1297 596 1340 Et
619 1297 677 1340 de
701 1297 989 1350 quibuslibet
1012 1298 1244 1350 deputatis
1268 1298 1558 1351 singularum
1579 1298 1825 1341 nacionum
1848 1311 2040 1341 consen-

265 1368 406 1411 tirent
429 1368 519 1410 due
540 1371 699 1422 partes
722 1368 898 1411 scilicet
919 1372 1116 1422 quatuor
1138 1369 1195 1411 de
1218 1369 1427 1422 qualibet
1446 1369 1657 1422 nacione,
1678 1381 1764 1423 per
1787 1381 1925 1422 quem
1947 1382 2040 1412 mo-

265 1439 373 1481 dum
400 1439 616 1482 dicebant
641 1452 802 1482 omnes
828 1439 1050 1482 naciones
1065 1442 1304 1482 contentas
1321 1443 1367 1481 et
1379 1439 1499 1482 viam
1516 1439 1729 1493 precludi
1744 1439 2038 1482 factionibus.

382 1511 468 1563 Qui
502 1511 666 1553 modus
700 1510 787 1553 fuit
820 1511 1118 1564 impugnatus
1149 1523 1235 1564 per
1268 1510 1555 1553 cardinalem
1588 1510 1809 1553 Pisanum
1840 1513 1887 1554 et
1917 1511 2040 1553 inter

267 1581 410 1624 multa
443 1581 626 1634 dictum,
660 1581 784 1634 quod
816 1581 897 1623 ille
931 1581 1095 1624 modus
1128 1581 1316 1635 iniquus
1349 1584 1488 1634 esset,
1522 1581 1630 1635 quia
1662 1594 1748 1635 per
1781 1581 1913 1624 illum
1944 1584 2041 1624 tres

266 1652 353 1694 soli
385 1655 577 1706 possent
609 1652 837 1706 impedire
871 1656 1012 1695 totam
1046 1653 1343 1705 eleccionem,
1379 1653 1597 1706 quoniam
1632 1652 1671 1695 si
1702 1655 1799 1695 tres
1832 1651 2040 1706 deputati

266 1723 323 1765 de
353 1736 447 1766 una
475 1723 671 1765 nacione
703 1723 1020 1777 dissentirent,
1051 1724 1220 1766 ceteris
1249 1723 1465 1766 omnibus
1495 1723 1916 1778 consencientibus,
1945 1735 2039 1766 non

265 1797 424 1847 posset
452 1793 562 1836 fieri
592 1794 778 1837 eleccio.
820 1793 1033 1837 Secundo
1064 1795 1171 1848 quia
1203 1794 1536 1836 difficillimum
1565 1797 1667 1837 erat
1694 1797 1759 1837 tot
1786 1796 1947 1848 partes
1974 1793 2040 1836 di-

264 1877 508 1907 versarum
538 1865 785 1907 nacionum
819 1865 865 1906 in
899 1878 1041 1907 unum
1074 1865 1352 1907 consentire.
1398 1865 1561 1907 Tercio
1593 1865 1703 1918 quia
1734 1867 1861 1908 esset
1891 1865 2038 1919 magis

266 1935 378 1978 dare
403 1936 525 1978 viam
548 1935 844 1989 factionibus,
869 1937 977 1989 quia
1001 1940 1097 1979 tres
1122 1936 1400 1979 sufficerent
1424 1936 1482 1978 ad
1505 1939 1648 1978 totum
1673 1935 2038 1990 impediendum,

268 2011 313 2049 et
335 2006 474 2049 facile
497 2010 623 2050 esset
644 2009 740 2049 tres
764 2007 810 2048 in
832 2010 961 2049 tanto
981 2020 1177 2049 numero
1201 2007 1338 2049 simul
1361 2007 1610 2049 factionem
1634 2006 1769 2060 inire,
1790 2007 2040 2061 presertim

268 2081 440 2120 attenta
470 2078 741 2121 diversitate
770 2077 1015 2120 nacionum
1043 2081 1088 2120 et
1116 2078 1361 2120 inimicicia
1390 2078 1666 2131 aliquarum.

384 2148 777 2202 Archiepiscopus
810 2149 1112 2202 Turonensis,
1145 2148 1394 2202 presidens
1428 2149 1639 2191 nacionis
1673 2148 1928 2201 Gallicane,
1962 2148 2041 2202 qui

268 2220 397 2261 illam
427 2222 750 2273 proposuerat,
782 2223 827 2262 et
858 2219 937 2262 alii
968 2219 1175 2272 deputati
1209 2219 1336 2262 illius
1365 2219 1574 2262 nacionis
1606 2220 1801 2262 moleste
1833 2218 2041 2262 tulerunt

267 2290 623 2344 responsionem
646 2290 898 2333 cardinalis
921 2290 1079 2332 Pisani
1103 2293 1149 2332 et
1173 2289 1328 2343 aliqua
1353 2291 1585 2343 reputavit
1609 2289 1668 2332 ad
1692 2289 1925 2343 iniuriam,
1948 2301 2039 2343 que

265 2361 339 2404 hic
365 2360 535 2415 scripta
557 2374 652 2403 non
677 2364 795 2413 sunt,
821 2364 865 2403 et
889 2373 1058 2414 aspere
1082 2360 1382 2414 replicarunt,
1407 2362 1679 2413 reputantes
1705 2373 1754 2403 se
1780 2359 2038 2404 iniuriatos.

268 2431 532 2475 Cardinalis
562 2432 707 2474 sancti
739 2432 878 2474 Marci
910 2432 1087 2485 recepit
1115 2431 1259 2474 verba
1289 2443 1472 2485 rogans,
1504 2430 1627 2484 quod
1655 2430 1815 2474 nullus
1843 2431 2038 2474 moleste

266 2502 415 2546 ferret
449 2502 642 2546 alterius
676 2503 835 2555 verba,
869 2503 1102 2555 quoniam,
1136 2503 1224 2545 etsi
1260 2502 1437 2555 aliquid
1472 2514 1639 2555 aspere
1676 2504 1911 2555 sonarent,
1945 2513 2039 2544 non

267 2576 423 2616 tamen
447 2573 567 2616 dicta
590 2577 723 2616 erant
747 2586 806 2615 ex
828 2574 983 2616 animo
1004 2573 1051 2614 in
1074 2573 1292 2615 iniuriam
1317 2572 1512 2615 alicuius
1536 2572 1619 2615 sed
1640 2584 1726 2626 pro
1748 2572 1818 2615 rei
1841 2571 2038 2615 utilitate

269 2648 313 2687 et
338 2644 461 2698 quod
485 2644 636 2686 videri
662 2647 843 2698 poterat
867 2644 998 2686 illum
1025 2643 1210 2685 modum
1237 2646 1448 2696 apertum
1474 2656 1560 2697 per
1586 2642 1790 2687 Gallicos
1814 2656 1908 2686 non
1932 2655 2038 2685 esse

269 2728 439 2769 equum
462 2714 723 2769 dupliciter,
748 2715 966 2768 quoniam
990 2718 1035 2756 et
1058 2715 1105 2756 in
1128 2713 1345 2767 eligendo
1367 2717 1413 2756 et
1434 2715 1718 2756 eleccionem
1740 2712 2040 2767 impediendo

269 2786 476 2839 deputati
508 2785 755 2828 cuiuslibet
786 2785 995 2828 nacionis
1025 2785 1261 2827 habebant
1292 2787 1465 2827 tantam
1496 2787 1788 2838 potestatem,
1821 2786 2039 2838 quantam

268 2860 412 2899 totum
433 2856 678 2910 collegium
700 2856 1021 2909 cardinalium,
1043 2856 1120 2909 qui
1144 2859 1250 2897 sunt
1269 2855 1446 2907 ΧΧΙΙΙ;
1470 2858 1517 2898 et
1536 2855 1594 2897 de
1616 2854 1823 2908 qualibet
1843 2854 2038 2897 nacione

268 2940 362 2970 non
387 2930 547 2970 essent
570 2927 661 2970 nisi
688 2940 785 2980 sex,
811 2929 856 2969 et
881 2926 943 2969 ita
967 2929 1143 2969 tantum
1169 2929 1361 2979 possent
1386 2929 1583 2979 quatuor
1609 2925 1666 2968 de
1690 2925 1965 2968 nacionibus
1991 2925 2039 2967 in

388 3000 518 3064 ²5:091.
544 3000 671 3056 [dor.
695 3022 726 3063 1,
750 3020 804 3055 12.
