2102 3444
234 129 290 172 38
755 129 780 162 Ι.
823 129 1033 163 Abschnitt.
1087 128 1485 173 Konzilstagebficher.

355 247 608 300 Gregorius
719 248 919 290 Johanni
1033 248 1266 291 Terrenas
1291 248 1567 292 affectiones
1679 262 1801 292 anno
1824 250 2001 303 nono.²)

356 318 438 359 Die
469 318 629 359 martis
660 318 814 360 XIIII.
850 319 955 360 Maii
991 318 1109 360 sedit
1137 319 1380 361 concilium
1411 323 1568 362 contra
1601 332 1768 373 papam
1800 323 1844 362 et
1874 320 2005 362 illum

237 390 403 430 ilerum
435 392 479 430 et
511 400 750 441 sequaces,
783 389 990 431 fautores
1022 393 1067 431 et
1100 393 1414 443 receptatores
1446 391 1553 432 fecit
1586 391 1734 432 notari
1767 394 1812 432 et
1843 391 1902 433 ad
1930 404 2006 434 vo-

236 459 433 500 candum
465 459 522 501 ad
553 460 713 501 valvas
746 460 837 501 duo
869 460 1133 503 cardinales
1165 461 1356 513 dyaconi
1392 462 1554 513 ultimi,
1587 461 1804 503 videlicet
1835 461 1892 503 de
1925 461 2007 504 Co-

236 530 424 572 mitibus
464 534 509 572 et
549 531 847 572 Florentinus
886 544 986 572 cum
1034 532 1125 572 IIII
1166 532 1398 585 episcopis
1439 533 1496 574 de
1540 533 1633 573 IIII
1673 532 2003 586 nacionibus.⁸)

237 601 345 643 Post
370 601 454 642 hec
481 601 747 643 mandatum
774 605 843 644 est
870 602 1201 645 commissariis
1228 603 1285 645 ad
1312 603 1674 644 examinandum
1700 606 1858 655 testes,
1885 602 2007 656 quod

238 671 472 713 referrent
499 673 818 714 attestationes
846 673 1045 714 testium.
1087 673 1140 714 Et
1168 675 1372 715 surrexit
1399 674 1651 715 cardinalis
1679 673 1823 716 sancti
1854 673 2008 725 Marci,

237 744 307 783 cui
341 743 425 784 hoc
457 742 611 785 fuerat
643 743 700 785 ab
725 743 837 785 aliis
870 744 1115 785 comissum
1147 748 1191 786 et
1224 745 1380 786 retulit
1411 745 1450 785 X
1482 748 1624 786 testes
1657 744 1804 787 fuisse
1837 744 2009 786 exami-

237 817 383 866 natOS,
409 814 632 866 quosdam
658 815 917 867 episcopos,
945 816 1062 857 ali0s
1087 816 1295 867 abbates,
1320 815 1545 868 quosdam
1572 815 1783 858 doctores
1807 819 1853 857 et
1876 815 2008 867 alios,

237 898 432 937 quorum
462 885 780 927 attestationes
815 887 858 926 in
889 887 1240 938 presenciarum
1272 890 1406 928 erant
1435 890 1479 928 et
1509 887 1675 928 obtulit
1704 886 1891 929 illarum
1920 886 2010 928 lec-

238 957 423 998 tionem,
466 955 543 998 Set
573 957 681 1009 quia
710 957 944 1010 prolixum
976 958 1156 1010 fuisset,
1188 957 1343 999 retulit
1374 957 1610 1009 effectum,
1640 956 1857 1000 videlicet
1887 956 2010 1011 quod

238 1027 461 1079 probatur
492 1039 598 1069 esse
632 1027 877 1079 notorium,
911 1028 1034 1080 quod
1067 1028 1188 1070 idern
1223 1028 1265 1070 d.
1299 1029 1539 1070 Johannes
1572 1040 1694 1081 papa
1726 1027 1886 1069 XXIII
1917 1031 2010 1070 tur-

238 1099 371 1151 piter,
392 1099 638 1142 inhoneste
660 1102 705 1140 et
727 1099 1001 1141 scandalose
1024 1100 1069 1140 In
1093 1099 1501 1141 adniinistracione
1524 1102 1722 1152 papatus
1743 1102 1789 1141 et
1808 1098 2009 1141 maxime

239 1171 284 1211 in
324 1170 673 1223 provisionibus
715 1170 1032 1222 ecclesiarum,
1075 1171 1477 1221 monasteriorum,
1519 1171 1824 1223 prioratuum,
1864 1170 2011 1223 digni-

238 1245 380 1283 tatum
404 1254 454 1283 ac
478 1242 676 1283 aliorum
700 1241 1037 1283 beneficiorum
1063 1245 1200 1294 atque
1224 1241 1523 1283 concessione
1547 1241 1822 1294 graciarum,
1845 1253 2011 1294 expec-

238 1313 508 1365 tanciarum,
562 1314 978 1365 prerogativorum,
1033 1313 1433 1365 dispensationum
1488 1316 1534 1354 et
1587 1312 1802 1364 aliorum3
1857 1311 2011 1354 omnia

238 1385 377 1437 enim,
409 1388 457 1426 ut
489 1385 535 1425 in
567 1384 783 1437 pluribus
816 1387 1122 1426 consueverat
1152 1384 1324 1435 facere,
1356 1396 1442 1436 per
1474 1383 1652 1435 sordes,
1684 1395 1770 1436 pro
1800 1382 2012 1436 pecuniis

239 1455 284 1496 in
314 1456 556 1497 excessiva
586 1456 842 1508 quantitate
874 1459 919 1497 et
948 1456 1055 1508 plus
1084 1455 1307 1496 offerenti
1339 1467 1424 1507 pro
1455 1458 1587 1507 pacta
1617 1457 1664 1496 et
1691 1454 1850 1507 precio
1879 1466 2012 1507 apre-

239 1527 355 1569 ciato
390 1530 495 1568 ante
530 1526 847 1580 provisionem
881 1530 926 1568 et
961 1527 1109 1568 adhuc
1143 1526 1371 1568 habuerat
1407 1525 1689 1568 mediatores
1723 1528 1769 1567 et
1802 1524 2012 1567 fautores

238 1599 400 1651 plures
430 1601 713 1640 mercatores
742 1601 788 1640 et
816 1610 1099 1650 campsores,
1129 1597 1206 1650 qui
1236 1598 1342 1650 plus
1373 1597 1419 1638 in
1447 1596 1538 1638 hiis
1566 1599 1843 1649 potestatem
1870 1595 2013 1638 habe-

239 1670 363 1722 bant,
393 1682 530 1722 quam
559 1669 823 1711 cardinales
851 1672 896 1710 et
924 1669 1032 1710 boni
1062 1669 1162 1721 viri,
1192 1669 1354 1721 plures
1383 1669 1529 1709 eciam
1559 1680 1618 1709 ex
1646 1667 1744 1710 suis
1770 1666 2013 1709 familiari-

241 1741 384 1795 busa).
421 1740 678 1793 Omniaque
703 1753 824 1793 pene
849 1741 959 1782 talia
985 1740 1107 1793 apud
1132 1753 1238 1781 eum
1262 1739 1449 1781 venalia
1473 1738 1678 1781 fuerunt.
1715 1738 1770 1780 Et
1794 1739 1882 1780 ista
1907 1740 2013 1780 sunt

240 1812 433 1853 notoria.
486 1812 539 1853 Et
575 1811 782 1864 insuper,
821 1812 943 1863 quod
981 1814 1050 1852 est
1088 1811 1214 1852 fama
1252 1809 1452 1863 publica,
1491 1809 1614 1862 quod
1651 1809 1752 1862 ipse
1792 1808 2014 1851 alienavit

241 1884 376 1936 plura
401 1884 522 1925 bona
545 1882 888 1936 patrimonialia
913 1883 1110 1924 ecclesie
1135 1882 1339 1924 Romane
1364 1884 1522 1934 utpote
1546 1883 1746 1923 castrum
1771 1880 1830 1922 de
1852 1879 2013 1922 Badis-

241 1954 445 2008 cophie²)
478 1953 766 1996 Senensibus
796 1956 840 1994 et
869 1953 959 1994 alia
988 1954 1109 1994 bona
1138 1953 1375 1994 titulorum
1406 1952 1715 1993 cardinalium
1742 1954 1788 1993 et
1816 1950 2012 1993 aliarum

239 2025 543 2067 ecclesiarum
564 2025 693 2066 urbis
715 2025 920 2066 Romane
942 2028 1078 2076 atque
1100 2024 1297 2065 aliarum
1314 2023 1573 2065 forensium
1589 2021 1907 2074 ecclesiarum,
1922 2034 2015 2063 mo-

241 2097 553 2138 nasteriorum
578 2099 623 2138 et
649 2096 846 2137 aliorum
873 2095 1077 2136 locorum
1104 2095 1539 2146 ecclesiasticorum,
1566 2106 1656 2146 que
1682 2092 1828 2135 eciam
1854 2104 2015 2135 secun-

238 2169 346 2210 dum
362 2167 533 2210 famam
551 2167 705 2209 omnia
721 2166 844 2220 apud
860 2178 964 2206 eum
982 2165 1165 2207 venalia
1182 2165 1385 2206 fuerunt.
1409 2166 1462 2206 Et
1477 2164 1746 2206 nominabat
1759 2164 1897 2217 plura
1913 2175 2016 2217 spe-

242 2239 388 2291 cifice,
423 2250 564 2291 super
597 2238 765 2290 quibus
797 2237 1041 2279 concilium
1076 2237 1226 2288 ipsum
1243 2236 1533 2287 decerneret,
1549 2235 1673 2288 quod
1689 2235 1859 2277 iustum
1873 2237 2013 2277 esset.

361 2310 537 2361 Quibus
579 2308 740 2350 relatis
782 2308 922 2350 ceteri
965 2307 1271 2349 comm1ssarii
1313 2309 1358 2348 et
1400 2307 1577 2359 college
1621 2308 1929 2348 surrexerunt
1969 2308 2014 2347 et

244 2380 595 2423 ratificaverunt
621 2379 903 2421 relacionem
931 2377 1210 2420 huiusmodi.

360 2451 462 2494 Hiis
511 2451 621 2494 actis
671 2451 822 2492 statim
872 2451 973 2492 sine
1023 2450 1115 2491 alia
1163 2448 1480 2490 deliberacine
1530 2447 1738 2490 ascendit
1783 2448 2014 2500 pulpitum

243 2524 508 2576 patriarcha
544 2522 862 2564 Antiochenus
899 2524 944 2562 et
980 2521 1090 2573 legit
1128 2519 1412 2561 sentenciam
1451 2519 1754 2561 asistentibus
1791 2518 1880 2560 sibi
1918 2518 2015 2560 IIII

244 2594 476 2648 episcopis
500 2594 557 2636 de
579 2596 776 2646 quatuor
798 2591 1086 2643 nacionibus,
1109 2590 1238 2632 cuius
1263 2590 1499 2631 sentencie
1521 2593 1656 2632 tenor
1676 2590 1784 2632 talis
1806 2592 1894 2631 est:

362 2665 663 2707 Sacrosancta
684 2664 921 2717 generalis
945 2662 1148 2715 synodus
1172 2660 1542 2704 Constantiensis
1652 2672 1774 2703 anno
1796 2659 2012 2713 quinto.³)

351 2798 381 2819 a)
401 2800 436 2819 30
462 2794 496 2819 R.
519 2794 549 2821 (s.
572 2793 610 2819 D.

365 2856 395 2896 ¹)
430 2854 660 2895 Eius-etnim}
690 2853 819 2887 seium·
850 2851 1151 2891 l'rvkuratvrem
1184 2850 1304 2883 Hardt
1338 2848 1402 2890 Il',
1436 2846 1549 2890 192†‚·
1582 2848 1708 2882 Mansi
1740 2845 1899 2888 XXVII,
1928 2845 2015 2886 659,-

247 2913 403 2947 dnlierl:
443 2913 532 2947 Idus
557 2912 667 2953 Mam
693 2912 774 2945 also
802 2911 899 2945 nich!
923 2920 1005 2944 :um
1033 2912 1085 2945 13.
1109 2909 1277 2943 sondern
1302 2909 1354 2942 15.
1380 2906 1476 2940 Mai!

366 2974 379 2993 ²
423 2972 474 3004 Ha
512 2972 517 2977 “
610 2971 680 3004 10?

365 2973 397 3071 ³3
423 2970 655 3073 δἰιέἑεεῗζςαὶἑη
679 3029 762 3063 .ΙοΙι.
787 3027 948 3069 ΧΧΙΙΙ.,·
972 3027 1093 3061 Hardl
1116 3025 1181 3066 11⁷,
1208 3025 1385 3067 183—863
1410 3024 1536 3058 Mansi
1560 3022 1719 3065 XXVII,
1742 3021 1914 3058 652—54.
