2227 3434
546 151 584 185 B.
630 150 876 185 Avisamente
909 151 979 184 der
1010 148 1327 184 Reformatorien.
1735 147 1821 189 635

172 269 239 312 12.
299 269 596 312 Martinus
655 271 761 311 etc.
820 251 1113 319 Quoniam
1173 265 1501 308 beneficia
1559 267 1821 318 propter

53 339 283 382 officia
329 338 760 392 conceduntur
807 339 946 391 ...¹)

691 432 714 456 *
1160 431 1182 455 *

925 477 947 502 ,ιε

495 582 574 626 ΧΙ.
612 584 647 626 1.
686 583 756 625 De
794 582 1003 625 vestibus
1042 581 1371 637 clericorum.²)

168 678 393 721 Statutum
423 677 577 720 felicis
607 676 948 720 recordacionis
981 676 1235 719 Clementis
1265 689 1385 730 pape
1417 677 1470 718 V.
1501 679 1658 718 contra
1689 675 1821 717 cleri-

0 746 5 747 ’
50 761 127 791 cos
155 782 165 790 .
199 782 209 790 .
243 782 252 791 .
279 748 378 791 sive
403 747 670 801 puniantur.
1019 759 1021 761 ·

50 901 89 946 2.
116 901 287 946 Contra
312 900 533 955 prelatos,
561 902 640 955 qui
668 913 757 944 non
784 901 1004 943 incedunt
1031 901 1077 943 in
1106 900 1264 943 habitu
1293 904 1337 942 et
1365 903 1555 942 tonsura
1583 898 1817 942 (lecentif)

167 983 272 1027 Fuit
298 984 579 1037 conclusum,
605 984 730 1037 quod
756 984 925 1038 prelati
954 1017 962 1025 .
998 1017 1007 1025 .
1042 1018 1051 1026 .
1080 983 1448 1025 convenientem.

164 1149 205 1192 3.
263 1149 569 1193 Martinus
623 1153 730 1192 etc.
789 1149 961 1192 Inter
1012 1152 1264 1192 ceteros
1318 1149 1710 1201 prelatorum
1765 1150 1820 1189 et

48 1219 428 1263 clericorum
467 1232 772 1264 excessus
811 1254 820 1262 .
856 1255 864 1263 .
900 1221 950 1274 .³)

688 1303 710 1327 *
1158 1302 1180 1327 *

922 1349 945 1373 *

47 1441 150 1486 XII.
186 1444 224 1487 1.
253 1443 323 1488 De
353 1455 546 1488 numero
575 1446 621 1487 et
649 1444 784 1487 modo
814 1443 1155 1497 assumpcionis
1184 1442 1491 1486 cardinalium
1521 1447 1566 1485 et
1595 1440 1819 1496 qualitate

710 1515 1150 1558 assume11(l0r11m.⁴)

161 1584 276 1637 Quia
321 1585 599 1639 plerumque
647 1586 893 1628 multitudo
937 1585 1182 1639 superflua
1229 1585 1550 1628 confusionem
1595 1584 1817 1626 inducere

45 1656 297 1709 consuevit,
348 1656 604 1709 statuimus,
654 1660 704 1699 ut
754 1656 977 1710 deinceps
1028 1669 1251 1700 numerus
1302 1656 1606 1698 cardinalium
1660 1658 1815 1697 sancte

45 1726 252 1770 Romane
273 1727 469 1770 ecclesie
493 1728 541 1769 in
561 1727 768 1770 futurum
791 1728 1179 1770 assumendorum
1200 1728 1359 1769 decem
1383 1730 1428 1769 et
1449 1730 1548 1769 octo
1570 1739 1663 1768 non
1684 1739 1816 1768 exce-

45 1797 134 1841 dat.
167 1798 266 1841 Sint
284 1801 440 1841 autem
462 1798 548 1840 viri
569 1798 614 1840 in
635 1799 851 1851 sciencia,
872 1799 1079 1840 moribus
1099 1801 1146 1840 et
1166 1811 1323 1840 rerum
1343 1798 1644 1851 experiencia
1663 1797 1815 1839 excel-

44 1868 210 1922 lentes,
244 1869 322 1922 qui
356 1881 449 1911 non
484 1868 688 1912 minores
723 1869 815 1912 sint
847 1869 1035 1922 triginta
1069 1870 1219 1922 annis,
1256 1869 1467 1911 doctores
1503 1869 1549 1910 in
1583 1868 1815 1921 theologia

44 1940 208 1982 saltem
229 1943 459 1993 quattuor,
479 1941 649 1993 reliqui
671 1940 759 1995 ina)
784 1941 886 1982 iure
907 1941 1129 1982 canonico
1148 1940 1222 1982 vel
1244 1940 1367 1982 civili
1388 1942 1549 1993 preter
1567 1940 1814 1982 admodum

44 2022 229 2064 paucos,
267 2011 345 2064 qui
381 2011 502 2054 forte
540 2011 597 2053 de
635 2011 779 2064 stirpe
817 2011 945 2064 regia
982 2012 1056 2054 vel
1095 2011 1246 2053 ducali
1285 2014 1362 2053 aut
1397 2012 1550 2064 magni
1587 2010 1814 2064 principis

43 2080 227 2123 oriundi
269 2081 485 2134 existant,
527 2094 619 2124 non
662 2080 1038 2136 consanguineib)
1084 2083 1281 2125 alicuius
1322 2082 1573 2124 cardinalis
1615 2081 1814 2123 viventis

41 2164 188 2205 usque
221 2152 279 2195 ad
311 2155 524 2205 quartum
554 2152 749 2206 gradum
781 2153 1006 2195 inclusive
1037 2166 1122 2194 nec
1155 2153 1211 2194 de
1243 2153 1408 2195 eadem
1441 2153 1600 2206 stirpe,
1633 2152 1811 2194 familia

42 2223 164 2277 seuc)
194 2222 331 2265 domo
357 2224 430 2265 vel
460 2224 713 2276 agnacione
740 2236 826 2266 nec
853 2224 910 2266 de
939 2237 1032 2266 uno
1059 2223 1223 2265 ordine
1252 2223 1492 2276 religionis
1521 2224 1642 2266 ultra
1670 2235 1811 2264 unum

41 2305 132 2336 non
165 2293 406 2348 illegitime
438 2295 549 2347 nati,
582 2307 674 2337 non
708 2307 903 2348 corpore
939 2294 1105 2348 viciati,
1138 2307 1231 2337 non
1265 2294 1461 2337 alicuius
1494 2294 1702 2338 criminis
1735 2298 1811 2337 aut

43 2363 233 2406 infamie
258 2367 366 2407 nota
390 2365 612 2417 respersi.

156 2435 247 2477 Nec
283 2435 369 2478 fiat
403 2447 564 2478 eorum
601 2436 772 2479 eleccio
808 2449 893 2489 per
929 2437 1209 2479 auricularia
1247 2440 1350 2479 vota
1387 2437 1689 2489 solummodo,
1726 2436 1810 2478 sed

41 2505 107 2547 illi
143 2506 291 2548 solum
324 2506 434 2559 eligi
467 2509 512 2548 et
543 2508 717 2549 assumi
751 2507 942 2560 possint,
976 2507 1023 2548 in
1058 2519 1173 2560 quos
1206 2507 1326 2550 facto
1359 2520 1471 2549 vero
1504 2508 1725 2549 scrutinio
1758 2520 1810 2549 ac

39 2574 274 2627 publicato
303 2576 526 2618 maiorem
557 2580 737 2630 partem
766 2577 1072 2620 cardinalium
1102 2591 1189 2632 per
1220 2577 1613 2631 subscripcionem
1646 2590 1809 2619 manus

38 2646 227 2699 proprie
259 2646 515 2691 constiterit
546 2648 852 2702 collegialiter
884 2649 1192 2693 consensisse.
1240 2649 1294 2691 Et
1326 2650 1577 2702 apostolIce
1612 2647 1804 2701 littered)

38 2804 58 2833 (1
143 2762 173 2792 a)
194 2759 314 2787 saltem
336 2781 341 2787 .
363 2781 368 2787 .
390 2781 396 2787 .
417 2761 448 2788 in
469 2761 549 2795 fehlt
575 2763 610 2789 E.
627 2762 660 2790 S.
716 2763 748 2790 1»
771 2763 856 2790 Pehlt
878 2764 909 2796 ζ’,
930 2765 954 2791 ‚5
977 2764 1083 2797 rlnsiir
1104 2764 1219 2791 arunas
1241 2772 1297 2791 scu
1320 2764 1508 2791 attiuvutes.
1565 2765 1592 2796 c)
1614 2764 1698 2790 Fchl!
1724 2765 1760 2790 Ι).
1784 2764 1809 2789 li

59 2806 70 2839 )
90 2806 174 2834 Femt
195 2808 230 2834 E.

159 2856 190 2898 ¹)
218 2856 669 2900 Generalreformdelsre!
693 2859 762 2892 cler
785 2858 912 2893 Sessio
935 2869 1018 2901 qen.
1043 2858 1191 2899 XLIII„
1216 2858 1364 2892 He'c'bler
1394 2860 1453 2893 16]
1477 2859 1501 2901 Τ.

157 2915 190 2956 ²)
213 2914 294 2949 Nur
314 2914 404 2950 Cod.
426 2915 470 2957 D,
494 2915 527 2950 S.
551 2915 667 2959 viillz'q
690 2917 1059 2952 iibereinslimmend
1082 2918 1186 2961 θεᾶν.
1209 2916 1329 2951 Hardl
1353 2916 1382 2958 I,
1405 2917 1472 2951 635
1496 2917 1571 2951 und
1593 2917 1671 2952 0113.

156 2972 188 3014 ³)
215 2971 667 3017 Generalreformdeltrel
690 2975 759 3009 der
782 2974 909 3010 Sessio
931 2986 1013 3019 aen.
1039 2974 1183 3017 XLIII;
1209 2975 1357 3010 Hiibler
1382 2976 1448 3010 162
1469 2975 1493 3018 f.

155 3030 192 3074 ⁴¹)
216 3029 306 3065 Cod.
330 3031 376 3073 D,
402 3031 441 3074 E,
466 3031 500 3066 S.
