2102 3444
299 102 383 147 178
834 102 858 135 1.
884 100 1094 137 Abschnitt.
1134 100 1534 145 Konzilstagebiicher.

299 223 447 264 erunt.
487 220 632 272 Quam
659 220 717 262 ob
745 232 842 262 rem
871 218 993 262 idem
1022 218 1236 262 dominus
1261 222 1420 262 noster
1447 219 1654 262 decrevit
1678 231 1932 273 prorogare
1957 222 2070 262 tem-

298 303 386 344 pus
412 290 470 333 ad
496 293 670 333 certum
696 291 946 332 terminum
973 291 1074 332 sine
1101 290 1424 343 assignacione
1451 290 1553 343 loci,
1579 289 1686 344 quia
1712 289 1898 332 interim
1922 289 2069 332 inten—

300 361 438 404 debat
463 361 657 404 consilio
683 360 950 404 serenitatis
977 364 1130 404 vestre
1159 364 1203 403 et
1231 360 1427 403 aliorum
1453 361 1714 415 principum
1741 360 2068 404 catholicorum

300 432 653 475 convenientem
683 432 832 474 locum
863 432 1038 485 eligere
1068 435 1113 474 et
1141 431 1396 485 publicare,
1426 432 1483 474 ad
1513 444 1650 486 quem
1679 431 1851 474 fideles
1878 434 2070 485 possent

300 503 572 557 affluenter,
609 503 723 545 sicut
761 502 1029 557 magnitudo
1066 515 1223 544 rerum
1259 502 1572 556 gerendarum
1610 503 1767 556 exigit,
1805 502 2070 545 convenire.

302 574 492 616 Interim
526 573 969 627 supervenientibus
1002 573 1182 615 nunciis
1216 576 1369 616 vestre
1404 573 1694 616 celsitudinis
1728 585 1870 626 super
1901 573 1987 616 hac
2019 584 2070 615 re

301 644 358 686 ad
381 644 582 687 eundem
605 645 646 687 d.
670 647 878 687 nostrum
902 644 1145 687 destinatis
1169 644 1423 686 secundum
1447 644 1802 698 responsionem
1824 643 1895 686 eis
1917 643 2070 686 datam

300 714 423 757 idem
446 715 488 757 d.
512 718 671 757 noster
695 715 752 757 de
777 727 1007 758 consensu
1031 715 1149 757 sacri
1174 715 1357 768 collegii
1383 712 1585 758 destinat
1608 714 1666 757 ad
1690 717 1815 757 tuam
1838 713 2071 757 celsitudi—

302 798 408 827 nem
432 795 619 827 revmum
644 798 688 839 p.
714 790 976 828 sanctorum
1002 786 1167 829 Cosme
1191 789 1235 828 et
1259 785 1487 839 Damiani,
1512 799 1546 829 s.
1571 786 1621 828 R.
1646 798 1685 827 e.
1710 785 1953 828 diaconum
1977 797 2072 828 car-

300 855 505 898 dinalem
538 856 859 899 Florentinum
892 856 1146 910 vulgariter
1180 859 1509 910 nuncupatum,
1544 856 1847 910 spectabilem
1879 855 2072 899 militem

301 927 864 980 Constantinopolitanum
913 927 953 970 d.
1007 927 1269 970 Manuelem
1317 927 1660 970 Chrissoloram
1708 926 1830 970 inter
1876 926 2073 980 optimos

302 998 426 1041 viros
449 998 760 1040 clarissimum
785 1011 836 1041 ac
859 998 1081 1052 precipue
1106 998 1420 1052 reputacionis
1443 999 1593 1040 virum
1615 1001 1660 1041 et
1684 1011 1756 1041 me
1781 998 1901 1040 inter
1925 1010 2073 1041 sacro-

300 1072 456 1111 sancte
477 1069 528 1111 R.
547 1082 587 1110 e.
608 1069 872 1112 cardinales
892 1069 1132 1111 minimum
1152 1073 1196 1112 et
1217 1069 1470 1123 indignum.
1503 1069 1609 1111 Tria
1630 1071 1750 1123 sunt,
1771 1068 2073 1112 serenissime

300 1139 534 1193 princeps,
570 1152 660 1193 que
696 1141 896 1182 maxime
932 1144 1117 1183 movent
1152 1140 1494 1183 sanctissimum
1530 1141 1572 1182 d.
1609 1143 1818 1183 nostrum
1855 1139 1914 1182 ad
1947 1142 2072 1182 tuam

301 1210 626 1253 celsitudinem
666 1210 1068 1264 inpresenciarum
1108 1211 1284 1253 habere
1326 1224 1580 1253 recursum.
1633 1211 1839 1253 Primum
1878 1210 2073 1265 probata

301 1282 519 1335 exempla
540 1294 729 1324 suorum
749 1281 1153 1335 predecessorum.
1186 1282 1405 1325 Scrutans
1426 1283 1614 1325 annalia
1636 1281 1811 1324 invenit
1831 1281 1994 1335 plures
2014 1293 2073 1324 ex

302 1352 521 1396 Romanis
543 1352 845 1406 pontificibus
869 1365 895 1396 a
917 1352 1030 1396 sede
1052 1353 1176 1395 beati
1199 1353 1325 1395 Petri
1347 1353 1618 1395 exturbatos
1642 1352 1700 1395 ad
1723 1353 1928 1406 aliquem
1948 1352 2074 1406 prin-

301 1423 451 1476 cipum
479 1423 746 1476 confugisse
772 1423 968 1477 eiusque
996 1423 1173 1466 auxilio
1197 1423 1432 1477 perfracta
1458 1423 1834 1466 adversariorum
1859 1423 2075 1477 potencia

303 1494 462 1536 sedem
498 1493 796 1548 apostolicam
832 1497 1154 1548 recuperatam
1190 1494 1351 1537 fuisse.
1399 1494 1661 1537 Secundum
1697 1497 1767 1537 est
1802 1494 2074 1536 connexitas

304 1568 348 1607 et
381 1566 628 1618 proporcio
663 1564 898 1619 dignitatis
933 1564 1192 1618 imperialis
1227 1564 1285 1608 ad
1319 1565 1619 1619 apostolicam
1653 1568 1697 1608 et
1731 1564 1983 1619 apostolice
2017 1563 2076 1607 ad

304 1635 610 1689 imperialem.
652 1635 788 1690 Audi,
818 1636 930 1690 quid
959 1648 1101 1690 super
1129 1636 1215 1678 hac
1243 1649 1294 1678 re
1324 1635 1526 1678 senserit
1553 1648 1673 1678 unus
1702 1648 1762 1678 ex
1790 1636 1881 1678 tuis
1909 1634 2076 1690 prede-

304 1706 588 1749 cessoribus!
631 1706 845 1760 Maxima,
871 1706 1033 1761 inquit,
1061 1710 1165 1749 sunt
1193 1707 1239 1748 in
1264 1706 1532 1750 hominibus
1559 1706 1680 1749 dona
1706 1706 1793 1749 Dei
1818 1719 1845 1749 a
1871 1718 2076 1760 superna

305 1777 471 1820 collata
507 1777 773 1831 clemencia,
809 1776 1119 1820 sacerdotium
1154 1781 1198 1820 et
1234 1777 1495 1832 imperium,
1531 1777 1649 1820 illud
1683 1776 1871 1831 quidem
1906 1776 2077 1820 divinis

305 1847 590 1901 ministrans,
622 1848 706 1891 hoc
739 1851 892 1891 autem
922 1848 1139 1892 humanis
1171 1848 1420 1902 presidens
1452 1861 1511 1891 ex
1541 1861 1633 1891 uno
1665 1848 1923 1902 eodemque
1952 1847 2078 1902 prin-

304 1919 425 1972 cipio
454 1921 650 1972 utraque
679 1918 980 1972 procedentia
1010 1920 1259 1962 humanam
1289 1923 1518 1962 exornant
1548 1919 1700 1962 vitam.
1747 1919 1905 1973 Itaque
1934 1918 2077 1961 nichil

306 1990 372 2031 sic
395 1989 483 2033 erit
507 1989 765 2033 studiosum
789 1989 1151 2043 imperatoribus
1175 1991 1291 2033 sicut
1316 1990 1608 2033 sacerdotum
1631 1990 1865 2035 honestas.
1900 1989 2014 2032 Nam
2039 1989 2077 2032 si

307 2060 616 2102 sacerdotium
644 2061 928 2114 inculpabile
958 2061 1013 2103 sit
1038 2061 1245 2114 undique
1274 2065 1318 2103 et
1346 2061 1469 2114 apud
1498 2062 1645 2103 Deum
1674 2061 1847 2103 fiducia
1871 2061 2077 2114 plenum,

308 2131 554 2185 imperium
588 2134 740 2174 autem
775 2135 898 2173 recte
933 2134 978 2174 et
1011 2134 1328 2185 competenter
1362 2131 1806 2183 exornettraditam
1839 2130 1928 2174 sibi
1961 2143 2078 2173 rem-

307 2202 555 2255 publicam,
584 2202 671 2244 erit
699 2203 1000 2244 consonantia
1028 2202 1227 2255 quedam
1256 2203 1391 2255 bona,
1419 2214 1570 2255 omne,
1599 2201 1825 2256 quidquid
1851 2202 1966 2245 utile
1993 2204 2077 2255 est,

307 2272 509 2315 humano
533 2273 696 2326 generi
723 2272 986 2314 conferens.
1025 2273 1237 2314 Tercium
1263 2276 1346 2325 est,
1372 2273 1419 2314 in
1446 2286 1535 2325 quo
1559 2276 1663 2326 post
1689 2273 1837 2315 Deum
1861 2272 2079 2315 formavit

309 2342 629 2386 sanctissimus
651 2343 692 2385 d.
715 2346 874 2386 noster
897 2355 1113 2386 ancoram
1137 2343 1237 2396 spei
1260 2355 1361 2385 sue:
1399 2343 1687 2386 divinissime
1711 2343 1791 2386 ille
1815 2344 2010 2386 virtutes
2034 2346 2079 2386 et

307 2416 437 2467 gesta
464 2413 635 2467 inclita,
664 2426 753 2467 que
780 2417 825 2456 te
853 2413 910 2456 ad
938 2414 1116 2467 apicem
1145 2414 1399 2467 augustalis
1427 2413 1664 2468 dignitatis
1689 2417 2008 2468 provexerunt
2034 2416 2079 2456 et

310 2484 627 2527 indubitanter
665 2484 890 2537 efficient,
930 2488 977 2526 ut
1016 2497 1209 2526 munere
1249 2484 1481 2538 imperiali
1519 2484 1657 2539 digne
1696 2487 1742 2527 et
1780 2484 2078 2528 laudabiliter

309 2554 623 2608 perfungaris.
667 2554 906 2608 Siquidem
938 2556 1058 2597 inter
1089 2567 1250 2597 omnes
1281 2555 1586 2608 operaciones
1615 2555 1843 2599 humanas
1874 2556 2080 2609 operaci-

310 2638 424 2668 ones
460 2626 714 2669 secundum
748 2627 965 2668 virtutem
1002 2629 1106 2668 sunt
1142 2625 1406 2668 stabiliores
1441 2629 1486 2668 et
1519 2625 1938 2680 permanentiores,
1971 2625 2079 2680 quia

310 2696 607 2750 operationes
633 2696 851 2739 virtutum
877 2696 1077 2739 maxime
1104 2696 1408 2738 intenduntur
1434 2699 1626 2751 propter
1652 2696 2009 2739 delectationem
2034 2699 2080 2739 et

312 2767 505 2810 materia
533 2770 670 2820 atque
700 2767 974 2810 exercitium
1004 2767 1222 2809 virtutum
1251 2767 1466 2809 continue
1496 2767 1631 2811 nobis
1659 2770 1917 2821 occurrunt,
1943 2779 2080 2822 prop-

312 2842 382 2880 ter
418 2838 541 2892 quod
577 2838 764 2881 habitus
800 2837 982 2881 virtutis
1018 2837 1162 2891 magis
1200 2837 1246 2879 in
1282 2837 1417 2880 nobis
1454 2838 1683 2881 firmatur.
1733 2838 1954 2881 Permitte
1991 2850 2079 2891 me,

310 2909 645 2961 gratiosissime
683 2909 959 2962 principum,
995 2911 1099 2961 post
1135 2908 1278 2950 calles
1316 2908 1545 2961 spinosas,
1583 2921 1698 2962 quas
1734 2908 1995 2963 peragravi,
2032 2909 2079 2951 in

310 2982 410 3021 orto
441 2979 728 3033 deliciarum,
760 2991 897 3032 quem
927 2978 1131 3032 propriis
1163 2979 1447 3021 conservasti
1479 2980 1708 3032 manibus,
1738 2979 1980 3033 paululum
2010 2991 2080 3021 re-
