2102 3444
176 141 233 184 30
699 140 724 174 Ι.
765 139 976 175 Abschnitt.
1028 138 1430 185 Konzilstagebticher.

179 262 224 301 et
246 261 391 302 semel
414 259 530 302 duos
552 272 611 301 ex
635 260 730 301 illis
752 259 978 301 doctores.
1012 259 1090 302 Set
1110 271 1203 301 non
1225 262 1476 313 potuerunt
1498 259 1631 312 scire,
1653 262 1805 301 utrum
1828 270 1951 312 papa

180 330 244 372 ibi
268 334 394 373 esset
418 331 491 372 vel
517 343 625 383 non,
649 331 836 383 publice
862 330 1103 372 dicebatur
1129 343 1234 372 eum
1260 330 1526 375 recessisse.
1566 330 1659 372 Alii
1683 342 1795 371 vero
1820 329 1952 371 fami-

151 403 154 407 ’
179 401 414 454 liaresque
441 402 510 443 sui
537 405 581 443 et
606 402 773 443 secreti
798 401 1068 443 cubicularii
1086 401 1301 443 dicebant
1317 414 1367 443 se
1383 402 1580 453 nescire,
1596 402 1705 454 quia
1720 412 1951 443 cameram

179 485 271 514 non
302 473 550 514 intrabant.
598 473 688 514 Nec
718 473 883 514 haberi
914 473 1062 525 potuit
1092 472 1319 515 certitudo
1350 485 1497 525 usque
1530 472 1589 514 ad
1620 472 1781 513 horam
1814 471 1953 524 septi-

153 584 158 590 ,
182 556 301 585 mam
324 547 427 597 post
452 543 710 597 meridiem,
736 556 825 596 qua
849 543 963 585 hora
988 543 1271 586 Bindachius
1295 543 1482 596 quidam
1508 543 1680 585 nobilis
1704 542 1953 584 familiaris

180 627 300 668 pape
328 615 453 656 venit
481 615 538 657 ad
564 614 758 657 nuncios
786 614 1017 667 referens,
1044 627 1213 667 papam
1241 615 1322 656 illa
1349 615 1424 656 die
1451 617 1496 656 et
1522 617 1655 655 nocte
1681 612 1953 666 precedenti

181 685 329 727 fuisse
353 686 557 739 graviter
583 685 871 727 infirmatum
896 688 941 727 et
967 698 1073 727 esse
1100 685 1146 726 in
1170 685 1394 738 hospicio,
1421 685 1581 726 dicens
1607 684 1788 727 duobus
1813 683 1955 725 domi-

180 758 254 799 nis
284 756 616 809 cardinalibus,
648 757 771 809 quod
801 757 944 798 vellet
974 757 1125 809 primo
1157 757 1283 809 loqui
1315 769 1416 798 cum
1448 756 1556 798 illis.
1600 754 1751 808 Super
1781 768 1873 808 quo
1903 767 1953 797 se

182 831 479 881 excusarunt,
513 828 755 881 quod-soli
789 840 883 869 non
916 830 1145 880 poterant,
1180 828 1345 869 saltem
1379 830 1486 869 ante
1521 826 1800 879 explicatam
1834 826 1956 879 lega-

184 899 377 941 cionem.
426 899 593 941 Postea
630 899 879 951 mandavit,
915 898 1039 951 quod
1073 901 1166 940 tota
1202 898 1379 951 legacio
1415 898 1565 940 adiret
1601 910 1707 938 eum
1743 900 1788 939 et
1824 896 1958 939 daret

183 970 489 1022 audienciam,
507 970 594 1012 sed
615 969 829 1012 videntes
849 970 1006 1011 nuncii
1027 970 1189 1012 horam
1211 969 1405 1021 tardam,
1427 969 1709 1011 distulerunt
1731 968 1779 1009 in
1799 967 1956 1010 crasti-

182 1054 306 1084 num.
356 1042 453 1093 Quo
491 1053 627 1083 mane
664 1041 874 1082 exhibita
910 1041 1098 1082 domino
1134 1053 1255 1093 pape
1293 1039 1566 1082 reverencia
1603 1039 1957 1092 explicaverunt

184 1113 471 1166 legacionem
502 1115 546 1154 et
578 1112 809 1153 dederunt
841 1113 888 1153 in
920 1112 1104 1164 scriptis
1136 1111 1472 1166 securitatema)
1507 1110 1631 1164 regis
1662 1123 1748 1163 per
1779 1109 1959 1151 litteras

184 1187 412 1236 patentes.
450 1184 504 1226 Et
528 1184 657 1225 illam
681 1183 930 1235 explicavit
953 1183 1207 1225 cardinalis
1233 1182 1378 1224 sancti
1407 1182 1559 1223 Marci.
1596 1181 1694 1233 Qua
1720 1181 1958 1234 legacione

186 1255 341 1298 audita
365 1244 487 1308 papa
512 1255 755 1307 respondit
778 1254 902 1295 velle
926 1257 972 1296 et
995 1266 1182 1307 semper
1206 1254 1412 1296 voluisse
1438 1253 1551 1295 dare
1576 1264 1737 1305 pacem
1761 1251 1960 1294 ecclesie

185 1339 271 1380 per
294 1339 424 1369 suam
447 1326 722 1379 cessionem,
745 1325 861 1368 sicut
883 1325 1177 1378 promiserat,
1201 1328 1246 1366 et
1268 1324 1330 1367 ita
1353 1325 1542 1366 omnino
1564 1323 1736 1376 exequi
1759 1322 1959 1364 volebat.

188 1398 386 1440 Dolebat
412 1411 462 1440 se
488 1410 573 1451 per
600 1400 772 1438 metum
798 1396 1041 1438 cadentem
1067 1396 1115 1437 in
1140 1398 1427 1437 constantem
1453 1397 1659 1437 coactum
1685 1394 1818 1436 exire
1846 1392 1962 1436 Con-

187 1470 363 1511 stancia
399 1472 443 1511 et
479 1470 541 1511 ita
575 1468 850 1510 transivisse
887 1468 946 1509 de
980 1468 1081 1510 loco
1118 1467 1176 1509 ad
1212 1468 1362 1508 locum
1397 1466 1630 1508 hostiliter
1665 1467 1961 1519 prosequtus,

188 1553 357 1593 neque,
392 1543 440 1581 ut
477 1540 621 1592 aliqui
659 1538 1009 1592 presumebant,
1045 1538 1231 1580 volebat
1265 1538 1470 1579 transire
1507 1536 1566 1579 ad
1602 1536 1818 1589 Ytaliam‚
1855 1534 1963 1588 quia

188 1613 310 1654 viam
333 1611 613 1653 contrariam
635 1613 851 1652 tenuerat
873 1609 1107 1651 veniendo
1129 1609 1187 1651 ad
1210 1609 1316 1650 illas
1340 1611 1513 1662 partes,
1535 1607 1615 1650 ubi
1637 1610 1752 1649 erat.
1787 1606 1866 1649 Set
1887 1619 1962 1648 vo-

192 1684 318 1725 lebat
342 1683 412 1724 ire
438 1682 497 1724 ad
522 1682 779 1735 Franciam,
805 1681 935 1723 cuius
960 1693 1097 1733 reges
1122 1683 1169 1722 et
1192 1679 1430 1733 principes
1454 1681 1799 1720 consueverunt
1821 1678 1966 1719 eccle-

192 1755 307 1796 siam
338 1756 383 1796 et
412 1754 644 1795 Romanos
674 1752 924 1805 pontifices
956 1752 1189 1794 sustinere
1220 1754 1266 1792 et
1297 1750 1512 1793 scismata
1541 1749 1724 1791 tollere.
1768 1749 1965 1801 Jamque

193 1827 385 1867 miserat
408 1825 518 1866 illuc
539 1828 585 1866 et
606 1824 793 1866 volebat
815 1835 864 1865 se
887 1835 1065 1876 ponere
1089 1823 1136 1864 in
1159 1822 1374 1864 manibus
1397 1821 1660 1875 principum
1682 1820 1811 1862 illius
1832 1819 1965 1872 regni

193 1900 238 1939 et
269 1896 528 1938 cessionem
558 1895 716 1937 facere
749 1895 836 1936 sub
866 1894 935 1936 eis
966 1894 1014 1935 in
1044 1894 1196 1935 forma
1225 1893 1458 1946 promissa
1488 1905 1574 1945 per
1604 1904 1711 1934 eum
1741 1894 1787 1933 et
1817 1890 1968 1933 adhuc

195 1968 316 2022 plus,
342 1968 381 2009 si
406 1968 596 2008 vellent.
634 1966 830 2018 Jamque
858 1965 1109 2018 scripserat
1135 1964 1244 2017 illis,
1270 1964 1394 2017 quod
1418 1963 1513 2005 dux
1538 1962 1808 2016 Burgundie
1833 1962 1969 2003 mise-

196 2043 266 2081 rat
296 2039 386 2080 sibi
418 2039 509 2080 duo
540 2037 667 2079 milia
698 2036 919 2089 equitum,
950 2036 1028 2088 qui
1060 2048 1167 2077 eum
1198 2036 1508 2088 expectabant
1538 2037 1668 2076 trans
1699 2033 1879 2075 Renum
1911 2031 1970 2075 ad

195 2109 547 2152 conducendum
579 2121 699 2151 eum.
744 2108 919 2149 Verum
950 2110 1106 2148 tamen
1138 2106 1427 2147 deliberaret
1458 2118 1601 2158 super
1632 2105 1790 2158 petitis
1823 2104 1882 2146 ab
1913 2115 1969 2146 eo

197 2185 242 2223 et
274 2180 584 2234 responderet
615 2179 823 2231 dixitque
857 2178 1038 2220 duobus
1069 2176 1399 2228 cardinalibus,
1433 2176 1556 2228 quod
1586 2178 1689 2228 post
1720 2174 1969 2228 prandium

197 2253 339 2294 vellet
363 2264 465 2293 cum
490 2252 560 2293 eis
584 2250 723 2303 loqui.
762 2249 938 2291 Prefati
964 2247 1228 2290 cardinales
1253 2247 1310 2289 de
1335 2247 1530 2288 consilio
1554 2249 1599 2288 et
1622 2258 1854 2288 consensu
1877 2257 1970 2287 om-

197 2324 325 2365 nium
352 2323 636 2375 collegarum
662 2324 765 2374 post
792 2319 1040 2373 prandium
1068 2318 1314 2361 adiverunt
1340 2318 1509 2359 dictum
1536 2317 1773 2359 dominum
1801 2327 1970 2369 papam

199 2394 429 2447 pluraque
463 2393 691 2446 prolocuti
727 2394 832 2434 sunt
866 2389 1207 2443 persuadentes
1241 2389 1409 2441 eidem,
1444 2388 1567 2441 quod
1600 2387 1971 2441 procuratorium

199 2466 394 2519 petitum
431 2464 620 2506 faceret.
668 2464 735 2504 De
772 2462 885 2504 locis
920 2460 1150 2514 eligendis
1186 2460 1486 2502 nesciverunt
1521 2458 1826 2512 persuadere,
1862 2458 1971 2511 quia

200 2549 293 2578 non
321 2539 422 2578 erat
447 2535 495 2577 in
523 2547 606 2577 sua
634 2536 876 2587 potestate,
904 2545 1005 2574 cum
1035 2534 1160 2574 esset
1187 2531 1234 2572 in
1261 2530 1477 2572 manibus
1505 2529 1634 2572 ducis
1662 2529 1864 2582 Austrie,
1893 2528 1971 2582 qui

201 2610 393 2661 propter
427 2619 533 2648 eum
566 2603 735 2659 bella'’)
774 2604 1034 2646 sustinebat
1069 2616 1095 2645 a
1130 2615 1240 2655 rege
1275 2602 1601 2643 Romanorum.
1653 2600 1793 2642 Multo
1827 2598 1973 2652 magis

202 2676 554 2731 persuaserunt,
585 2679 633 2718 ut
665 2676 722 2717 de
754 2675 964 2729 presenti
996 2673 1294 2716 renunciaret
1325 2672 1515 2725 papatui
1548 2671 1669 2713 facta
1701 2671 1791 2714 sibi
1822 2671 1975 2724 provi-

204 2751 335 2791 sione
360 2761 446 2802 pro
470 2751 590 2790 statu
614 2751 660 2789 et
685 2747 791 2789 data
817 2745 1063 2789 securitate
1089 2748 1135 2786 et
1159 2744 1374 2785 libertate
1401 2755 1452 2785 ac
1475 2742 1687 2796 generali
1713 2741 1973 2784 abolicione

205 2821 263 2863 de
295 2820 399 2872 hiis,
432 2832 522 2872 que
555 2818 644 2861 sibi
676 2820 868 2871 possent
899 2815 1085 2870 opponi.
1129 2815 1221 2857 Sed
1253 2813 1402 2857 adhuc
1433 2817 1539 2855 tunc
1571 2812 1849 2866 persuaderi
1880 2823 1974 2854 non

204 2891 364 2944 potuit.

325 3059 354 3086 a)
378 3054 408 3085 Ο,
432 3053 462 3078 D
485 3053 518 3079 et
537 3051 759 3079 securitatem.
845 3050 877 3084 b)
897 3048 978 3083 fehlt
999 3051 1038 3078 B.
