2227 3434
599 190 638 226 C.
679 192 771 227 Acta
798 192 947 228 concilii
974 193 1043 227 des
1071 192 1112 228 G.
1140 194 1188 228 de
1216 194 1345 228 Turre.
1771 197 1853 239 351

90 321 201 352 vero
233 309 356 352 idem
390 310 431 352 d.
466 310 718 363 imperator
751 314 854 364 post
886 312 1023 364 plura
1055 312 1176 354 bona
1210 312 1353 354 verba
1386 325 1471 365 per
1504 312 1704 354 eundem
1736 313 1856 355 dicta

89 379 344 433 respondit,
376 380 498 433 quod
531 381 642 423 satis
674 382 931 434 apparebat
962 394 1047 435 per
1079 382 1173 435 illa,
1206 395 1294 436 que
1327 382 1523 435 dixerat,
1555 383 1678 436 quod
1709 383 1856 425 dictus

89 451 367 494 Benedictus
401 464 493 493 non
529 451 729 493 habebat
765 452 932 494 bonam
970 453 1276 495 affeccionem
1311 454 1369 496 ad
1404 453 1622 496 unionem
1660 455 1854 496 ecclesie

88 524 133 563 et
168 522 293 574 quod
329 522 502 574 utinam
541 523 780 565 venissent
819 523 986 565 melius
1024 524 1199 566 muniti.
1252 524 1507 578 Episcopus
1547 537 1658 567 vero
1699 525 1856 567 Zamo-

87 592 254 644 rensis,
276 594 401 646 regis
421 594 712 646 Arragonum
735 594 1056 646 ambassiator,
1079 595 1195 636 dixit
1215 599 1259 636 et
1280 597 1523 649 proposuit
1543 596 1590 637 in
1608 597 1855 649 presencia

87 663 396 718 imperatoris,
422 664 545 717 quod
571 664 756 706 volebat
783 664 870 706 sibi
899 665 1054 717 aliqua
1081 665 1235 707 dicere
1264 679 1322 707 ex
1349 669 1480 719 parte
1509 666 1632 720 regis
1658 667 1855 720 Arrago-

85 746 196 775 num
219 735 265 775 in
289 738 481 777 secreto.
516 735 587 776 Ad
610 735 733 788 quod
754 735 875 776 idem
900 735 941 777 d.
967 736 1220 788 imperator
1242 737 1498 790 respondit,
1521 737 1644 791 quod
1666 738 1854 780 nolebat

86 805 133 846 in
167 804 324 858 aliquo
357 805 583 859 derogare
618 805 812 848 concilio
845 807 1069 858 generali.
1117 806 1209 849 Sed
1243 808 1280 849 si
1316 808 1458 850 vellet
1492 808 1647 862 aliqua
1683 808 1853 859 dicere,

85 875 261 918 diceret
290 876 335 917 in
365 877 611 928 presencia
641 876 835 918 concilii.
878 877 931 918 Et
960 880 1065 918 tunc
1096 877 1244 919 dictus
1274 878 1522 931 episcopus
1553 879 1722 932 incepit
1750 892 1854 933 pro-

84 946 382 998 posicionem.

205 1017 318 1060 Item
355 1018 430 1060 die
467 1018 644 1061 decima
679 1019 821 1061 tercia
856 1020 1031 1061 mensis
1066 1023 1170 1072 post
1205 1020 1448 1062 meridiem
1483 1021 1626 1063 tercia
1660 1021 1774 1064 hora
1810 1021 1851 1063 d.

82 1091 242 1130 noster
270 1101 407 1142 papa,
438 1101 598 1130 omnes
629 1089 893 1132 cardinales
925 1094 970 1132 et
999 1091 1168 1143 prelati
1199 1092 1462 1144 congregati
1494 1092 1541 1133 in
1571 1092 1764 1134 concilio
1795 1092 1850 1133 de

82 1159 312 1200 communi
343 1172 573 1202 consensu
603 1164 972 1213 prorogaverunt
1004 1161 1263 1204 sessionem
1294 1161 1502 1204 fiendam
1534 1163 1747 1215 sequenti
1778 1163 1851 1204 die

83 1230 141 1272 ad
167 1230 414 1272 XXIIIIam
445 1230 568 1272 diem
596 1230 702 1272 dicti
729 1232 904 1274 mensis
931 1244 1015 1285 pro
1043 1245 1112 1284 eo,
1141 1233 1249 1285 quia
1274 1233 1480 1274 nondum
1507 1237 1734 1276 venerant
1762 1246 1852 1275 am-

43 1291 368 1344 ⁹'bassiatores
392 1313 553 1354 regum
579 1301 613 1343 F
617 1302 772 1344 rancie
797 1305 842 1344 et
865 1303 1048 1356 Anglie.

199 1372 255 1414 Et
280 1371 362 1414 illa
389 1372 464 1415 die
493 1371 783 1415 intraverunt
810 1373 851 1414 d.
881 1373 975 1415 dux
1002 1373 1263 1416 Ludovicus
1291 1375 1486 1416 Bavarie
1515 1375 1634 1417 dicto
1663 1375 1851 1417 Errorio

81 1441 307 1485 obediens
335 1446 380 1485 et
408 1443 770 1486 ambassiatores
799 1443 1013 1497 Gregorii
1043 1444 1261 1487 videlicet
1289 1458 1408 1488 unus
1438 1445 1702 1499 cardinalis,
1731 1458 1850 1488 unus

81 1513 360 1567 patriarcha,
387 1513 477 1556 duo
503 1515 672 1568 prelati
700 1518 744 1556 et
772 1517 986 1567 quattuor
1013 1515 1237 1558 doctores.

198 1583 284 1626 Die
313 1584 491 1627 decima
519 1588 684 1638 quarta
712 1586 924 1638 sequenti
952 1586 1164 1638 prefatus
1194 1587 1235 1628 d.
1264 1587 1357 1628 dux
1386 1587 1583 1629 Bavarie
1611 1588 1720 1630 fecit
1748 1601 1851 1641 pro-

81 1654 365 1707 posicionem
393 1656 441 1697 in
468 1656 714 1708 presencia
744 1656 785 1698 d.
815 1656 1110 1709 imperatoris
1138 1661 1182 1699 et
1211 1659 1415 1700 omnium
1443 1659 1665 1701 assistere
1695 1659 1851 1700 volen-

81 1725 199 1768 cium
228 1729 442 1769 contenta
471 1727 519 1768 in
549 1727 748 1780 quadam
779 1727 957 1780 cedula,
987 1728 1117 1770 cuius
1147 1732 1280 1770 tenor
1310 1729 1519 1782 sequitur
1550 1732 1594 1772 et
1623 1732 1693 1772 est
1723 1730 1847 1772 talis:

81 1795 126 1838 Si
154 1796 308 1850 placet
332 1796 462 1850 regie
490 1797 760 1852 maiestati¹)
793 1832 800 1840 .
837 1832 844 1840 .
881 1832 889 1840 .
919 1799 964 1840 in
993 1798 1172 1841 eodem.

196 1867 294 1919 Qua
324 1867 489 1910 cedula
519 1867 752 1921 publicata
780 1869 1034 1912 cardinalis
1065 1870 1209 1912 sancti
1243 1870 1380 1912 Marci
1411 1870 1588 1924 videns,
1621 1870 1743 1925 quod
1773 1871 1849 1913 ho-

81 1938 220 1980 stium
239 1941 364 1981 esset
387 1942 599 1992 apertum
623 1939 668 1981 in
691 1940 878 1982 domino
900 1943 946 1982 et
966 1940 1089 1994 quod
1111 1941 1268 1984 nullus
1291 1941 1478 1984 volebat
1499 1945 1576 1984 aut
1596 1954 1689 1984 non
1711 1941 1849 1984 aude-

81 2008 157 2050 bat
184 2009 381 2063 ingredi,
408 2022 509 2052 cum
537 2023 701 2064 magne
731 2011 1061 2054 simulaciones
1086 2015 1132 2054 et
1156 2012 1454 2055 turbaciones
1480 2017 1641 2056 essent
1666 2025 1752 2066 pro
1777 2025 1848 2064 eo,

80 2080 188 2132 quia
228 2080 372 2134 aliqui
413 2081 645 2134 volebant,
686 2081 808 2135 quod
848 2082 1182 2135 procederetur
1222 2095 1308 2136 per
1347 2083 1705 2126 fulminaciones
1745 2096 1848 2137 pro-

78 2162 293 2192 cessuum
322 2154 481 2194 contra
509 2152 682 2195 electos
713 2156 757 2194 et
787 2153 866 2195 alii
895 2165 981 2206 per
1009 2154 1129 2196 viam
1161 2154 1465 2197 discussionis
1495 2155 1625 2208 iuris,
1655 2155 1733 2197 alii
1763 2167 1848 2208 per

79 2221 199 2263 viam
227 2222 434 2264 scrutinii
461 2226 507 2264 et
534 2223 613 2265 alii
640 2236 726 2276 per
754 2224 872 2266 viam
901 2224 1141 2276 cessionis,
1168 2226 1426 2278 composuit
1453 2225 1685 2278 quandam
1713 2224 1847 2267 cedu-

80 2292 184 2343 lam,
218 2305 355 2346 quam
386 2293 576 2336 tradidit
608 2294 650 2336 d.
683 2294 909 2337 cardinali
943 2294 1285 2348 Cameracensi,
1317 2297 1395 2349 qui
1428 2308 1531 2338 eam
1566 2295 1770 2338 laudavit
1803 2299 1847 2338 et

78 2363 354 2416 approbavit
376 2367 421 2406 et
446 2363 564 2407 dicta
588 2364 753 2407 cedula
776 2366 901 2407 venit
926 2365 984 2408 ad
1008 2378 1173 2408 manus
1196 2366 1319 2419 regis
1345 2400 1352 2408 .
1388 2400 1396 2408 .
1433 2368 1482 2420 .²)

195 2432 530 2478 Conclusiones
556 2435 704 2488 posite
730 2448 815 2489 per
842 2436 1127 2478 cardinalem
1155 2438 1299 2479 sancti
1332 2437 1511 2493 Marcia)
1541 2441 1698 2479 contra
1727 2437 1845 2489 illos,

78 2504 154 2556 qui
184 2502 359 2556 primas
387 2504 720 2559 impugnabant
748 2510 793 2548 et
820 2507 1058 2560 eligebant
1085 2508 1206 2550 viam
1235 2507 1538 2550 reduccionis.

196 2572 323 2618 Licet
344 2575 418 2618 via
441 2609 450 2618 .
485 2609 494 2618 .

199 2645 249 2687 In
274 2646 357 2688 hac
382 2647 625 2700 questione
651 2648 886 2701 pendente
915 2649 1071 2690 incidit
1099 2650 1293 2702 questio,
1320 2650 1550 2702 quomodo
1576 2650 1845 2691 decideren-

77 2717 152 2756 tur
175 2716 358 2768 agenda
383 2718 429 2758 in
454 2718 649 2760 concilio
672 2721 718 2760 et
745 2718 884 2761 fieret
909 2720 1181 2762 scrutinium
1208 2723 1430 2762 votorum.
1471 2719 1632 2762 Utrum
1658 2733 1742 2773 per
1768 2732 1844 2761 na-

77 2785 233 2827 ciones
263 2786 308 2828 in
337 2799 526 2840 genere,
555 2801 750 2841 quarum
779 2793 995 2842 quattuor
1021 2794 1172 2832 erant:
1223 2790 1365 2843 Italie,
1394 2790 1562 2842 Gallie,
1592 2789 1842 2832 Germanie

56 2859 122 2898 -et
151 2857 332 2910 Anglie.
376 2859 429 2900 Et
459 2871 542 2900 rex
573 2860 882 2902 Romanorum
913 2861 1008 2902 vult
1039 2860 1212 2902 addere
1243 2860 1447 2914 quintam
1478 2860 1714 2913 Hungarie
1746 2895 1753 2902 .
1790 2895 1797 2902 .

182 2990 212 3010 a)
235 2982 372 3011 Mar-clii:
393 2991 427 3010 ευ
453 2985 536 3010 aim-h
557 2986 672 3011 weilcr.

196 3045 228 3085 ¹)
252 3044 326 3078 wie
347 3045 537 3079 Fillaslre.

195 3102 227 3143 ²)
260 3103 425 3137 irbrtlich
459 3103 590 3138 zceiler
615 3105 690 3138 wie
720 3105 780 3138 bei
805 3104 993 3139 Fe'llaslre.
