2102 3444
261 133 345 175 134
795 131 820 165 I.
846 131 1057 166 Abschnitt.
1097 130 1496 175 Konzilstagebiicher.

260 253 439 302 partem
472 249 530 292 ad
563 248 819 302 hospicium
853 262 986 291 suum
1019 261 1180 291 omnes
1214 249 1472 302 Hungaros,
1507 250 1702 292 Boemos
1735 252 1780 291 et
1814 249 2026 293 PolonOS.

260 320 378 371 Quid
402 320 526 372 apud
550 320 656 362 illos
679 320 858 371 fecerit,
883 319 1094 362 scribens
1117 319 1310 372 ignorat.

378 390 460 431 Die
490 390 708 431 mercurii
736 393 899 442 quarta
929 390 1123 443 Augusti
1152 391 1389 443 generalis
1418 390 1596 433 ordinis
1630 390 1854 431 Minorum
1886 389 2028 432 Ytali-

260 474 339 502 cus
363 463 408 503 et
433 460 510 502 alii
537 461 593 501 de
619 460 782 502 ordine
809 460 1022 502 fecerunt
1047 473 1215 513 capere
1240 460 1286 501 in
1312 461 1447 502 domo
1472 461 1657 502 illorum
1683 460 1877 502 fratrem
1902 459 2029 503 Guil-

256 531 448 572 lelmum
476 530 709 583 quendam
738 531 865 572 illius
895 530 1074 573 ordinis
1102 531 1159 572 de
1189 530 1343 573 stricta
1372 531 1691 584 observancia,
1720 531 1798 583 qui
1827 531 2028 573 instabat

260 603 453 643 multum
489 601 731 643 ferventer
767 601 890 654 apud
927 600 1170 642 concilium
1207 604 1251 643 et
1288 601 1532 654 deputatos
1567 614 1652 654 pro
1687 600 2028 644 reformacione

258 672 385 713 illius
416 671 593 714 ordinis
624 675 669 714 et
700 663 868 713 multas
899 671 1026 713 dedit
1059 672 1312 724 scripturas
1345 672 1402 713 de
1435 672 1775 714 reformacione
1805 675 1852 714 et
1882 683 2030 714 reme-

259 742 360 785 diis.
398 742 490 784 Sed
514 742 599 784 fuit
624 754 817 794 magnus
842 755 998 783 rumor
1022 746 1067 784 et
1089 755 1340 785 concursus
1364 742 1664 794 Gallicorum,
1689 742 2029 784 Germanorum

257 817 302 855 et
326 813 626 866 Anglicorum
651 815 808 855 contra
835 813 966 854 illum
991 814 1276 866 generalem,
1302 814 1380 866 qui
1406 816 1507 855 erat
1531 813 1577 854 in
1602 812 1783 866 palacio
1807 825 1909 855 cum
1933 825 2029 856 car-

258 884 509 935 dinalibus,
550 883 899 936 presidentibus
939 887 984 925 et
1024 883 1256 936 deputatis
1295 884 1541 926 nacionum
1581 883 1749 936 Ytalie,
1790 882 1944 926 Gallie
1983 886 2029 925 et

256 945 501 1007 Hispanie,
526 953 736 995 finaliter
760 953 846 996 fuit
870 954 1054 1006 dictum,
1078 954 1201 1006 quod
1223 954 1460 1007 generalis
1486 955 1615 996 illum
1640 954 1861 996 redderet
1881 954 2028 997 cardi-

257 1024 353 1067 nali
376 1024 433 1066 de
458 1024 601 1077 Fuxo,
625 1025 702 1077 qui
725 1027 795 1067 est
819 1025 876 1066 de
900 1024 980 1066 illo
1002 1025 1181 1077 ordine,
1204 1025 1327 1078 quod
1349 1025 1457 1066 fecit
1482 1025 1565 1066 sed
1586 1037 1688 1067 cum
1713 1037 1878 1078 magna
1902 1024 2028 1067 diffi-

257 1095 439 1137 cultate.
487 1095 542 1137 Et
576 1096 738 1148 plures
774 1095 995 1137 volebant
1029 1095 1249 1148 frangere
1286 1107 1511 1137 carceres.
1562 1096 1616 1137 Et
1651 1096 1714 1138 ita
1750 1096 1831 1137 ille
1867 1098 2053 1149 captus

256 1165 484 1208 liberatus
508 1168 591 1207 est.

374 1236 623 1289 Postquam
651 1236 859 1289 deputati
887 1239 993 1278 sunt
1020 1236 1076 1278 de
1106 1236 1313 1289 qualibet
1339 1236 1533 1279 nacione
1561 1237 1767 1290 quinque
1795 1237 1854 1279 ad
1880 1236 2028 1279 refor-

256 1306 526 1359 macionem,
552 1307 774 1349 naciones
800 1307 993 1360 Ytalica,
1019 1306 1261 1349 Gallicana
1287 1311 1332 1349 et
1356 1307 1607 1360 Hispanica
1632 1307 1860 1350 miserunt
1885 1307 2028 1361 depu-

257 1381 374 1420 tatos
415 1378 473 1420 ad
512 1378 755 1420 nacionem
797 1377 1122 1419 Germanicam
1161 1380 1464 1430 promovente
1505 1377 1777 1431 presidente
1818 1379 2028 1421 nacionis

258 1448 499 1491 Gallicane
538 1448 596 1490 ad
634 1447 906 1501 rogandum,
943 1447 1067 1500 quod
1103 1451 1358 1501 poneretur
1396 1448 1510 1490 ordo
1547 1448 1834 1502 agendarum
1870 1461 2028 1491 rerum

256 1518 377 1560 inter
400 1519 645 1571 deputatos
667 1531 950 1571 communes,
975 1518 1089 1561 sicut
1113 1518 1287 1560 dudum
1311 1519 1368 1560 de
1390 1519 1475 1560 hoc
1499 1522 1741 1561 tractatum
1765 1519 1934 1574 fuerat,
1957 1522 2027 1562 set

254 1602 346 1631 non
377 1592 592 1642 potuerat
621 1589 837 1631 obtineri.
885 1589 998 1631 Item
1029 1589 1154 1642 quod
1183 1589 1364 1642 agendo
1392 1590 1636 1642 negocium
1665 1589 2027 1643 reformationis,

255 1660 301 1701 in
329 1673 421 1713 quo
448 1660 539 1702 iam
566 1661 792 1702 vacabant
820 1660 1042 1713 deputati,
1072 1659 1256 1714 aliquia)
1289 1663 1483 1713 agerent
1512 1660 1569 1702 de
1598 1660 1735 1703 modo
1762 1661 2026 1703 eleccionis.

256 1731 432 1783 Quibus
461 1731 788 1784 rogacionibus
816 1732 950 1773 nacio
981 1731 1258 1773 Germanica
1289 1731 1417 1784 dixit,
1448 1731 1571 1785 quod
1601 1731 1901 1774 deliberaret.

373 1802 614 1844 Pendente
638 1802 719 1844 illa
744 1802 1091 1844 deliberacione
1117 1802 1324 1855 deputati
1348 1802 1704 1845 reformacionis
1727 1805 1773 1845 et
1797 1802 1854 1844 de
1877 1802 2028 1845 nacio-

255 1874 393 1915 nibus
422 1873 590 1925 Ytalie,
620 1872 771 1915 Gallie
800 1876 845 1914 et
873 1873 1099 1926 Hispanie
1128 1874 1390 1926 voluerunt,
1420 1873 1544 1926 quod
1571 1873 1834 1916 cardinales
1863 1873 2028 1916 darent

256 1943 501 1996 deputatos
538 1956 597 1985 ex
632 1943 716 1996 eis,
754 1944 831 1996 qui
871 1944 1154 1985 interessent
1192 1943 1238 1985 in
1275 1944 1468 1997 negocio
1507 1944 1876 1986 reformacionis.
1926 1944 2026 1986 Due

256 2014 476 2056 naciones
509 2013 674 2067 Anglie
703 2016 748 2055 et
779 2013 1029 2056 Germanie
1061 2026 1153 2056 non
1183 2015 1444 2056 voluerunt.
1488 2014 1573 2056 Die
1604 2014 1721 2058 iovis
1749 2015 1802 2057 V.
1831 2014 2026 2068 Augusti

257 2085 303 2126 in
340 2085 462 2127 festo
497 2085 642 2127 sancti
682 2084 906 2126 Dominici
947 2084 1078 2127 nacio
1115 2084 1368 2127 Germanie
1407 2085 1530 2128 misit
1566 2085 1624 2127 ad
1661 2085 1927 2128 cardinales
1962 2085 2025 2127 ibi

255 2155 511 2197 existentes
540 2155 598 2197 ad
624 2155 813 2197 missam
841 2158 886 2197 et
913 2159 1016 2208 post
1043 2155 1232 2197 missam
1261 2155 1437 2208 rogavit
1465 2168 1560 2209 eos,
1589 2156 1712 2209 quod
1738 2159 1898 2199 essent
1923 2168 2026 2199 con-

255 2227 367 2268 tenti
396 2239 490 2267 non
520 2226 750 2268 interesse
781 2225 827 2267 in
856 2226 1048 2279 negocio
1079 2225 1447 2270 reformacionis.
1478 2230 1523 2268 et
1554 2226 1677 2279 quod
1706 2230 2026 2280 procurarent,

255 2296 378 2349 quod
409 2296 542 2338 nacio
576 2296 728 2338 Ytalie
764 2297 895 2338 daret
929 2297 1046 2339 alios
1080 2296 1325 2349 deputatos
1359 2309 1496 2350 quam
1532 2297 1651 2350 illos,
1685 2298 1763 2351 qui
1796 2297 2026 2340 haberent

255 2367 414 2409 officia
439 2367 485 2408 in
508 2367 635 2409 curia
657 2367 877 2409 Romana.
913 2367 984 2409 Ad
1007 2367 1207 2420 primum
1231 2367 1495 2410 cardinales
1520 2368 1878 2422 responderunt,
1903 2368 2026 2422 quod

255 2437 479 2490 facerent,
505 2438 620 2479 sicut
645 2438 853 2490 placeret
876 2437 1163 2480 nacionibus.
1202 2438 1272 2479 Ad
1299 2438 1568 2491 secundum,
1595 2439 1717 2492 quod
1743 2438 1802 2481 ad
1826 2451 1907 2482 eos
1931 2451 2025 2481 non

256 2508 533 2562 pertinebat,
557 2508 773 2561 quodque
799 2508 1007 2561 quelibet
1031 2509 1163 2550 nacio
1187 2509 1395 2562 prudens
1418 2512 1488 2551 est
1512 2513 1557 2551 et
1582 2509 1732 2552 libera
1756 2509 1895 2552 debet
1917 2522 2025 2552 esse

256 2579 302 2619 in
328 2578 514 2621 talibus.

371 2648 733 2701 Requisiverunt
763 2652 915 2691 autem
947 2649 1223 2701 cardinales,
1255 2650 1391 2703 quod,
1421 2663 1522 2692 cum
1552 2650 1609 2692 de
1640 2663 1801 2693 eorum
1830 2653 1950 2694 statu
1979 2653 2024 2693 et

254 2720 345 2762 vita
379 2722 596 2772 ageretur
630 2720 675 2761 in
708 2720 899 2772 negocio
933 2720 1301 2773 reformacionis,
1334 2724 1688 2763 removerentur
1719 2721 1803 2774 illi,
1836 2721 1914 2774 qui
1945 2734 2025 2764 no-

254 2791 371 2831 torie
394 2793 528 2832 erant
551 2790 721 2832 inimici
746 2790 952 2832 Romane
973 2791 1170 2833 ecclesie
1193 2794 1237 2833 et
1260 2792 1386 2833 curie
1410 2795 1547 2845 atque
1571 2791 1876 2834 cardinalium
1898 2791 2024 2834 vide-

255 2861 361 2902 licet
413 2858 702 2915 episcopus¹')
758 2860 1122 2903 Sarisberiensis
1174 2861 1410 2915 Anglicus,
1461 2863 1638 2905 electus
1690 2861 2023 2905 Posnanien'sis

256 2931 531 2984 Germanus,
566 2932 767 2974 vicarius
802 2931 1167 2984 Burdegalensis
1201 2932 1258 2974 de
1293 2933 1488 2974 nacione
1522 2932 1703 2986 Anglie.

357 3015 386 3066 a)
407 3035 454 3061 Hs
474 3016 529 3068 qui
551 3015 608 3069 (9).
650 3035 681 3062 ω
707 3036 730 3060 lt
764 3038 794 3067 (s,
817 3035 846 3061 l)
866 3034 1020 3069 archiep„
1044 3036 1067 3062 C
1085 3036 1341 3063 dur-chatrz'chen.
