<?xml version="1.0" encoding="UTF-8"?>
<!DOCTYPE html PUBLIC "-//W3C//DTD XHTML 1.0 Transitional//EN"
    "http://www.w3.org/TR/xhtml1/DTD/xhtml1-transitional.dtd">
<html xmlns="http://www.w3.org/1999/xhtml" xml:lang="en" lang="en">
 <head>
  <title>
</title>
<meta http-equiv="Content-Type" content="text/html;charset=utf-8" />
  <meta name='ocr-system' content='tesseract 3.04.00' />
  <meta name='ocr-capabilities' content='ocr_page ocr_carea ocr_par ocr_line ocrx_word'/>
</head>
<body>
  <div class='ocr_page' id='page_1' title='image "./actaconciliicons02counuoft/actaconciliicons02counuoft_0641.png"; bbox 0 0 2227 3434; ppageno 0'>
   <div class='ocr_carea' id='block_1_1' title="bbox 564 155 1832 207">
    <p class='ocr_par' dir='ltr' id='par_1_1' title="bbox 564 155 1832 207">
     <span class='ocr_line' id='line_1_1' title="bbox 564 155 1832 207; baseline 0.001 -11"><span class='ocrx_word' id='word_1_1' title='bbox 564 158 601 196; x_wconf 88' lang='lat' dir='ltr'>B.</span> <span class='ocrx_word' id='word_1_2' title='bbox 645 162 892 197; x_wconf 83' lang='lat' dir='ltr'>Avisamente</span> <span class='ocrx_word' id='word_1_3' title='bbox 921 164 990 197; x_wconf 87' lang='lat' dir='ltr'>der</span> <span class='ocrx_word' id='word_1_4' title='bbox 1020 155 1337 198; x_wconf 70' lang='lat' dir='ltr'>Reformatori‘en.</span> <span class='ocrx_word' id='word_1_5' title='bbox 1746 157 1832 207; x_wconf 77' lang='lat'>627</span> 
     </span>
    </p>
   </div>
   <div class='ocr_carea' id='block_1_2' title="bbox 180 279 1712 336">
    <p class='ocr_par' dir='ltr' id='par_1_2' title="bbox 180 279 1712 336">
     <span class='ocr_line' id='line_1_2' title="bbox 180 279 1712 336; baseline 0.002 -15"><span class='ocrx_word' id='word_1_6' title='bbox 180 280 221 323; x_wconf 88' lang='grc'>5.</span> <span class='ocrx_word' id='word_1_7' title='bbox 267 279 574 322; x_wconf 92' lang='lat' dir='ltr'>Martinus</span> <span class='ocrx_word' id='word_1_8' title='bbox 619 284 725 323; x_wconf 90' lang='lat' dir='ltr'>etc.</span> <span class='ocrx_word' id='word_1_9' title='bbox 772 281 1036 324; x_wconf 79' lang='lat' dir='ltr'>Fructus</span> <span class='ocrx_word' id='word_1_10' title='bbox 1080 286 1137 325; x_wconf 90' lang='lat' dir='ltr'>et</span> <span class='ocrx_word' id='word_1_11' title='bbox 1180 285 1528 335; x_wconf 90' lang='lat' dir='ltr'>proventus</span> <span class='ocrx_word' id='word_1_12' title='bbox 1574 315 1583 324; x_wconf 88' lang='lat'><strong>.</strong></span> <span class='ocrx_word' id='word_1_13' title='bbox 1618 315 1627 324; x_wconf 91' lang='lat'><strong>.</strong></span> <span class='ocrx_word' id='word_1_14' title='bbox 1662 282 1712 336; x_wconf 87' lang='lat'>.¹)</span> 
     </span>
    </p>
   </div>
   <div class='ocr_carea' id='block_1_3' title="bbox 703 376 1194 446">
    <p class='ocr_par' dir='ltr' id='par_1_3' title="bbox 703 376 1194 446">
     <span class='ocr_line' id='line_1_3' title="bbox 703 376 1194 401; baseline 0 -1"><span class='ocrx_word' id='word_1_15' title='bbox 703 376 734 401; x_wconf 74' lang='lat'>*.</span> <span class='ocrx_word' id='word_1_16' title='bbox 1172 377 1194 400; x_wconf 62' lang='grc' dir='ltr'>ιιι</span> 
     </span>
     <span class='ocr_line' id='line_1_4' title="bbox 936 422 959 446; baseline 0 -4"><span class='ocrx_word' id='word_1_17' title='bbox 936 422 959 446; x_wconf 79' lang='grc'><strong>*</strong></span> 
     </span>
    </p>
   </div>
   <div class='ocr_carea' id='block_1_4' title="bbox 577 535 1312 593">
    <p class='ocr_par' dir='ltr' id='par_1_4' title="bbox 577 535 1312 593">
     <span class='ocr_line' id='line_1_5' title="bbox 577 535 1312 593; baseline 0.004 -13"><span class='ocrx_word' id='word_1_18' title='bbox 577 537 654 580; x_wconf 87' lang='grc' dir='ltr'>ΙΧ.</span> <span class='ocrx_word' id='word_1_19' title='bbox 692 539 728 581; x_wconf 90' lang='grc'>1.</span> <span class='ocrx_word' id='word_1_20' title='bbox 763 535 934 581; x_wconf 74' lang='lat' dir='ltr'>Colitra</span> <span class='ocrx_word' id='word_1_21' title='bbox 967 540 1312 593; x_wconf 76' lang='lat' dir='ltr'>synloniacos.²&#39;)</span> 
     </span>
    </p>
   </div>
   <div class='ocr_carea' id='block_1_5' title="bbox 59 619 1832 1169">
    <p class='ocr_par' dir='ltr' id='par_1_5' title="bbox 59 619 1832 1169">
     <span class='ocr_line' id='line_1_6' title="bbox 180 619 1832 675; baseline 0.001 -13"><span class='ocrx_word' id='word_1_22' title='bbox 180 619 517 674; x_wconf 60' lang='lat' dir='ltr'>Conclusumss),</span> <span class='ocrx_word' id='word_1_23' title='bbox 553 621 674 673; x_wconf 92' lang='lat' dir='ltr'>quod</span> <span class='ocrx_word' id='word_1_24' title='bbox 709 621 968 673; x_wconf 81' lang='lat' dir='ltr'>expediens</span> <span class='ocrx_word' id='word_1_25' title='bbox 1002 624 1085 674; x_wconf 88' lang='lat' dir='ltr'>est,</span> <span class='ocrx_word' id='word_1_26' title='bbox 1120 621 1243 674; x_wconf 92' lang='lat' dir='ltr'>quod</span> <span class='ocrx_word' id='word_1_27' title='bbox 1277 634 1362 675; x_wconf 90' lang='lat' dir='ltr'>per</span> <span class='ocrx_word' id='word_1_28' title='bbox 1396 621 1639 663; x_wconf 90' lang='lat' dir='ltr'>concilium</span> <span class='ocrx_word' id='word_1_29' title='bbox 1674 633 1832 675; x_wconf 91' lang='lat' dir='ltr'>proce-</span> 
     </span>
     <span class='ocr_line' id='line_1_7' title="bbox 62 690 1830 746; baseline 0.001 -14"><span class='ocrx_word' id='word_1_30' title='bbox 62 690 198 732; x_wconf 83' lang='lat' dir='ltr'>datur</span> <span class='ocrx_word' id='word_1_31' title='bbox 222 694 379 734; x_wconf 92' lang='lat' dir='ltr'>contra</span> <span class='ocrx_word' id='word_1_32' title='bbox 405 692 587 744; x_wconf 92' lang='lat' dir='ltr'>aliquos</span> <span class='ocrx_word' id='word_1_33' title='bbox 611 692 775 734; x_wconf 88' lang='lat' dir='ltr'>saltem</span> <span class='ocrx_word' id='word_1_34' title='bbox 800 691 920 745; x_wconf 88' lang='lat' dir='ltr'>illos,</span> <span class='ocrx_word' id='word_1_35' title='bbox 946 693 1023 745; x_wconf 92' lang='lat' dir='ltr'>qui</span> <span class='ocrx_word' id='word_1_36' title='bbox 1051 696 1156 734; x_wconf 91' lang='lat' dir='ltr'>sunt</span> <span class='ocrx_word' id='word_1_37' title='bbox 1182 692 1238 733; x_wconf 93' lang='lat' dir='ltr'>de</span> <span class='ocrx_word' id='word_1_38' title='bbox 1265 693 1349 734; x_wconf 91' lang='lat' dir='ltr'>hoc</span> <span class='ocrx_word' id='word_1_39' title='bbox 1374 693 1559 746; x_wconf 88' lang='lat' dir='ltr'>publice</span> <span class='ocrx_word' id='word_1_40' title='bbox 1586 692 1830 735; x_wconf 79' lang='lat' dir='ltr'>diffamati.</span> 
     </span>
     <span class='ocr_line' id='line_1_8' title="bbox 62 762 1830 806; baseline 0 -1"><span class='ocrx_word' id='word_1_41' title='bbox 62 762 117 805; x_wconf 88' lang='lat' dir='ltr'>Et</span> <span class='ocrx_word' id='word_1_42' title='bbox 141 762 309 804; x_wconf 88' lang='lat' dir='ltr'>dentur</span> <span class='ocrx_word' id='word_1_43' title='bbox 335 762 511 804; x_wconf 86' lang='lat' dir='ltr'>iudices</span> <span class='ocrx_word' id='word_1_44' title='bbox 536 763 764 805; x_wconf 84' lang='lat' dir='ltr'>zelatores</span> <span class='ocrx_word' id='word_1_45' title='bbox 789 762 998 805; x_wconf 81' lang='lat' dir='ltr'>veritatis</span> <span class='ocrx_word' id='word_1_46' title='bbox 1020 766 1067 804; x_wconf 91' lang='lat' dir='ltr'>et</span> <span class='ocrx_word' id='word_1_47' title='bbox 1093 763 1251 805; x_wconf 84' lang='lat' dir='ltr'>affecti</span> <span class='ocrx_word' id='word_1_48' title='bbox 1277 776 1335 804; x_wconf 89' lang='lat' dir='ltr'>ex</span> <span class='ocrx_word' id='word_1_49' title='bbox 1359 763 1648 806; x_wconf 82' lang='lat' dir='ltr'>consciencia</span> <span class='ocrx_word' id='word_1_50' title='bbox 1671 766 1830 806; x_wconf 86' lang='lat' dir='ltr'>contra</span> 
     </span>
     <span class='ocr_line' id='line_1_9' title="bbox 60 833 1830 888; baseline 0.001 -14"><span class='ocrx_word' id='word_1_51' title='bbox 60 833 144 874; x_wconf 88' lang='lat' dir='ltr'>hoc</span> <span class='ocrx_word' id='word_1_52' title='bbox 181 834 371 886; x_wconf 87' lang='lat' dir='ltr'>crimen,</span> <span class='ocrx_word' id='word_1_53' title='bbox 409 833 486 886; x_wconf 88' lang='lat' dir='ltr'>qui</span> <span class='ocrx_word' id='word_1_54' title='bbox 525 837 682 876; x_wconf 82' lang='lat' dir='ltr'>contra</span> <span class='ocrx_word' id='word_1_55' title='bbox 719 833 953 887; x_wconf 87' lang='lat' dir='ltr'>predictos</span> <span class='ocrx_word' id='word_1_56' title='bbox 988 837 1254 876; x_wconf 89' lang='lat' dir='ltr'>constanter</span> <span class='ocrx_word' id='word_1_57' title='bbox 1293 833 1525 887; x_wconf 89' lang='lat' dir='ltr'>intrepide</span> <span class='ocrx_word' id='word_1_58' title='bbox 1563 834 1830 888; x_wconf 89' lang='lat' dir='ltr'>procedant,</span> 
     </span>
     <span class='ocr_line' id='line_1_10' title="bbox 60 904 1830 958; baseline 0.001 -13"><span class='ocrx_word' id='word_1_59' title='bbox 60 904 206 946; x_wconf 89' lang='lat' dir='ltr'>eciam</span> <span class='ocrx_word' id='word_1_60' title='bbox 236 904 485 946; x_wconf 88' lang='lat' dir='ltr'>summarie</span> <span class='ocrx_word' id='word_1_61' title='bbox 516 908 560 946; x_wconf 91' lang='lat' dir='ltr'>et</span> <span class='ocrx_word' id='word_1_62' title='bbox 589 904 689 947; x_wconf 92' lang='lat' dir='ltr'>sine</span> <span class='ocrx_word' id='word_1_63' title='bbox 721 904 917 957; x_wconf 88' lang='lat' dir='ltr'>strepitu</span> <span class='ocrx_word' id='word_1_64' title='bbox 945 908 990 946; x_wconf 91' lang='lat' dir='ltr'>et</span> <span class='ocrx_word' id='word_1_65' title='bbox 1019 905 1173 958; x_wconf 84' lang='lat' dir='ltr'>figura</span> <span class='ocrx_word' id='word_1_66' title='bbox 1205 904 1360 946; x_wconf 93' lang='lat' dir='ltr'>iudicii</span> <span class='ocrx_word' id='word_1_67' title='bbox 1393 905 1466 946; x_wconf 92' lang='lat' dir='ltr'>vel</span> <span class='ocrx_word' id='word_1_68' title='bbox 1498 908 1543 947; x_wconf 89' lang='lat' dir='ltr'>et</span> <span class='ocrx_word' id='word_1_69' title='bbox 1572 905 1630 947; x_wconf 85' lang='lat' dir='ltr'>ad</span> <span class='ocrx_word' id='word_1_70' title='bbox 1656 905 1830 947; x_wconf 87' lang='lat' dir='ltr'>instan-</span> 
     </span>
     <span class='ocr_line' id='line_1_11' title="bbox 59 974 1830 1028; baseline 0.001 -12"><span class='ocrx_word' id='word_1_71' title='bbox 59 974 174 1016; x_wconf 90' lang='lat' dir='ltr'>ciam</span> <span class='ocrx_word' id='word_1_72' title='bbox 201 975 460 1017; x_wconf 89' lang='lat' dir='ltr'>volencium</span> <span class='ocrx_word' id='word_1_73' title='bbox 487 987 626 1028; x_wconf 89' lang='lat' dir='ltr'>agere</span> <span class='ocrx_word' id='word_1_74' title='bbox 654 976 853 1018; x_wconf 84' lang='lat' dir='ltr'>civiliter</span> <span class='ocrx_word' id='word_1_75' title='bbox 879 976 953 1017; x_wconf 87' lang='lat' dir='ltr'>vel</span> <span class='ocrx_word' id='word_1_76' title='bbox 981 975 1285 1017; x_wconf 88' lang='lat' dir='ltr'>criminaliter</span> <span class='ocrx_word' id='word_1_77' title='bbox 1310 976 1383 1017; x_wconf 82' lang='lat' dir='ltr'>vel</span> <span class='ocrx_word' id='word_1_78' title='bbox 1412 975 1556 1018; x_wconf 89' lang='lat' dir='ltr'>eciam</span> <span class='ocrx_word' id='word_1_79' title='bbox 1584 989 1643 1018; x_wconf 89' lang='lat' dir='ltr'>ex</span> <span class='ocrx_word' id='word_1_80' title='bbox 1669 975 1830 1018; x_wconf 78' lang='lat' dir='ltr'>officio</span> 
     </span>
     <span class='ocr_line' id='line_1_12' title="bbox 59 1046 1829 1099; baseline 0.001 -12"><span class='ocrx_word' id='word_1_81' title='bbox 59 1049 105 1088; x_wconf 89' lang='lat' dir='ltr'>et</span> <span class='ocrx_word' id='word_1_82' title='bbox 139 1046 354 1088; x_wconf 87' lang='lat' dir='ltr'>omnibus</span> <span class='ocrx_word' id='word_1_83' title='bbox 391 1046 540 1089; x_wconf 81' lang='lat' dir='ltr'>modis</span> <span class='ocrx_word' id='word_1_84' title='bbox 576 1046 784 1088; x_wconf 85' lang='lat' dir='ltr'>iuridicis</span> <span class='ocrx_word' id='word_1_85' title='bbox 820 1046 964 1088; x_wconf 90' lang='lat' dir='ltr'>eciam</span> <span class='ocrx_word' id='word_1_86' title='bbox 1002 1059 1087 1099; x_wconf 93' lang='lat' dir='ltr'>per</span> <span class='ocrx_word' id='word_1_87' title='bbox 1123 1046 1535 1088; x_wconf 84' lang='lat' dir='ltr'>denunciacionem</span> <span class='ocrx_word' id='word_1_88' title='bbox 1571 1047 1645 1088; x_wconf 90' lang='lat' dir='ltr'>vel</span> <span class='ocrx_word' id='word_1_89' title='bbox 1680 1046 1829 1099; x_wconf 89' lang='lat' dir='ltr'>inqui-</span> 
     </span>
     <span class='ocr_line' id='line_1_13' title="bbox 60 1116 1103 1169; baseline 0.001 -11"><span class='ocrx_word' id='word_1_90' title='bbox 60 1116 295 1159; x_wconf 83' lang='lat' dir='ltr'>sicionem.</span> <span class='ocrx_word' id='word_1_91' title='bbox 332 1117 386 1159; x_wconf 88' lang='lat' dir='ltr'>Et</span> <span class='ocrx_word' id='word_1_92' title='bbox 410 1117 493 1159; x_wconf 87' lang='lat' dir='ltr'>hoc</span> <span class='ocrx_word' id='word_1_93' title='bbox 517 1117 670 1169; x_wconf 86' lang='lat' dir='ltr'>quoad</span> <span class='ocrx_word' id='word_1_94' title='bbox 694 1117 847 1158; x_wconf 83' lang='lat' dir='ltr'>forum</span> <span class='ocrx_word' id='word_1_95' title='bbox 872 1116 1103 1159; x_wconf 90' lang='lat' dir='ltr'>iudiciale.</span> 
     </span>
    </p>
   </div>
   <div class='ocr_carea' id='block_1_6' title="bbox 53 1210 1828 2682">
    <p class='ocr_par' dir='ltr' id='par_1_6' title="bbox 53 1210 1828 2682">
     <span class='ocr_line' id='line_1_14' title="bbox 174 1210 1828 1264; baseline -0.001 -12"><span class='ocrx_word' id='word_1_96' title='bbox 174 1210 266 1253; x_wconf 86' lang='lat' dir='ltr'>Sed</span> <span class='ocrx_word' id='word_1_97' title='bbox 295 1211 448 1264; x_wconf 86' lang='lat' dir='ltr'>quoad</span> <span class='ocrx_word' id='word_1_98' title='bbox 477 1210 631 1252; x_wconf 82' lang='lat' dir='ltr'>forum</span> <span class='ocrx_word' id='word_1_99' title='bbox 662 1211 989 1264; x_wconf 87' lang='lat' dir='ltr'>penitenciale,</span> <span class='ocrx_word' id='word_1_100' title='bbox 1021 1211 1128 1264; x_wconf 87' lang='lat' dir='ltr'>quia</span> <span class='ocrx_word' id='word_1_101' title='bbox 1159 1211 1290 1253; x_wconf 86' lang='lat' dir='ltr'>multi</span> <span class='ocrx_word' id='word_1_102' title='bbox 1322 1210 1535 1253; x_wconf 89' lang='lat' dir='ltr'>dicuntur</span> <span class='ocrx_word' id='word_1_103' title='bbox 1566 1211 1656 1253; x_wconf 91' lang='lat' dir='ltr'>hiis</span> <span class='ocrx_word' id='word_1_104' title='bbox 1687 1210 1828 1264; x_wconf 89' lang='lat' dir='ltr'>turpi-</span> 
     </span>
     <span class='ocr_line' id='line_1_15' title="bbox 56 1281 1828 1335; baseline 0 -12"><span class='ocrx_word' id='word_1_105' title='bbox 56 1281 143 1325; x_wconf 88' lang='lat' dir='ltr'>bus</span> <span class='ocrx_word' id='word_1_106' title='bbox 175 1281 414 1335; x_wconf 90' lang='lat' dir='ltr'>illaqueati</span> <span class='ocrx_word' id='word_1_107' title='bbox 445 1285 536 1324; x_wconf 91' lang='lat' dir='ltr'>tam</span> <span class='ocrx_word' id='word_1_108' title='bbox 568 1283 724 1324; x_wconf 90' lang='lat' dir='ltr'>clerici</span> <span class='ocrx_word' id='word_1_109' title='bbox 757 1294 894 1335; x_wconf 87' lang='lat' dir='ltr'>quam</span> <span class='ocrx_word' id='word_1_110' title='bbox 927 1282 1043 1334; x_wconf 87' lang='lat' dir='ltr'>layci</span> <span class='ocrx_word' id='word_1_111' title='bbox 1074 1285 1119 1324; x_wconf 90' lang='lat' dir='ltr'>et</span> <span class='ocrx_word' id='word_1_112' title='bbox 1150 1283 1364 1323; x_wconf 91' lang='lat' dir='ltr'>nonnulli</span> <span class='ocrx_word' id='word_1_113' title='bbox 1398 1283 1543 1324; x_wconf 88' lang='lat' dir='ltr'>eciam</span> <span class='ocrx_word' id='word_1_114' title='bbox 1576 1281 1828 1323; x_wconf 89' lang='lat' dir='ltr'>creduntur</span> 
     </span>
     <span class='ocr_line' id='line_1_16' title="bbox 58 1352 1826 1406; baseline 0 -12"><span class='ocrx_word' id='word_1_115' title='bbox 58 1365 178 1406; x_wconf 87' lang='lat' dir='ltr'>esse,</span> <span class='ocrx_word' id='word_1_116' title='bbox 201 1354 278 1406; x_wconf 93' lang='lat' dir='ltr'>qui</span> <span class='ocrx_word' id='word_1_117' title='bbox 301 1353 421 1396; x_wconf 84' lang='lat' dir='ltr'>forte</span> <span class='ocrx_word' id='word_1_118' title='bbox 442 1353 618 1395; x_wconf 86' lang='lat' dir='ltr'>faciunt</span> <span class='ocrx_word' id='word_1_119' title='bbox 641 1353 729 1396; x_wconf 92' lang='lat' dir='ltr'>sibi</span> <span class='ocrx_word' id='word_1_120' title='bbox 751 1353 1086 1395; x_wconf 87' lang='lat' dir='ltr'>conscienciam</span> <span class='ocrx_word' id='word_1_121' title='bbox 1110 1353 1431 1395; x_wconf 86' lang='lat' dir='ltr'>existimantes</span> <span class='ocrx_word' id='word_1_122' title='bbox 1454 1366 1504 1395; x_wconf 91' lang='lat' dir='ltr'>se</span> <span class='ocrx_word' id='word_1_123' title='bbox 1527 1353 1611 1394; x_wconf 90' lang='lat' dir='ltr'>hoc</span> <span class='ocrx_word' id='word_1_124' title='bbox 1634 1352 1826 1394; x_wconf 88' lang='lat' dir='ltr'>crimine</span> 
     </span>
     <span class='ocr_line' id='line_1_17' title="bbox 57 1423 1828 1477; baseline -0.001 -12"><span class='ocrx_word' id='word_1_125' title='bbox 57 1423 414 1466; x_wconf 89' lang='lat' dir='ltr'>conterminatos</span> <span class='ocrx_word' id='word_1_126' title='bbox 444 1436 564 1476; x_wconf 88' lang='lat' dir='ltr'>esse,</span> <span class='ocrx_word' id='word_1_127' title='bbox 592 1424 738 1466; x_wconf 87' lang='lat' dir='ltr'>eciam</span> <span class='ocrx_word' id='word_1_128' title='bbox 768 1424 890 1466; x_wconf 89' lang='lat' dir='ltr'>ultra</span> <span class='ocrx_word' id='word_1_129' title='bbox 919 1436 1056 1477; x_wconf 91' lang='lat' dir='ltr'>quam</span> <span class='ocrx_word' id='word_1_130' title='bbox 1086 1424 1189 1476; x_wconf 91' lang='lat' dir='ltr'>sint,</span> <span class='ocrx_word' id='word_1_131' title='bbox 1219 1424 1326 1466; x_wconf 90' lang='lat' dir='ltr'>ideo</span> <span class='ocrx_word' id='word_1_132' title='bbox 1354 1424 1412 1466; x_wconf 92' lang='lat' dir='ltr'>ad</span> <span class='ocrx_word' id='word_1_133' title='bbox 1439 1424 1538 1477; x_wconf 86' lang='lat' dir='ltr'>hoc,</span> <span class='ocrx_word' id='word_1_134' title='bbox 1567 1426 1616 1465; x_wconf 94' lang='lat' dir='ltr'>ut</span> <span class='ocrx_word' id='word_1_135' title='bbox 1642 1423 1828 1466; x_wconf 81' lang='lat' dir='ltr'>facilius</span> 
     </span>
     <span class='ocr_line' id='line_1_18' title="bbox 56 1494 1825 1548; baseline -0.001 -12"><span class='ocrx_word' id='word_1_136' title='bbox 56 1494 333 1537; x_wconf 89' lang='lat' dir='ltr'>inducantur</span> <span class='ocrx_word' id='word_1_137' title='bbox 361 1495 418 1537; x_wconf 84' lang='lat' dir='ltr'>ad</span> <span class='ocrx_word' id='word_1_138' title='bbox 445 1495 758 1547; x_wconf 87' lang='lat' dir='ltr'>penitenciam</span> <span class='ocrx_word' id='word_1_139' title='bbox 788 1507 930 1548; x_wconf 88' lang='lat' dir='ltr'>super</span> <span class='ocrx_word' id='word_1_140' title='bbox 957 1495 1042 1536; x_wconf 90' lang='lat' dir='ltr'>hoc</span> <span class='ocrx_word' id='word_1_141' title='bbox 1072 1494 1313 1548; x_wconf 85' lang='lat' dir='ltr'>agendam,</span> <span class='ocrx_word' id='word_1_142' title='bbox 1341 1495 1506 1537; x_wconf 88' lang='lat' dir='ltr'>volens</span> <span class='ocrx_word' id='word_1_143' title='bbox 1532 1494 1617 1536; x_wconf 89' lang='lat' dir='ltr'>hoc</span> <span class='ocrx_word' id='word_1_144' title='bbox 1646 1506 1825 1541; x_wconf 90' lang='lat' dir='ltr'>sacrum</span> 
     </span>
     <span class='ocr_line' id='line_1_19' title="bbox 56 1565 1827 1618; baseline -0.001 -11"><span class='ocrx_word' id='word_1_145' title='bbox 56 1565 298 1608; x_wconf 91' lang='lat' dir='ltr'>concilium</span> <span class='ocrx_word' id='word_1_146' title='bbox 329 1565 579 1618; x_wconf 86' lang='lat' dir='ltr'>providere</span> <span class='ocrx_word' id='word_1_147' title='bbox 612 1566 750 1608; x_wconf 89' lang='lat' dir='ltr'>saluti</span> <span class='ocrx_word' id='word_1_148' title='bbox 783 1565 1059 1618; x_wconf 88' lang='lat' dir='ltr'>animarum,</span> <span class='ocrx_word' id='word_1_149' title='bbox 1094 1568 1262 1608; x_wconf 90' lang='lat' dir='ltr'>statuat</span> <span class='ocrx_word' id='word_1_150' title='bbox 1295 1565 1447 1618; x_wconf 92' lang='lat' dir='ltr'>quoad</span> <span class='ocrx_word' id='word_1_151' title='bbox 1481 1568 1692 1618; x_wconf 87' lang='lat' dir='ltr'>tempora</span> <span class='ocrx_word' id='word_1_152' title='bbox 1723 1577 1827 1618; x_wconf 93' lang='lat' dir='ltr'>pre-</span> 
     </span>
     <span class='ocr_line' id='line_1_20' title="bbox 55 1634 1824 1690; baseline -0.001 -12"><span class='ocrx_word' id='word_1_153' title='bbox 55 1636 205 1690; x_wconf 87' lang='lat' dir='ltr'>terita,</span> <span class='ocrx_word' id='word_1_154' title='bbox 234 1636 358 1689; x_wconf 92' lang='lat' dir='ltr'>quod</span> <span class='ocrx_word' id='word_1_155' title='bbox 386 1636 648 1689; x_wconf 91' lang='lat' dir='ltr'>quicunque</span> <span class='ocrx_word' id='word_1_156' title='bbox 676 1637 794 1679; x_wconf 88' lang='lat' dir='ltr'>tales</span> <span class='ocrx_word' id='word_1_157' title='bbox 824 1636 1056 1678; x_wconf 83' lang='lat' dir='ltr'>voluerint</span> <span class='ocrx_word' id='word_1_158' title='bbox 1083 1634 1354 1690; x_wconf 71' lang='lat' dir='ltr'>penitere,¹³)</span> <span class='ocrx_word' id='word_1_159' title='bbox 1387 1636 1524 1678; x_wconf 88' lang='lat' dir='ltr'>liceat</span> <span class='ocrx_word' id='word_1_160' title='bbox 1550 1635 1621 1678; x_wconf 90' lang='lat' dir='ltr'>eis</span> <span class='ocrx_word' id='word_1_161' title='bbox 1648 1636 1824 1689; x_wconf 88' lang='lat' dir='ltr'>eligere</span> 
     </span>
     <span class='ocr_line' id='line_1_21' title="bbox 56 1707 1826 1761; baseline -0.001 -12"><span class='ocrx_word' id='word_1_162' title='bbox 56 1707 145 1749; x_wconf 90' lang='lat' dir='ltr'>sibi</span> <span class='ocrx_word' id='word_1_163' title='bbox 172 1707 490 1750; x_wconf 84' lang='lat' dir='ltr'>confessorem</span> <span class='ocrx_word' id='word_1_164' title='bbox 518 1707 782 1760; x_wconf 87' lang='lat' dir='ltr'>discretum,</span> <span class='ocrx_word' id='word_1_165' title='bbox 811 1708 888 1761; x_wconf 91' lang='lat' dir='ltr'>qui</span> <span class='ocrx_word' id='word_1_166' title='bbox 918 1707 1029 1750; x_wconf 90' lang='lat' dir='ltr'>sciat</span> <span class='ocrx_word' id='word_1_167' title='bbox 1056 1707 1176 1749; x_wconf 90' lang='lat' dir='ltr'>bene</span> <span class='ocrx_word' id='word_1_168' title='bbox 1203 1707 1375 1749; x_wconf 89' lang='lat' dir='ltr'>talibus</span> <span class='ocrx_word' id='word_1_169' title='bbox 1403 1707 1664 1759; x_wconf 89' lang='lat' dir='ltr'>consulere,</span> <span class='ocrx_word' id='word_1_170' title='bbox 1689 1709 1826 1760; x_wconf 91' lang='lat' dir='ltr'>prout</span> 
     </span>
     <span class='ocr_line' id='line_1_22' title="bbox 55 1777 1826 1831; baseline -0.001 -12"><span class='ocrx_word' id='word_1_171' title='bbox 55 1777 198 1821; x_wconf 83' lang='lat' dir='ltr'>fuerit</span> <span class='ocrx_word' id='word_1_172' title='bbox 237 1778 509 1831; x_wconf 86' lang='lat' dir='ltr'>expediens.</span> <span class='ocrx_word' id='word_1_173' title='bbox 562 1778 617 1821; x_wconf 88' lang='lat' dir='ltr'>Et</span> <span class='ocrx_word' id='word_1_174' title='bbox 655 1791 715 1820; x_wconf 91' lang='lat' dir='ltr'>ne</span> <span class='ocrx_word' id='word_1_175' title='bbox 756 1778 987 1831; x_wconf 88' lang='lat' dir='ltr'>contingat</span> <span class='ocrx_word' id='word_1_176' title='bbox 1028 1777 1324 1820; x_wconf 82' lang='lat' dir='ltr'>confessores</span> <span class='ocrx_word' id='word_1_177' title='bbox 1365 1778 1411 1819; x_wconf 90' lang='lat' dir='ltr'>in</span> <span class='ocrx_word' id='word_1_178' title='bbox 1451 1777 1536 1819; x_wconf 89' lang='lat' dir='ltr'>hoc</span> <span class='ocrx_word' id='word_1_179' title='bbox 1574 1789 1661 1830; x_wconf 87' lang='lat' dir='ltr'>per</span> <span class='ocrx_word' id='word_1_180' title='bbox 1701 1777 1826 1829; x_wconf 85' lang='lat' dir='ltr'>igno-</span> 
     </span>
     <span class='ocr_line' id='line_1_23' title="bbox 56 1846 1825 1902; baseline -0.001 -12"><span class='ocrx_word' id='word_1_181' title='bbox 56 1849 258 1892; x_wconf 90' lang='lat' dir='ltr'>ranciam</span> <span class='ocrx_word' id='word_1_182' title='bbox 296 1861 472 1902; x_wconf 90' lang='lat' dir='ltr'>errare,</span> <span class='ocrx_word' id='word_1_183' title='bbox 511 1849 803 1901; x_wconf 89' lang='lat' dir='ltr'>decernatur,</span> <span class='ocrx_word' id='word_1_184' title='bbox 841 1849 964 1902; x_wconf 89' lang='lat' dir='ltr'>quod</span> <span class='ocrx_word' id='word_1_185' title='bbox 1001 1849 1091 1891; x_wconf 90' lang='lat' dir='ltr'>sint</span> <span class='ocrx_word' id='word_1_186' title='bbox 1127 1846 1380 1902; x_wconf 83' lang='lat' dir='ltr'>doctores¹’)</span> <span class='ocrx_word' id='word_1_187' title='bbox 1421 1849 1496 1890; x_wconf 89' lang='lat' dir='ltr'>vel</span> <span class='ocrx_word' id='word_1_188' title='bbox 1534 1848 1741 1901; x_wconf 83' lang='lat' dir='ltr'>magistri</span> <span class='ocrx_word' id='word_1_189' title='bbox 1779 1847 1825 1889; x_wconf 91' lang='lat' dir='ltr'>in</span> 
     </span>
     <span class='ocr_line' id='line_1_24' title="bbox 56 1918 1825 1974; baseline -0.001 -12"><span class='ocrx_word' id='word_1_190' title='bbox 56 1932 186 1962; x_wconf 88' lang='lat' dir='ltr'>sacra</span> <span class='ocrx_word' id='word_1_191' title='bbox 213 1921 383 1974; x_wconf 89' lang='lat' dir='ltr'>pagina</span> <span class='ocrx_word' id='word_1_192' title='bbox 410 1921 484 1962; x_wconf 89' lang='lat' dir='ltr'>vel</span> <span class='ocrx_word' id='word_1_193' title='bbox 511 1920 557 1961; x_wconf 92' lang='lat' dir='ltr'>in</span> <span class='ocrx_word' id='word_1_194' title='bbox 585 1920 729 1963; x_wconf 90' lang='lat' dir='ltr'>sacris</span> <span class='ocrx_word' id='word_1_195' title='bbox 757 1920 1026 1962; x_wconf 89' lang='lat' dir='ltr'>canonibus.</span> <span class='ocrx_word' id='word_1_196' title='bbox 1067 1920 1121 1963; x_wconf 94' lang='lat' dir='ltr'>Et</span> <span class='ocrx_word' id='word_1_197' title='bbox 1150 1919 1248 1961; x_wconf 88' lang='lat' dir='ltr'>istis</span> <span class='ocrx_word' id='word_1_198' title='bbox 1276 1920 1341 1962; x_wconf 91' lang='lat' dir='ltr'>sic</span> <span class='ocrx_word' id='word_1_199' title='bbox 1367 1919 1530 1962; x_wconf 87' lang='lat' dir='ltr'>electis</span> <span class='ocrx_word' id='word_1_200' title='bbox 1555 1918 1825 1961; x_wconf 87' lang='lat' dir='ltr'>conferatur</span> 
     </span>
     <span class='ocr_line' id='line_1_25' title="bbox 55 1989 1825 2044; baseline -0.002 -11"><span class='ocrx_word' id='word_1_201' title='bbox 55 2003 81 2033; x_wconf 85' lang='lat' dir='ltr'>a</span> <span class='ocrx_word' id='word_1_202' title='bbox 104 1991 297 2034; x_wconf 91' lang='lat' dir='ltr'>concil-io</span> <span class='ocrx_word' id='word_1_203' title='bbox 321 1992 461 2044; x_wconf 89' lang='lat' dir='ltr'>plena</span> <span class='ocrx_word' id='word_1_204' title='bbox 486 1994 692 2044; x_wconf 87' lang='lat' dir='ltr'>potestas</span> <span class='ocrx_word' id='word_1_205' title='bbox 716 1991 791 2043; x_wconf 89' lang='lat' dir='ltr'>ita,</span> <span class='ocrx_word' id='word_1_206' title='bbox 816 1991 939 2044; x_wconf 91' lang='lat' dir='ltr'>quod</span> <span class='ocrx_word' id='word_1_207' title='bbox 963 1991 1144 2043; x_wconf 88' lang='lat' dir='ltr'>possint</span> <span class='ocrx_word' id='word_1_208' title='bbox 1168 1990 1422 2032; x_wconf 90' lang='lat' dir='ltr'>secundum</span> <span class='ocrx_word' id='word_1_209' title='bbox 1448 1989 1719 2043; x_wconf 85' lang='lat' dir='ltr'>qualitatem</span> <span class='ocrx_word' id='word_1_210' title='bbox 1740 1989 1825 2031; x_wconf 92' lang='lat' dir='ltr'>cri-</span> 
     </span>
     <span class='ocr_line' id='line_1_26' title="bbox 55 2059 1825 2106; baseline 0 -3"><span class='ocrx_word' id='word_1_211' title='bbox 55 2062 194 2106; x_wconf 88' lang='lat' dir='ltr'>minis</span> <span class='ocrx_word' id='word_1_212' title='bbox 237 2066 282 2104; x_wconf 88' lang='lat' dir='ltr'>et</span> <span class='ocrx_word' id='word_1_213' title='bbox 328 2061 628 2104; x_wconf 89' lang='lat' dir='ltr'>devocionem</span> <span class='ocrx_word' id='word_1_214' title='bbox 674 2061 941 2104; x_wconf 75' lang='lat' dir='ltr'>confitentis</span> <span class='ocrx_word' id='word_1_215' title='bbox 987 2065 1032 2103; x_wconf 86' lang='lat' dir='ltr'>et</span> <span class='ocrx_word' id='word_1_216' title='bbox 1078 2061 1182 2103; x_wconf 86' lang='lat' dir='ltr'>aliis</span> <span class='ocrx_word' id='word_1_217' title='bbox 1230 2060 1592 2103; x_wconf 91' lang='lat' dir='ltr'>circumstanciis</span> <span class='ocrx_word' id='word_1_218' title='bbox 1639 2059 1825 2103; x_wconf 89' lang='lat' dir='ltr'>attentis</span> 
     </span>
     <span class='ocr_line' id='line_1_27' title="bbox 54 2131 1823 2186; baseline -0.001 -12"><span class='ocrx_word' id='word_1_219' title='bbox 54 2131 318 2175; x_wconf 89' lang='lat' dir='ltr'>huiusmodi</span> <span class='ocrx_word' id='word_1_220' title='bbox 346 2132 625 2175; x_wconf 83' lang='lat' dir='ltr'>confitentes</span> <span class='ocrx_word' id='word_1_221' title='bbox 653 2133 792 2186; x_wconf 91' lang='lat' dir='ltr'>plene</span> <span class='ocrx_word' id='word_1_222' title='bbox 822 2132 1068 2174; x_wconf 89' lang='lat' dir='ltr'>absolvere</span> <span class='ocrx_word' id='word_1_223' title='bbox 1096 2131 1310 2185; x_wconf 91' lang='lat' dir='ltr'>imposita</span> <span class='ocrx_word' id='word_1_224' title='bbox 1335 2131 1603 2185; x_wconf 80' lang='lat' dir='ltr'>¹penitencia</span> <span class='ocrx_word' id='word_1_225' title='bbox 1631 2131 1823 2173; x_wconf 88' lang='lat' dir='ltr'>salutari</span> 
     </span>
     <span class='ocr_line' id='line_1_28' title="bbox 54 2202 1823 2256; baseline -0.001 -10"><span class='ocrx_word' id='word_1_226' title='bbox 54 2206 100 2246; x_wconf 86' lang='lat' dir='ltr'>et</span> <span class='ocrx_word' id='word_1_227' title='bbox 137 2203 432 2246; x_wconf 83' lang='lat' dir='ltr'>sufficienter</span> <span class='ocrx_word' id='word_1_228' title='bbox 470 2204 717 2245; x_wconf 86' lang='lat' dir='ltr'>consulere</span> <span class='ocrx_word' id='word_1_229' title='bbox 755 2207 800 2246; x_wconf 94' lang='lat' dir='ltr'>et</span> <span class='ocrx_word' id='word_1_230' title='bbox 838 2203 1088 2256; x_wconf 88' lang='lat' dir='ltr'>providere</span> <span class='ocrx_word' id='word_1_231' title='bbox 1128 2202 1350 2255; x_wconf 89' lang='lat' dir='ltr'>predictis</span> <span class='ocrx_word' id='word_1_232' title='bbox 1387 2205 1431 2244; x_wconf 87' lang='lat' dir='ltr'>et</span> <span class='ocrx_word' id='word_1_233' title='bbox 1470 2214 1630 2244; x_wconf 90' lang='lat' dir='ltr'>eorum</span> <span class='ocrx_word' id='word_1_234' title='bbox 1671 2202 1823 2254; x_wconf 90' lang='lat' dir='ltr'>statui,</span> 
     </span>
     <span class='ocr_line' id='line_1_29' title="bbox 53 2272 1824 2327; baseline -0.001 -11"><span class='ocrx_word' id='word_1_235' title='bbox 53 2273 280 2317; x_wconf 87' lang='lat' dir='ltr'>habentes</span> <span class='ocrx_word' id='word_1_236' title='bbox 308 2274 353 2316; x_wconf 94' lang='lat' dir='ltr'>in</span> <span class='ocrx_word' id='word_1_237' title='bbox 381 2275 465 2316; x_wconf 91' lang='lat' dir='ltr'>hoc</span> <span class='ocrx_word' id='word_1_238' title='bbox 491 2273 800 2316; x_wconf 91' lang='lat' dir='ltr'>omnimodam</span> <span class='ocrx_word' id='word_1_239' title='bbox 826 2277 1117 2327; x_wconf 86' lang='lat' dir='ltr'>potestatem,</span> <span class='ocrx_word' id='word_1_240' title='bbox 1145 2285 1281 2326; x_wconf 89' lang='lat' dir='ltr'>quam</span> <span class='ocrx_word' id='word_1_241' title='bbox 1309 2275 1460 2326; x_wconf 89' lang='lat' dir='ltr'>potest</span> <span class='ocrx_word' id='word_1_242' title='bbox 1485 2272 1694 2315; x_wconf 88' lang='lat' dir='ltr'>tribuere</span> <span class='ocrx_word' id='word_1_243' title='bbox 1721 2284 1824 2314; x_wconf 89' lang='lat' dir='ltr'>con-</span> 
     </span>
     <span class='ocr_line' id='line_1_30' title="bbox 54 2343 1824 2398; baseline -0.001 -12"><span class='ocrx_word' id='word_1_244' title='bbox 54 2344 221 2388; x_wconf 91' lang='lat' dir='ltr'>cilium.</span> <span class='ocrx_word' id='word_1_245' title='bbox 271 2345 581 2398; x_wconf 89' lang='lat' dir='ltr'>Intelligendo</span> <span class='ocrx_word' id='word_1_246' title='bbox 612 2356 812 2398; x_wconf 90' lang='lat' dir='ltr'>semper,</span> <span class='ocrx_word' id='word_1_247' title='bbox 846 2344 969 2398; x_wconf 94' lang='lat' dir='ltr'>quod</span> <span class='ocrx_word' id='word_1_248' title='bbox 1001 2344 1227 2397; x_wconf 91' lang='lat' dir='ltr'>quidquid</span> <span class='ocrx_word' id='word_1_249' title='bbox 1259 2357 1343 2397; x_wconf 89' lang='lat' dir='ltr'>per</span> <span class='ocrx_word' id='word_1_250' title='bbox 1374 2343 1609 2396; x_wconf 86' lang='lat' dir='ltr'>predictos</span> <span class='ocrx_word' id='word_1_251' title='bbox 1639 2343 1688 2384; x_wconf 90' lang='lat' dir='ltr'>in</span> <span class='ocrx_word' id='word_1_252' title='bbox 1720 2354 1824 2396; x_wconf 87' lang='lat' dir='ltr'>pre·</span> 
     </span>
     <span class='ocr_line' id='line_1_31' title="bbox 56 2414 1824 2470; baseline -0.001 -13"><span class='ocrx_word' id='word_1_253' title='bbox 56 2415 209 2459; x_wconf 90' lang='lat' dir='ltr'>missis</span> <span class='ocrx_word' id='word_1_254' title='bbox 238 2419 417 2470; x_wconf 88' lang='lat' dir='ltr'>gestum</span> <span class='ocrx_word' id='word_1_255' title='bbox 448 2415 604 2469; x_wconf 85' lang='lat' dir='ltr'>fuerit,</span> <span class='ocrx_word' id='word_1_256' title='bbox 635 2416 787 2458; x_wconf 89' lang='lat' dir='ltr'>valeat</span> <span class='ocrx_word' id='word_1_257' title='bbox 818 2415 971 2469; x_wconf 91' lang='lat' dir='ltr'>quoad</span> <span class='ocrx_word' id='word_1_258' title='bbox 1002 2415 1169 2457; x_wconf 90' lang='lat' dir='ltr'>dictum</span> <span class='ocrx_word' id='word_1_259' title='bbox 1200 2414 1353 2456; x_wconf 80' lang='lat' dir='ltr'>forum</span> <span class='ocrx_word' id='word_1_260' title='bbox 1385 2414 1697 2467; x_wconf 90' lang='lat' dir='ltr'>penitenciale</span> <span class='ocrx_word' id='word_1_261' title='bbox 1727 2417 1824 2456; x_wconf 85' lang='lat' dir='ltr'>tan-</span> 
     </span>
     <span class='ocr_line' id='line_1_32' title="bbox 54 2484 1824 2540; baseline -0.002 -12"><span class='ocrx_word' id='word_1_262' title='bbox 54 2488 162 2540; x_wconf 91' lang='lat' dir='ltr'>tum,</span> <span class='ocrx_word' id='word_1_263' title='bbox 190 2486 292 2529; x_wconf 89' lang='lat' dir='ltr'>sine</span> <span class='ocrx_word' id='word_1_264' title='bbox 324 2486 584 2540; x_wconf 92' lang='lat' dir='ltr'>preiudicio</span> <span class='ocrx_word' id='word_1_265' title='bbox 614 2486 704 2529; x_wconf 84' lang='lat' dir='ltr'>fori</span> <span class='ocrx_word' id='word_1_266' title='bbox 734 2486 979 2528; x_wconf 84' lang='lat' dir='ltr'>iudicialis.</span> <span class='ocrx_word' id='word_1_267' title='bbox 1024 2486 1079 2528; x_wconf 90' lang='lat' dir='ltr'>Et</span> <span class='ocrx_word' id='word_1_268' title='bbox 1109 2485 1284 2527; x_wconf 90' lang='lat' dir='ltr'>iudices</span> <span class='ocrx_word' id='word_1_269' title='bbox 1315 2484 1512 2538; x_wconf 87' lang='lat' dir='ltr'>predicti</span> <span class='ocrx_word' id='word_1_270' title='bbox 1540 2484 1824 2538; x_wconf 46' lang='lat' dir='ltr'>¹deputentur</span> 
     </span>
     <span class='ocr_line' id='line_1_33' title="bbox 55 2554 1823 2611; baseline -0.001 -13"><span class='ocrx_word' id='word_1_271' title='bbox 55 2569 140 2610; x_wconf 88' lang='lat' dir='ltr'>per</span> <span class='ocrx_word' id='word_1_272' title='bbox 170 2557 404 2611; x_wconf 89' lang='lat' dir='ltr'>naciones,</span> <span class='ocrx_word' id='word_1_273' title='bbox 436 2570 557 2600; x_wconf 88' lang='lat' dir='ltr'>unus</span> <span class='ocrx_word' id='word_1_274' title='bbox 587 2570 673 2611; x_wconf 95' lang='lat' dir='ltr'>pro</span> <span class='ocrx_word' id='word_1_275' title='bbox 702 2558 897 2599; x_wconf 87' lang='lat' dir='ltr'>nacione</span> <span class='ocrx_word' id='word_1_276' title='bbox 931 2560 976 2599; x_wconf 86' lang='lat' dir='ltr'>et</span> <span class='ocrx_word' id='word_1_277' title='bbox 1007 2569 1127 2599; x_wconf 92' lang='lat' dir='ltr'>unus</span> <span class='ocrx_word' id='word_1_278' title='bbox 1160 2569 1244 2610; x_wconf 91' lang='lat' dir='ltr'>pro</span> <span class='ocrx_word' id='word_1_279' title='bbox 1276 2556 1473 2609; x_wconf 89' lang='lat' dir='ltr'>collegio</span> <span class='ocrx_word' id='word_1_280' title='bbox 1504 2554 1823 2606; x_wconf 85' lang='lat' dir='ltr'>cardinalium,</span> 
     </span>
     <span class='ocr_line' id='line_1_34' title="bbox 56 2627 909 2682; baseline 0.004 -13"><span class='ocrx_word' id='word_1_281' title='bbox 56 2638 194 2680; x_wconf 90' lang='lat' dir='ltr'>quem</span> <span class='ocrx_word' id='word_1_282' title='bbox 219 2628 370 2681; x_wconf 86' lang='lat' dir='ltr'>ipsum</span> <span class='ocrx_word' id='word_1_283' title='bbox 396 2628 641 2681; x_wconf 87' lang='lat' dir='ltr'>collegium</span> <span class='ocrx_word' id='word_1_284' title='bbox 668 2627 909 2682; x_wconf 55' lang='lat' dir='ltr'>deputem</span> 
     </span>
    </p>
   </div>
   <div class='ocr_carea' id='block_1_7' title="bbox 763 2734 950 2739">
    <p class='ocr_par' dir='ltr' id='par_1_7' title="bbox 763 2734 950 2739">
     <span class='ocr_line' id='line_1_35' title="bbox 763 2734 950 2739; baseline 0 0"><span class='ocrx_word' id='word_1_285' title='bbox 763 2734 950 2739; x_wconf 95' lang='lat' dir='ltr'> </span> 
     </span>
    </p>
   </div>
   <div class='ocr_carea' id='block_1_8' title="bbox 57 2822 1822 2955">
    <p class='ocr_par' dir='ltr' id='par_1_8' title="bbox 57 2822 1822 2955">
     <span class='ocr_line' id='line_1_36' title="bbox 161 2822 1821 2859; baseline -0.003 -7"><span class='ocrx_word' id='word_1_286' title='bbox 161 2831 191 2858; x_wconf 80' lang='lat' dir='ltr'>a)</span> <span class='ocrx_word' id='word_1_287' title='bbox 213 2826 273 2852; x_wconf 83' lang='lat' dir='ltr'>Am</span> <span class='ocrx_word' id='word_1_288' title='bbox 294 2827 424 2853; x_wconf 74' lang='lat' dir='ltr'>Ranae:</span> <span class='ocrx_word' id='word_1_289' title='bbox 446 2826 486 2859; x_wconf 89' lang='lat' dir='ltr'>l),</span> <span class='ocrx_word' id='word_1_290' title='bbox 511 2827 546 2858; x_wconf 75' lang='grc' dir='ltr'>Ε,</span> <span class='ocrx_word' id='word_1_291' title='bbox 570 2825 652 2853; x_wconf 85' lang='lat' dir='ltr'>hanc</span> <span class='ocrx_word' id='word_1_292' title='bbox 674 2825 921 2853; x_wconf 81' lang='lat' dir='ltr'>conclusionem</span> <span class='ocrx_word' id='word_1_293' title='bbox 943 2825 1046 2852; x_wconf 80' lang='lat' dir='ltr'>habes</span> <span class='ocrx_word' id='word_1_294' title='bbox 1067 2824 1143 2851; x_wconf 78' lang='lat' dir='ltr'>XVI.</span> <span class='ocrx_word' id='word_1_295' title='bbox 1164 2823 1374 2855; x_wconf 52' lang='lat' dir='ltr'>Novembri&amp;</span> <span class='ocrx_word' id='word_1_296' title='bbox 1395 2822 1417 2850; x_wconf 92' lang='lat' dir='ltr'>C</span> <span class='ocrx_word' id='word_1_297' title='bbox 1437 2822 1528 2849; x_wconf 84' lang='lat' dir='ltr'>XVII.</span> <span class='ocrx_word' id='word_1_298' title='bbox 1551 2822 1628 2849; x_wconf 77' lang='lat' dir='ltr'>Nov.</span> <span class='ocrx_word' id='word_1_299' title='bbox 1668 2822 1699 2853; x_wconf 83' lang='lat' dir='ltr'>b)</span> <span class='ocrx_word' id='word_1_300' title='bbox 1722 2822 1745 2848; x_wconf 75' lang='lat'>(¹</span> <span class='ocrx_word' id='word_1_301' title='bbox 1762 2822 1821 2848; x_wconf 83' lang='lat' dir='ltr'>Am</span> 
     </span>
     <span class='ocr_line' id='line_1_37' title="bbox 58 2868 1822 2905; baseline -0.002 -7"><span class='ocrx_word' id='word_1_302' title='bbox 58 2872 169 2899; x_wconf 77' lang='lat' dir='ltr'>Ramze</span> <span class='ocrx_word' id='word_1_303' title='bbox 202 2873 337 2900; x_wconf 84' lang='lat' dir='ltr'>Videtur</span> <span class='ocrx_word' id='word_1_304' title='bbox 365 2873 471 2900; x_wconf 83' lang='lat' dir='ltr'>solum</span> <span class='ocrx_word' id='word_1_305' title='bbox 499 2873 619 2900; x_wconf 69' lang='lat' dir='ltr'>debore</span> <span class='ocrx_word' id='word_1_306' title='bbox 647 2872 781 2900; x_wconf 79' lang='lat' dir='ltr'>concedi</span> <span class='ocrx_word' id='word_1_307' title='bbox 803 2873 955 2905; x_wconf 84' lang='lat' dir='ltr'>occultis,</span> <span class='ocrx_word' id='word_1_308' title='bbox 982 2881 1019 2899; x_wconf 71' lang='lat' dir='ltr'>co</span> <span class='ocrx_word' id='word_1_309' title='bbox 1041 2872 1128 2905; x_wconf 76' lang='lat' dir='ltr'>quod</span> <span class='ocrx_word' id='word_1_310' title='bbox 1155 2871 1186 2898; x_wconf 86' lang='lat' dir='ltr'>in</span> <span class='ocrx_word' id='word_1_311' title='bbox 1211 2871 1352 2898; x_wconf 84' lang='lat' dir='ltr'>concilio</span> <span class='ocrx_word' id='word_1_312' title='bbox 1373 2869 1621 2898; x_wconf 74' lang='lat' dir='ltr'>constanciensi</span> <span class='ocrx_word' id='word_1_313' title='bbox 1642 2868 1724 2895; x_wconf 81' lang='lat' dir='ltr'>satis</span> <span class='ocrx_word' id='word_1_314' title='bbox 1745 2870 1822 2895; x_wconf 72' lang='lat' dir='ltr'>sunt</span> 
     </span>
     <span class='ocr_line' id='line_1_38' title="bbox 57 2917 1634 2955; baseline -0.003 -9"><span class='ocrx_word' id='word_1_315' title='bbox 57 2920 242 2954; x_wconf 76' lang='lat' dir='ltr'>premoniti.</span> <span class='ocrx_word' id='word_1_316' title='bbox 261 2928 302 2948; x_wconf 89' lang='lat' dir='ltr'>ne</span> <span class='ocrx_word' id='word_1_317' title='bbox 321 2920 453 2955; x_wconf 78' lang='lat' dir='ltr'>publice</span> <span class='ocrx_word' id='word_1_318' title='bbox 473 2922 610 2955; x_wconf 75' lang='lat' dir='ltr'>peccent</span> <span class='ocrx_word' id='word_1_319' title='bbox 629 2921 687 2948; x_wconf 86' lang='lat' dir='ltr'>aut</span> <span class='ocrx_word' id='word_1_320' title='bbox 707 2920 887 2954; x_wconf 71' lang='lat' dir='ltr'>symoniam</span> <span class='ocrx_word' id='word_1_321' title='bbox 909 2919 1128 2947; x_wconf 82' lang='lat' dir='ltr'>committant.</span> <span class='ocrx_word' id='word_1_322' title='bbox 1203 2924 1231 2950; x_wconf 85' lang='lat' dir='ltr'>c)</span> <span class='ocrx_word' id='word_1_323' title='bbox 1256 2918 1278 2945; x_wconf 83' lang='lat' dir='ltr'><strong><em>S</em></strong></span> <span class='ocrx_word' id='word_1_324' title='bbox 1301 2917 1445 2944; x_wconf 79' lang='lat' dir='ltr'>voluerit</span> <span class='ocrx_word' id='word_1_325' title='bbox 1467 2917 1634 2950; x_wconf 72' lang='lat' dir='ltr'>deputaru.</span> 
     </span>
    </p>
   </div>
   <div class='ocr_carea' id='block_1_9' title="bbox 172 2977 1608 3134">
    <p class='ocr_par' dir='ltr' id='par_1_9' title="bbox 172 2977 1608 3134">
     <span class='ocr_line' id='line_1_39' title="bbox 172 2977 1565 3024; baseline -0.003 -9"><span class='ocrx_word' id='word_1_326' title='bbox 172 2981 203 3023; x_wconf 91' lang='lat'>¹)</span> <span class='ocrx_word' id='word_1_327' title='bbox 230 2980 681 3024; x_wconf 70' lang='lat' dir='ltr'>Generulreformdekret</span> <span class='ocrx_word' id='word_1_328' title='bbox 704 2981 773 3015; x_wconf 84' lang='lat' dir='ltr'>cler</span> <span class='ocrx_word' id='word_1_329' title='bbox 796 2980 923 3015; x_wconf 78' lang='lat' dir='ltr'>Sessio</span> <span class='ocrx_word' id='word_1_330' title='bbox 945 2990 1028 3023; x_wconf 73' lang='lat' dir='ltr'>qen.</span> <span class='ocrx_word' id='word_1_331' title='bbox 1054 2978 1198 3022; x_wconf 89' lang='lat' dir='ltr'><strong><em>XLIII‚·</em></strong></span> <span class='ocrx_word' id='word_1_332' title='bbox 1223 2979 1295 3021; x_wconf 66' lang='lat' dir='ltr'>val.</span> <span class='ocrx_word' id='word_1_333' title='bbox 1318 2977 1466 3012; x_wconf 79' lang='lat' dir='ltr'>Hitbler</span> <span class='ocrx_word' id='word_1_334' title='bbox 1490 2978 1565 3012; x_wconf 88' lang='lat'><em>160.</em></span> 
     </span>
     <span class='ocr_line' id='line_1_40' title="bbox 174 3038 811 3083; baseline -0.002 -10"><span class='ocrx_word' id='word_1_335' title='bbox 174 3039 206 3082; x_wconf 87' lang='lat'>²)</span> <span class='ocrx_word' id='word_1_336' title='bbox 232 3039 255 3073; x_wconf 90' lang='lat' dir='ltr'><strong><em>S</em></strong></span> <span class='ocrx_word' id='word_1_337' title='bbox 277 3039 302 3083; x_wconf 71' lang='grc' dir='ltr'>Τ.</span> <span class='ocrx_word' id='word_1_338' title='bbox 328 3040 372 3074; x_wconf 94' lang='grc'>77</span> <span class='ocrx_word' id='word_1_339' title='bbox 397 3039 525 3073; x_wconf 76' lang='lat' dir='ltr'>kollat.</span> <span class='ocrx_word' id='word_1_340' title='bbox 549 3040 616 3073; x_wconf 79' lang='lat' dir='ltr'>mil</span> <span class='ocrx_word' id='word_1_341' title='bbox 642 3039 681 3081; x_wconf 81' lang='lat' dir='ltr'>C,</span> <span class='ocrx_word' id='word_1_342' title='bbox 704 3039 749 3081; x_wconf 88' lang='lat' dir='ltr'>D,</span> <span class='ocrx_word' id='word_1_343' title='bbox 773 3038 811 3073; x_wconf 86' lang='lat' dir='ltr'>E.</span> 
     </span>
     <span class='ocr_line' id='line_1_41' title="bbox 1527 3093 1608 3134; baseline 0 0"><span class='ocrx_word' id='word_1_344' title='bbox 1527 3093 1608 3134; x_wconf 79' lang='lat'>40*</span> 
     </span>
    </p>
   </div>
  </div>
 </body>
</html>
