2102 3444
222 142 277 185 26
744 143 769 177 1.
810 143 1020 178 Abschnitt.
1073 143 1473 189 Konzilstagebiicher.

223 260 488 314 dissiparet.
537 262 615 304 Set
651 262 915 305 cardinales
952 263 1096 315 missi,
1131 267 1374 317 postquam
1412 265 1590 306 reversi
1628 264 1832 317 fuerunt,
1869 277 1993 307 man-

225 331 381 373 datum
411 332 677 374 huiusmodi
707 333 1055 386 suspenderunt
1084 334 1142 376 ad
1172 337 1355 388 tempus
1384 338 1429 376 et
1457 335 1690 387 dixerunt,
1721 334 1844 388 quod
1873 347 1994 388 papa

227 406 480 445 revocaret.

345 474 430 515 Die
463 475 624 517 martis
655 478 759 528 post
789 487 943 518 ramos
975 475 1235 528 palmarum
1269 488 1391 518 anno
1427 476 1707 519 MCCCCXV
1739 479 1784 518 et
1816 476 1996 518 concilii

163 567 167 572 -
227 544 377 597 primo
413 545 657 587 concilium
694 546 841 588 tenuit
876 559 1015 588 unam
1053 547 1312 589 sessionem
1348 548 1449 589 sine
1486 559 1621 600 papa.
1672 547 1724 588 In
1760 559 1851 600 qua
1886 559 1997 601 rege

226 619 447 668 presente
476 616 522 657 in
550 628 720 658 corona
746 620 792 659 et
818 617 979 659 habitu
1007 616 1239 670 imperiali
1267 618 1475 671 presedit
1503 617 1756 660 cardinalis
1784 617 1999 660 Camera-

226 686 392 739 censis,
430 687 730 739 presentibus
771 687 876 730 aliis
913 688 1151 741 predictis,
1190 689 1267 741 qui
1308 691 1647 741 remanserant,
1687 691 1846 742 preter
1882 688 1997 732 Osti-

225 769 401 810 ensem,
431 759 508 810 qui
538 758 879 801 infirmabatur.
920 759 975 800 Et
1003 758 1227 801 diffinivit
1254 762 1299 801 et
1326 760 1480 812 posuit
1507 759 1830 802 conclusiones
1856 762 1902 802 et
1928 772 1998 802 ar-

224 829 404 882 ticulos,
432 828 509 881 qui
536 826 769 882 secuntur,
797 829 874 882 qui
900 829 1091 871 fuerunt
1118 830 1223 871 lecti
1250 842 1335 883 per
1361 829 1647 872 cardinalem
1677 830 1997 872 Florentinum

226 898 501 951 dyaconum:

343 970 415 1012 Ad
450 970 676 1012 honorem
715 1005 723 1013 .
760 1004 768 1013 .
804 1004 812 1013 .
850 963 1197 1025 exequendis.¹)

345 1041 522 1083 Prefati
554 1044 651 1084 tres
683 1041 947 1085 cardinales
980 1042 1109 1084 missi
1142 1042 1201 1084 ad
1232 1055 1401 1096 papam
1434 1043 1482 1084 in
1514 1042 1725 1085 Scasusia
1757 1055 1859 1085 cum
1893 1043 1999 1086 aliis

226 1112 462 1165 predictis,
488 1112 567 1165 qui
592 1116 981 1166 supervenerunt,
1006 1113 1307 1156 obtinuerunt
1333 1127 1358 1156 a
1382 1126 1504 1167 papa
1528 1114 1624 1167 illa,
1649 1126 1738 1167 que
1765 1117 1997 1156 secuntur.

226 1184 281 1225 Et
309 1183 489 1225 reversi
519 1187 626 1226 sunt
655 1183 931 1226 Constancie
960 1184 1063 1238 ipsa
1092 1185 1167 1226 die
1198 1185 1359 1227 martis
1387 1184 1434 1226 in
1464 1197 1570 1227 sero
1599 1197 1701 1226 cum
1731 1184 1865 1227 dictis
1893 1184 1999 1227 arti-

226 1255 342 1297 culis
378 1256 592 1308 optentis.
642 1255 696 1297 Et
730 1255 910 1298 reversi
946 1259 1052 1298 sunt
1087 1269 1189 1298 cum
1224 1256 1292 1298 eis
1329 1256 1594 1298 cardinales
1628 1256 1827 1299 Pisanus
1861 1259 1907 1298 et
1940 1255 1999 1298 de

227 1326 493 1369 Challanco.

345 1397 571 1440 Dominus
598 1400 758 1440 noster
786 1397 1032 1440 constituet
1062 1432 1070 1440 .
1106 1432 1114 1440 .
1151 1431 1159 1440 .
1189 1398 1518 1441 dissolucionis
1546 1398 1594 1440 in
1621 1397 1872 1452 concilio.²)

349 1469 460 1510 Item
497 1469 861 1511 ambassiatores
894 1469 1020 1522 regis
1056 1458 1341 1511 Francorum
1376 1482 1478 1511 cum
1514 1468 1648 1512 dictis
1683 1468 2000 1512 cardinalibus

227 1540 529 1582 obtinuerunt
552 1553 578 1582 a
601 1553 737 1593 papa,
761 1540 885 1593 quod
906 1553 1000 1582 non
1024 1540 1266 1594 elongaret
1290 1553 1340 1582 se
1365 1553 1391 1583 a
1415 1540 1691 1582 Constancia
1714 1540 1837 1582 ultra
1858 1552 1999 1582 unam

228 1611 398 1653 dietam
431 1611 505 1653 vel
539 1612 674 1665 circa,
707 1611 956 1654 dummodo
989 1611 1181 1654 daretur
1214 1611 1302 1654 sibi
1335 1624 1361 1654 a
1395 1624 1506 1665 rege
1538 1611 1662 1654 bona
1696 1611 1922 1654 securitas
1954 1613 2000 1653 et

227 1683 374 1724 eciam
409 1682 512 1724 duci
546 1683 733 1725 Austrie
766 1695 936 1736 guerra
969 1695 1063 1725 non
1096 1682 1250 1725 fieret.
1297 1682 1533 1725 Premissa
1565 1682 1719 1725 omnia
1753 1685 1943 1735 optenta
1974 1695 2000 1724 a

228 1766 350 1806 papa
377 1753 549 1806 prefati
576 1753 840 1796 cardinales
868 1755 1048 1796 reversi
1077 1753 1401 1796 Constanciam
1429 1756 1474 1796 et
1502 1753 1848 1796 ambaxiatores
1875 1753 2001 1807 regis

231 1825 513 1866 Francorum
552 1825 814 1867 retulerunt
850 1825 1045 1867 concilio
1083 1828 1128 1867 et
1166 1825 1264 1878 regi
1302 1824 1489 1878 publice
1527 1824 1603 1866 die
1642 1824 1860 1866 mercurii
1897 1827 2001 1878 post

229 1909 383 1938 ramos
417 1897 691 1950 palmarum.
738 1897 835 1948 Que
869 1897 1017 1938 relata
1050 1909 1215 1949 parum
1251 1899 1486 1950 acceptata
1519 1896 1711 1938 fuerunt
1744 1898 1789 1937 et
1823 1895 1922 1949 regi
1955 1898 2001 1937 et

229 1967 436 2010 concilio.
476 1968 672 2021 Fuitque
699 1967 820 2009 facta
845 1970 1065 2020 requesta
1089 1967 1202 2020 regi,
1228 1970 1276 2009 ut
1301 1980 1519 2020 guerram
1544 1979 1638 2009 non
1663 1969 1871 2009 moveret
1895 1966 2000 2008 duci

228 2039 431 2091 Austrie,
463 2051 565 2080 cum
595 2039 680 2080 hoc
710 2041 836 2080 esset
867 2038 1099 2091 dissipare
1130 2038 1389 2090 concilium,
1421 2039 1600 2098 tollerev
1621 2037 1856 2090 alimenta,
1887 2037 2000 2079 dare

229 2123 351 2162 pape
384 2109 672 2152 occasionem
706 2110 891 2162 longius
923 2109 1160 2150 recedere.
1206 2109 1284 2151 Set
1315 2109 1558 2150 concilium
1591 2111 1637 2150 et
1667 2121 1766 2161 rex,
1798 2108 1876 2161 qui
1910 2108 2001 2150 iam

229 2181 561 2222 ordinaverant
589 2180 747 2222 facere
778 2180 851 2221 die
883 2179 1000 2222 iovis
1030 2180 1243 2232 sequenti
1275 2180 1413 2222 aliam
1446 2179 1719 2232 sessionem,
1749 2179 2001 2221 noluerunt

231 2252 289 2294 ad
310 2252 540 2306 premissa
562 2251 808 2293 intendere
830 2254 899 2293 set
921 2252 1070 2292 solum
1091 2251 1212 2292 circa
1234 2250 1329 2303 illa,
1352 2263 1441 2303 que
1464 2253 1820 2303 proposuerant,
1842 2249 2000 2291 facere

232 2324 279 2365 in
311 2323 536 2364 sessione.
579 2323 675 2374 Que
706 2325 861 2364 tamen
892 2322 1042 2363 sessio
1072 2334 1173 2363 cum
1204 2321 1483 2363 difficultate
1514 2334 1574 2362 ex
1602 2333 1673 2374 eo,
1703 2320 1828 2374 quod
1857 2319 2002 2363 cardi-

232 2395 365 2436 nales
387 2394 528 2436 nichil
552 2393 758 2436 sciebant
781 2393 838 2435 de
862 2393 1056 2446 agendis
1079 2393 1126 2434 in
1148 2392 1230 2434 illa
1252 2393 1478 2445 sessione,
1500 2391 1589 2434 fuit
1609 2391 1751 2434 dilata
1772 2403 1921 2445 usque
1943 2391 2002 2434 ad

232 2465 355 2507 diem
383 2465 563 2507 sabbati
590 2464 746 2518 vigilie
772 2464 958 2518 pasche.

352 2536 435 2577 Die
462 2536 578 2578 iovis
604 2536 650 2577 in
675 2548 789 2578 cena
815 2535 990 2577 domini
1015 2548 1137 2588 papa
1162 2538 1207 2576 et
1233 2537 1411 2587 septem
1438 2533 1755 2576 cardinalibus
1780 2533 2001 2587 predictis

235 2607 464 2649 stantibus
485 2606 532 2648 in
553 2606 778 2659 Scasusia‚
800 2619 901 2648 curn
923 2619 1045 2659 papa
1067 2609 1112 2648 et
1136 2605 1224 2659 ipsi
1247 2605 1510 2647 cardinales
1534 2604 1655 2646 irent
1676 2604 1734 2647 ad
1757 2604 2001 2647 ecclesiam

234 2691 319 2731 pro
348 2677 508 2719 officio
536 2678 833 2731 celebrando,
862 2677 1130 2719 nunciatum
1160 2679 1230 2719 est
1257 2688 1394 2730 pape,
1425 2676 1547 2728 quod
1577 2688 1661 2718 rex
1691 2675 2003 2717 Romanorum

235 2749 538 2790 diffidaverat
563 2749 724 2790 ducem
751 2748 952 2791 Austrie.
991 2749 1045 2790 Et
1069 2760 1231 2789 verum
1257 2750 1370 2789 erat.
1408 2747 1506 2798 Quo
1531 2746 1688 2789 audito
1712 2758 1835 2799 papa
1859 2749 2004 2788 retro-

235 2821 374 2862 cessit
396 2832 480 2861 nec
502 2820 590 2862 fuit
612 2821 657 2861 in
682 2819 841 2862 officio
863 2820 944 2862 illa
968 2819 1042 2861 die
1066 2822 1111 2861 et
1133 2818 1278 2861 voluit
1300 2818 1538 2870 recedere,
1562 2821 1632 2860 set
1654 2817 1833 2859 distulit
1854 2829 2002 2870 usque

237 2891 294 2932 ad
317 2891 439 2932 diem
464 2891 666 2933 veneris.
701 2891 798 2943 Qua
823 2891 897 2932 die
921 2890 1109 2932 veneris
1132 2890 1263 2931 nullo
1287 2888 1438 2932 officio
1460 2888 1697 2931 celebrato
1721 2889 1768 2930 in
1791 2887 2003 2940 ecclesia,

355 2996 386 3037 ¹)
415 2995 535 3029 Hard!
562 2995 628 3036 11⁷,
655 2997 716 3037 72‚·
745 2995 871 3030 Mansz'
898 2994 1057 3037 XXVII,
1084 2996 1161 3030 580.

355 3054 386 3096 2)
414 3054 534 3088 Hardt
570 3054 604 3096 1’,
630 3053 722 3097 77f3
750 3054 876 3088 Mansz·
901 3052 1060 3096 XXVII,
1084 3053 1163 3089 582.
