2227 3434
504 166 546 201 A.
588 165 786 202 Fillastres
815 167 929 203 Gesta
957 168 1108 203 concilii
1135 167 1449 204 Constantiensis.
1805 173 1861 216 65

211 285 320 328 Post
343 289 388 328 et
413 286 534 328 inter
556 286 641 328 hec
667 286 810 339 aliqui
835 290 1074 340 magnates
1097 287 1279 329 concilii
1302 289 1438 341 plura
1464 293 1643 331 secreta
1667 290 1860 332 concilia

93 359 344 398 tenuerunt
378 360 424 399 et
456 360 619 398 tenere
654 357 799 399 eciam
835 361 971 400 antea
1006 362 1348 401 consueverunt
1383 363 1427 401 et
1462 360 1713 402 novissime
1748 363 1862 403 trac-

92 429 261 479 tarunt,
303 427 425 481 quod
466 429 561 480 illa,
603 441 692 481 que
734 441 819 481 per
859 432 955 470 tres
996 429 1216 472 naciones
1256 430 1634 472 deliberarentur
1674 435 1719 473 et
1759 445 1862 474 con-

92 498 393 540 cluderentur
430 499 576 541 eciam
615 502 778 552 quarta
817 500 1161 542 contradicente
1201 501 1568 543 decernerentur
1606 505 1651 543 et
1688 502 1862 544 fierent

91 581 177 622 per
198 570 442 612 concilium
464 571 701 623 generale.
737 571 867 622 Quod
891 571 1039 613 visum
1063 575 1133 614 est
1155 571 1369 624 pluribus
1395 573 1441 613 in
1464 572 1719 625 perniciem
1743 573 1860 615 verti

91 643 137 682 et
158 643 308 683 astute
329 642 679 695 excogitatuma)
705 641 763 683 ad
785 641 965 694 aliquos
988 643 1190 685 occultos
1212 643 1349 685 fines.
1384 643 1547 686 Omnia
1567 644 1692 685 enim
1713 656 1860 697 usque

90 723 213 754 nunc
246 715 345 754 acta
378 712 568 754 fuerunt
603 712 702 754 sine
737 713 1114 755 contradictione.
1162 713 1244 756 Cui
1281 715 1347 755 rei
1383 714 1471 756 fuit
1501 727 1588 768 per
1621 714 1861 756 nacionem

90 781 379 825 Gallicanam
413 783 596 825 fortiter
630 783 883 826 resistitum
919 787 963 826 et
995 797 1097 826 cum
1133 797 1299 838 magna
1332 785 1680 827 deliberacione
1714 786 1860 827 eciam

91 854 396 897 cardinalium
431 854 635 908 plurium
669 858 715 897 et
746 867 847 896 cum
882 856 1038 898 multis
1072 855 1350 909 racionibus,
1385 859 1606 909 quantum
1641 857 1699 899 ad
1734 857 1861 899 illam

90 926 347 978 nacionem‚
381 926 646 968 conclusum
679 926 821 967 nichil
855 939 940 979 per
972 926 1216 968 concilium
1250 927 1357 968 fieri
1391 927 1736 969 contradicente
1769 940 1859 969 una

90 997 304 1049 nacione;
330 1000 399 1040 set
422 997 468 1038 in
492 997 573 1040 illo
595 1010 704 1040 casu
728 1001 995 1039 recurratur
1018 998 1077 1039 ad
1101 999 1172 1040 ius
1195 1011 1436 1040 commune
1459 1001 1504 1040 et
1526 999 1723 1041 formam
1748 999 1860 1041 anti-

90 1080 286 1121 quorum
312 1068 625 1121 conciliorum,
653 1072 701 1110 ut
726 1068 772 1110 in
799 1070 1027 1110 communi
1054 1069 1248 1111 concilio
1275 1069 1443 1111 auditis
1470 1070 1685 1112 omnibus
1711 1070 1857 1112 semul

91 1140 381 1193 congregatis
404 1139 694 1182 deliberetur
715 1143 759 1181 et
783 1140 1075 1192 decernatur,
1100 1143 1235 1193 prout
1259 1140 1315 1182 de
1340 1140 1440 1182 iure
1466 1140 1607 1183 fuerit

212 1222 325 1265 Item
354 1223 462 1276 quia
492 1223 539 1264 in
568 1223 710 1265 rebus
739 1222 1061 1265 deliberandis
1089 1226 1134 1264 et
1163 1223 1473 1265 decernendis
1502 1236 1587 1276 per
1617 1222 1860 1264 concilium

90 1305 184 1336 non
204 1296 276 1336 est
295 1293 445 1336 bonus
468 1293 596 1346 ordo,
619 1297 688 1336 set
710 1294 840 1336 multi
863 1297 969 1336 sunt
990 1294 1202 1336 defectus
1224 1297 1268 1335 et
1290 1294 1421 1347 vicia,
1443 1294 1579 1347 plura
1601 1294 1725 1336 enim
1748 1293 1861 1335 fiunt

89 1364 359 1408 auctoritate
391 1365 574 1407 concilii
605 1377 691 1418 per
724 1364 963 1418 quosdam,
997 1377 1087 1418 que
1121 1368 1276 1406 tamen
1310 1366 1491 1418 ignorat
1523 1364 1781 1418 concilium,
1815 1368 1859 1406 et

89 1435 280 1478 fuerunt
310 1434 495 1490 notatib)
532 1435 758 1489 defectus,
792 1436 870 1490 qui
904 1439 1136 1488 secuntur,
1171 1439 1215 1478 et
1248 1436 1474 1478 adversus
1509 1436 1615 1478 illos
1649 1435 1860 1478 defectus

89 1507 296 1550 advisate
328 1507 375 1549 in
406 1507 680 1550 nacionibus
712 1507 954 1549 Gallicana
985 1511 1030 1549 et
1062 1507 1240 1549 Ytalica
1272 1510 1316 1548 et
1347 1519 1432 1560 per
1463 1506 1727 1549 cardinales
1757 1519 1860 1559 pro-

90 1577 294 1622 visiones
322 1582 573 1631 sequentes
601 1582 645 1621 et
673 1578 880 1620 exhibite
909 1579 1204 1631 provisiones
1231 1577 1506 1620 nacionibus
1534 1577 1784 1620 Germanie
1815 1580 1860 1618 et

89 1649 270 1703 Anglie.
311 1650 380 1692 Ex
409 1650 578 1703 quibus
606 1649 880 1692 nacionibus
909 1648 1161 1691 Germanie
1190 1652 1236 1691 et
1263 1649 1431 1702 Anglie
1462 1648 1620 1701 aliqui,
1650 1649 1728 1701 qui
1757 1661 1859 1690 con-

90 1724 345 1763 sueverunt
366 1720 609 1774 dominari,
632 1721 817 1763 fortiter
841 1720 1125 1772 restiterunt,
1149 1720 1255 1772 quia
1278 1719 1499 1762 videbant
1519 1732 1605 1773 per
1627 1719 1712 1761 hec
1734 1720 1859 1772 prin-

89 1792 288 1846 cipatum
312 1805 445 1835 suum
467 1792 582 1844 tolli,
606 1795 651 1834 et
673 1792 841 1834 multas
865 1791 1119 1833 dilaciones
1143 1793 1452 1844 procurarunt
1475 1791 1522 1831 in
1545 1789 1626 1832 illa
1650 1791 1857 1832 materia.

89 1863 263 1906 Tamen
287 1864 510 1906 naciones
537 1863 617 1904 ille
644 1863 734 1904 due
761 1862 992 1904 dederunt
1017 1862 1262 1915 deputatos
1288 1861 1346 1904 ad
1373 1861 1731 1903 deliberandum
1757 1873 1857 1902 cum

89 1934 321 1988 deputatis
354 1934 551 1976 aliarum
585 1933 830 1975 nacionum
863 1936 909 1974 et
941 1932 1248 1974 cardinalium
1283 1945 1424 1985 super
1458 1931 1552 1974 illis
1585 1931 1859 1985 provisioni-

88 2004 189 2048 bus.
232 2005 317 2058 Qui
351 2005 557 2058 deputati
592 2004 843 2047 Germanie
877 2007 922 2046 et
954 2004 1122 2057 Anglie
1156 2003 1304 2046 adhuc
1337 2003 1637 2046 obtinuerunt
1670 2002 1857 2044 differri

89 2076 331 2119 materiam
356 2079 401 2118 et
425 2075 512 2118 fuit
535 2075 678 2117 dilata
703 2087 850 2128 usque
876 2075 934 2116 ad
958 2087 1042 2117 sex
1067 2074 1181 2116 dies.
1218 2074 1272 2116 Et
1298 2077 1556 2127 sequuntur
1579 2073 1790 2116 defectus
1814 2075 1859 2114 et

88 2147 383 2200 provisiones
409 2160 460 2189 ac
487 2146 694 2189 remedia
721 2158 810 2199 que
838 2145 1054 2187 videntur
1079 2145 1306 2198 expedire
1333 2158 1419 2198 pro
1445 2145 1596 2187 forma
1622 2147 1667 2186 et
1693 2143 1858 2186 ordine

90 2230 246 2260 rerum
275 2217 588 2271 gerendarum
617 2217 663 2258 in
693 2217 899 2259 concilio.
944 2216 1241 2258 Provisiones
1271 2218 1425 2258 autem
1455 2218 1500 2258 et
1529 2215 1738 2257 remedia
1766 2226 1858 2256 non

91 2288 360 2332 inseruntur
395 2289 480 2342 hic,
516 2289 624 2342 quia
659 2287 799 2329 nichil
836 2287 982 2341 potuit
1016 2286 1272 2341 obtineriss).

206 2360 309 2402 Hiis
332 2357 688 2413 pendentibusd)
715 2358 840 2400 venit
865 2358 923 2400 ad
945 2358 1189 2400 concilium
1215 2357 1455 2409 certitudo,
1479 2356 1602 2410 quod
1626 2357 1860 2398 ambaxia-

91 2432 216 2473 tores
247 2431 372 2484 regis
403 2431 669 2484 Aragonum
702 2433 835 2472 erant
867 2429 914 2470 in
946 2428 1156 2471 Scasusia
1188 2428 1246 2471 ad
1278 2440 1416 2470 unam
1450 2428 1622 2470 dietam
1655 2427 1712 2469 de
1745 2426 1860 2469 Con-

92 2501 278 2556 stancia‚
310 2501 369 2544 ad
398 2513 513 2554 quos
544 2513 629 2554 pro
660 2500 754 2543 illis
783 2499 1070 2542 honorandis
1100 2500 1291 2541 fuerunt
1321 2499 1452 2541 missi
1483 2498 1652 2552 prelati
1683 2500 1729 2540 et
1758 2497 1860 2540 doc-

90 2574 216 2615 tores
237 2584 297 2614 ex
318 2574 451 2625 parte
474 2571 657 2624 collegii
681 2570 988 2613 cardinalium
1013 2573 1209 2623 quatuor
1233 2568 1440 2622 episcopi
1463 2572 1509 2611 et
1531 2581 1652 2611 unus
1675 2568 1859 2621 protho-

91 2643 299 2686 notarius
320 2646 366 2684 et
388 2643 467 2685 alii
491 2655 575 2695 pro
599 2641 795 2695 singulis
817 2641 1090 2683 nacionibus
1113 2640 1170 2682 ad
1193 2639 1451 2682 Scasusiam
1474 2652 1559 2693 pro
1581 2638 1858 2693 gratulando

93 2725 253 2756 eorum
278 2713 497 2756 adventui
521 2716 566 2755 et
590 2711 863 2755 honorando
888 2724 983 2754 eos.

212 2785 298 2826 Die
321 2784 509 2826 veneris
532 2786 696 2836 quarta
719 2783 1008 2836 Septembris
1033 2782 1151 2824 sedit
1175 2781 1419 2823 concilium
1444 2781 1544 2823 sine
1568 2781 1860 2822 solemnitate

94 2858 139 2897 et
159 2855 385 2898 commisit
408 2854 610 2897 Johanni
634 2854 879 2907 patrarche
904 2852 1417 2905 Constantinopolitano
1441 2864 1604 2894 causas
1627 2850 1860 2903 inquisici-

94 2937 231 2968 onum
262 2938 404 2979 super
433 2925 682 2968 heresibus
712 2923 1075 2966 Wiclefistarum
1105 2926 1151 2965 et
1180 2923 1277 2965 Hus
1307 2925 1465 2964 contra
1495 2921 1859 2974 quadringentos

195 3055 226 3087 a)
247 3052 327 3086 fehlt
349 3053 378 3084 C,
424 3052 456 3083 b)
478 3051 611 3079 concilii
633 3071 638 3077 .
660 3073 664 3078 .
687 3072 692 3079 .
714 3050 818 3078 notati
839 3050 919 3083 fehlt
942 3052 970 3077 ε’.
1017 3053 1045 3080 c)
1065 3050 1140 3077 Sat:
1163 3049 1243 3082 fehlt
1266 3050 1303 3082 B,
1326 3051 1354 3076 C.
1400 3048 1431 3081 d)
1454 3049 1495 3074 B:
1517 3047 1642 3074 diebus.

160 3121 301 3157 Finke,
320 3123 404 3150 Acta
425 3122 562 3150 concilii
585 3121 862 3150 constanciensis.
882 3121 919 3148 ΙΙ.
1625 3107 1649 3147 5
