<?xml version="1.0" encoding="UTF-8"?>
<!DOCTYPE html PUBLIC "-//W3C//DTD XHTML 1.0 Transitional//EN"
    "http://www.w3.org/TR/xhtml1/DTD/xhtml1-transitional.dtd">
<html xmlns="http://www.w3.org/1999/xhtml" xml:lang="en" lang="en">
 <head>
  <title>
</title>
<meta http-equiv="Content-Type" content="text/html;charset=utf-8" />
  <meta name='ocr-system' content='tesseract 3.04.00' />
  <meta name='ocr-capabilities' content='ocr_page ocr_carea ocr_par ocr_line ocrx_word'/>
</head>
<body>
  <div class='ocr_page' id='page_1' title='image "./actaconciliicons02counuoft_0726.png"; bbox 0 0 2102 3444; ppageno 0'>
   <div class='ocr_carea' id='block_1_1' title="bbox 277 164 1606 217">
    <p class='ocr_par' dir='ltr' id='par_1_1' title="bbox 277 164 1606 217">
     <span class='ocr_line' id='line_1_1' title="bbox 277 164 1606 217; baseline -0.008 -9"><span class='ocrx_word' id='word_1_1' title='bbox 277 176 360 217; x_wconf 76' lang='lat'>712</span> <span class='ocrx_word' id='word_1_2' title='bbox 713 171 778 204; x_wconf 95' lang='grc' dir='ltr'>ΙΙΙ.</span> <span class='ocrx_word' id='word_1_3' title='bbox 812 167 1020 204; x_wconf 74' lang='lat' dir='ltr'>Absrhnitt.</span> <span class='ocrx_word' id='word_1_4' title='bbox 1063 166 1215 200; x_wconf 81' lang='lat' dir='ltr'>Reform</span> <span class='ocrx_word' id='word_1_5' title='bbox 1248 165 1324 199; x_wconf 87' lang='lat' dir='ltr'>und</span> <span class='ocrx_word' id='word_1_6' title='bbox 1358 164 1606 208; x_wconf 83' lang='lat' dir='ltr'>Versassung.</span> 
     </span>
    </p>
   </div>
   <div class='ocr_carea' id='block_1_2' title="bbox 274 282 2085 2108">
    <p class='ocr_par' dir='ltr' id='par_1_2' title="bbox 274 282 2085 2108">
     <span class='ocr_line' id='line_1_2' title="bbox 277 282 2042 341; baseline -0.005 -8"><span class='ocrx_word' id='word_1_7' title='bbox 277 292 567 341; x_wconf 84' lang='lat' dir='ltr'>contrariam,</span> <span class='ocrx_word' id='word_1_8' title='bbox 594 294 698 331; x_wconf 91' lang='lat' dir='ltr'>tunc</span> <span class='ocrx_word' id='word_1_9' title='bbox 727 291 871 330; x_wconf 85' lang='lat' dir='ltr'>stetur</span> <span class='ocrx_word' id='word_1_10' title='bbox 898 284 1176 327; x_wconf 83' lang='lat' dir='ltr'>diffinicioni</span> <span class='ocrx_word' id='word_1_11' title='bbox 1203 295 1339 336; x_wconf 87' lang='lat' dir='ltr'>pape,</span> <span class='ocrx_word' id='word_1_12' title='bbox 1367 283 1591 336; x_wconf 88' lang='lat' dir='ltr'>sequitur,</span> <span class='ocrx_word' id='word_1_13' title='bbox 1619 283 1755 336; x_wconf 89' lang='lat' dir='ltr'>quod,</span> <span class='ocrx_word' id='word_1_14' title='bbox 1783 283 1820 326; x_wconf 92' lang='lat' dir='ltr'>si</span> <span class='ocrx_word' id='word_1_15' title='bbox 1846 283 1935 325; x_wconf 87' lang='lat' dir='ltr'>erit</span> <span class='ocrx_word' id='word_1_16' title='bbox 1960 282 2042 325; x_wconf 89' lang='lat' dir='ltr'>ali-</span> 
     </span>
     <span class='ocr_line' id='line_1_3' title="bbox 277 352 2042 414; baseline -0.005 -11"><span class='ocrx_word' id='word_1_17' title='bbox 277 362 379 414; x_wconf 83' lang='lat' dir='ltr'>quis</span> <span class='ocrx_word' id='word_1_18' title='bbox 405 374 523 414; x_wconf 83' lang='lat' dir='ltr'>papa</span> <span class='ocrx_word' id='word_1_19' title='bbox 551 372 717 401; x_wconf 75' lang='lat' dir='ltr'>avarus</span> <span class='ocrx_word' id='word_1_20' title='bbox 744 361 787 399; x_wconf 80' lang='lat' dir='ltr'>et</span> <span class='ocrx_word' id='word_1_21' title='bbox 812 356 1006 409; x_wconf 87' lang='lat' dir='ltr'>cupidus</span> <span class='ocrx_word' id='word_1_22' title='bbox 1030 355 1241 407; x_wconf 79' lang='lat' dir='ltr'>pecunie,</span> <span class='ocrx_word' id='word_1_23' title='bbox 1267 354 1383 396; x_wconf 92' lang='lat' dir='ltr'>sicut</span> <span class='ocrx_word' id='word_1_24' title='bbox 1408 353 1598 397; x_wconf 87' lang='lat' dir='ltr'>fuerunt</span> <span class='ocrx_word' id='word_1_25' title='bbox 1623 354 1837 396; x_wconf 91' lang='lat' dir='ltr'>nonnulli</span> <span class='ocrx_word' id='word_1_26' title='bbox 1863 352 2042 395; x_wconf 92' lang='lat' dir='ltr'>moder-</span> 
     </span>
     <span class='ocr_line' id='line_1_4' title="bbox 276 423 2042 483; baseline -0.005 -9"><span class='ocrx_word' id='word_1_27' title='bbox 276 433 348 474; x_wconf 91' lang='lat' dir='ltr'>nis</span> <span class='ocrx_word' id='word_1_28' title='bbox 390 430 688 483; x_wconf 70' lang='lat' dir='ltr'>temporibus,</span> <span class='ocrx_word' id='word_1_29' title='bbox 730 431 775 469; x_wconf 89' lang='lat' dir='ltr'>et</span> <span class='ocrx_word' id='word_1_30' title='bbox 816 430 1014 480; x_wconf 90' lang='lat' dir='ltr'>ponatur</span> <span class='ocrx_word' id='word_1_31' title='bbox 1057 426 1102 467; x_wconf 91' lang='lat' dir='ltr'>in</span> <span class='ocrx_word' id='word_1_32' title='bbox 1145 424 1540 466; x_wconf 80' lang='lat' dir='ltr'>deliberacionem</span> <span class='ocrx_word' id='word_1_33' title='bbox 1580 424 1778 477; x_wconf 88' lang='lat' dir='ltr'>concilii,</span> <span class='ocrx_word' id='word_1_34' title='bbox 1817 423 2042 477; x_wconf 91' lang='lat' dir='ltr'>numquid</span> 
     </span>
     <span class='ocr_line' id='line_1_5' title="bbox 277 494 2043 554; baseline -0.004 -11"><span class='ocrx_word' id='word_1_35' title='bbox 277 502 410 543; x_wconf 86' lang='lat' dir='ltr'>liceat</span> <span class='ocrx_word' id='word_1_36' title='bbox 433 513 552 554; x_wconf 86' lang='lat' dir='ltr'>pape</span> <span class='ocrx_word' id='word_1_37' title='bbox 574 512 661 552; x_wconf 89' lang='lat' dir='ltr'>pro</span> <span class='ocrx_word' id='word_1_38' title='bbox 682 498 848 540; x_wconf 89' lang='lat' dir='ltr'>dandis</span> <span class='ocrx_word' id='word_1_39' title='bbox 872 496 1120 538; x_wconf 85' lang='lat' dir='ltr'>beneficiis</span> <span class='ocrx_word' id='word_1_40' title='bbox 1144 494 1471 537; x_wconf 84' lang='lat' dir='ltr'>ecclesiasticis</span> <span class='ocrx_word' id='word_1_41' title='bbox 1496 494 1707 548; x_wconf 89' lang='lat' dir='ltr'>recipere</span> <span class='ocrx_word' id='word_1_42' title='bbox 1730 494 1974 548; x_wconf 88' lang='lat' dir='ltr'>pecuniam</span> <span class='ocrx_word' id='word_1_43' title='bbox 1997 497 2043 537; x_wconf 89' lang='lat' dir='ltr'>et</span> 
     </span>
     <span class='ocr_line' id='line_1_6' title="bbox 276 563 2043 620; baseline -0.004 -7"><span class='ocrx_word' id='word_1_44' title='bbox 276 571 557 613; x_wconf 78' lang='lat' dir='ltr'>committere</span> <span class='ocrx_word' id='word_1_45' title='bbox 592 568 849 620; x_wconf 82' lang='lat' dir='ltr'>simoniam,</span> <span class='ocrx_word' id='word_1_46' title='bbox 886 568 985 620; x_wconf 92' lang='lat' dir='ltr'>ipse</span> <span class='ocrx_word' id='word_1_47' title='bbox 1021 566 1241 618; x_wconf 82' lang='lat' dir='ltr'>diffiniet,</span> <span class='ocrx_word' id='word_1_48' title='bbox 1275 566 1400 618; x_wconf 90' lang='lat' dir='ltr'>quod</span> <span class='ocrx_word' id='word_1_49' title='bbox 1433 565 1511 618; x_wconf 89' lang='lat' dir='ltr'>sic,</span> <span class='ocrx_word' id='word_1_50' title='bbox 1544 565 1691 607; x_wconf 88' lang='lat' dir='ltr'>eciam</span> <span class='ocrx_word' id='word_1_51' title='bbox 1723 567 1820 608; x_wconf 91' lang='lat' dir='ltr'>toto</span> <span class='ocrx_word' id='word_1_52' title='bbox 1849 563 2043 607; x_wconf 91' lang='lat' dir='ltr'>concilio</span> 
     </span>
     <span class='ocr_line' id='line_1_7' title="bbox 276 635 2043 694; baseline -0.003 -12"><span class='ocrx_word' id='word_1_53' title='bbox 276 644 578 694; x_wconf 80' lang='lat' dir='ltr'>repugnante,</span> <span class='ocrx_word' id='word_1_54' title='bbox 607 640 807 681; x_wconf 85' lang='lat' dir='ltr'>maxime</span> <span class='ocrx_word' id='word_1_55' title='bbox 836 639 943 691; x_wconf 90' lang='lat' dir='ltr'>quia</span> <span class='ocrx_word' id='word_1_56' title='bbox 971 638 1111 679; x_wconf 86' lang='lat' dir='ltr'>habet</span> <span class='ocrx_word' id='word_1_57' title='bbox 1139 649 1277 689; x_wconf 44' lang='lat' dir='ltr'>quiam</span> <span class='ocrx_word' id='word_1_58' title='bbox 1306 636 1467 689; x_wconf 89' lang='lat' dir='ltr'>plures</span> <span class='ocrx_word' id='word_1_59' title='bbox 1495 648 1555 677; x_wconf 85' lang='lat' dir='ltr'>ex</span> <span class='ocrx_word' id='word_1_60' title='bbox 1583 636 1850 679; x_wconf 89' lang='lat' dir='ltr'>doctoribus</span> <span class='ocrx_word' id='word_1_61' title='bbox 1879 635 1968 678; x_wconf 91' lang='lat' dir='ltr'>sibi</span> <span class='ocrx_word' id='word_1_62' title='bbox 1995 635 2043 677; x_wconf 88' lang='lat' dir='ltr'>in</span> 
     </span>
     <span class='ocr_line' id='line_1_8' title="bbox 276 706 2043 764; baseline -0.003 -11"><span class='ocrx_word' id='word_1_63' title='bbox 276 713 359 754; x_wconf 86' lang='lat' dir='ltr'>hoc</span> <span class='ocrx_word' id='word_1_64' title='bbox 381 710 720 764; x_wconf 84' lang='lat' dir='ltr'>applaudentes</span> <span class='ocrx_word' id='word_1_65' title='bbox 742 713 900 751; x_wconf 88' lang='lat' dir='ltr'>contra</span> <span class='ocrx_word' id='word_1_66' title='bbox 924 708 1086 750; x_wconf 80' lang='lat' dir='ltr'>Deum.</span> <span class='ocrx_word' id='word_1_67' title='bbox 1122 708 1177 750; x_wconf 87' lang='lat' dir='ltr'>Et</span> <span class='ocrx_word' id='word_1_68' title='bbox 1198 707 1314 748; x_wconf 94' lang='lat' dir='ltr'>illud</span> <span class='ocrx_word' id='word_1_69' title='bbox 1335 706 1525 749; x_wconf 83' lang='lat' dir='ltr'>habebit</span> <span class='ocrx_word' id='word_1_70' title='bbox 1548 706 1639 748; x_wconf 90' lang='lat' dir='ltr'>vim</span> <span class='ocrx_word' id='word_1_71' title='bbox 1661 706 1778 760; x_wconf 90' lang='lat' dir='ltr'>legis</span> <span class='ocrx_word' id='word_1_72' title='bbox 1799 718 1887 760; x_wconf 91' lang='lat' dir='ltr'>per</span> <span class='ocrx_word' id='word_1_73' title='bbox 1909 707 2043 749; x_wconf 85' lang='lat' dir='ltr'>istam</span> 
     </span>
     <span class='ocr_line' id='line_1_9' title="bbox 275 776 2044 834; baseline -0.002 -11"><span class='ocrx_word' id='word_1_74' title='bbox 275 784 484 834; x_wconf 88' lang='lat' dir='ltr'>quartam</span> <span class='ocrx_word' id='word_1_75' title='bbox 515 780 841 822; x_wconf 88' lang='lat' dir='ltr'>assercionem.</span> <span class='ocrx_word' id='word_1_76' title='bbox 885 780 940 821; x_wconf 89' lang='lat' dir='ltr'>Et</span> <span class='ocrx_word' id='word_1_77' title='bbox 971 779 1034 821; x_wconf 93' lang='lat' dir='ltr'>sic</span> <span class='ocrx_word' id='word_1_78' title='bbox 1064 791 1158 820; x_wconf 92' lang='lat' dir='ltr'>non</span> <span class='ocrx_word' id='word_1_79' title='bbox 1190 778 1339 820; x_wconf 90' lang='lat' dir='ltr'>solum</span> <span class='ocrx_word' id='word_1_80' title='bbox 1368 778 1540 830; x_wconf 83' lang='lat' dir='ltr'>poterit</span> <span class='ocrx_word' id='word_1_81' title='bbox 1569 777 1727 831; x_wconf 89' lang='lat' dir='ltr'>puniri</span> <span class='ocrx_word' id='word_1_82' title='bbox 1759 777 1816 819; x_wconf 88' lang='lat' dir='ltr'>de</span> <span class='ocrx_word' id='word_1_83' title='bbox 1849 776 2044 819; x_wconf 90' lang='lat' dir='ltr'>simonia</span> 
     </span>
     <span class='ocr_line' id='line_1_10' title="bbox 275 848 2043 905; baseline -0.002 -11"><span class='ocrx_word' id='word_1_84' title='bbox 275 863 360 905; x_wconf 83' lang='lat' dir='ltr'>per</span> <span class='ocrx_word' id='word_1_85' title='bbox 399 865 503 893; x_wconf 89' lang='lat' dir='ltr'>eum</span> <span class='ocrx_word' id='word_1_86' title='bbox 544 851 800 903; x_wconf 88' lang='lat' dir='ltr'>commissa,</span> <span class='ocrx_word' id='word_1_87' title='bbox 841 862 1003 892; x_wconf 82' lang='lat' dir='ltr'>verum</span> <span class='ocrx_word' id='word_1_88' title='bbox 1041 849 1189 891; x_wconf 89' lang='lat' dir='ltr'>eciam</span> <span class='ocrx_word' id='word_1_89' title='bbox 1232 849 1380 901; x_wconf 84' lang='lat' dir='ltr'>ipsam</span> <span class='ocrx_word' id='word_1_90' title='bbox 1421 848 1666 890; x_wconf 86' lang='lat' dir='ltr'>simoniam</span> <span class='ocrx_word' id='word_1_91' title='bbox 1705 848 1877 901; x_wconf 87' lang='lat' dir='ltr'>poterit</span> <span class='ocrx_word' id='word_1_92' title='bbox 1914 848 2043 891; x_wconf 85' lang='lat' dir='ltr'>solus</span> 
     </span>
     <span class='ocr_line' id='line_1_11' title="bbox 274 918 2044 972; baseline -0.002 -8"><span class='ocrx_word' id='word_1_93' title='bbox 274 922 560 964; x_wconf 88' lang='lat' dir='ltr'>canonicare.</span> <span class='ocrx_word' id='word_1_94' title='bbox 603 920 823 964; x_wconf 87' lang='lat' dir='ltr'>Similiter</span> <span class='ocrx_word' id='word_1_95' title='bbox 854 921 891 963; x_wconf 92' lang='lat' dir='ltr'>si</span> <span class='ocrx_word' id='word_1_96' title='bbox 924 921 980 962; x_wconf 90' lang='lat' dir='ltr'>de</span> <span class='ocrx_word' id='word_1_97' title='bbox 1013 919 1169 972; x_wconf 87' lang='lat' dir='ltr'>aliquo</span> <span class='ocrx_word' id='word_1_98' title='bbox 1196 919 1394 962; x_wconf 46' lang='lat' dir='ltr'>¹articulo</span> <span class='ocrx_word' id='word_1_99' title='bbox 1425 919 1689 972; x_wconf 87' lang='lat' dir='ltr'>pertinente</span> <span class='ocrx_word' id='word_1_100' title='bbox 1721 918 1780 961; x_wconf 90' lang='lat' dir='ltr'>ad</span> <span class='ocrx_word' id='word_1_101' title='bbox 1809 918 1955 960; x_wconf 88' lang='lat' dir='ltr'>fidem</span> <span class='ocrx_word' id='word_1_102' title='bbox 1986 919 2044 962; x_wconf 89' lang='lat' dir='ltr'>sit</span> 
     </span>
     <span class='ocr_line' id='line_1_12' title="bbox 277 990 2044 1046; baseline -0.002 -11"><span class='ocrx_word' id='word_1_103' title='bbox 277 993 532 1046; x_wconf 88' lang='lat' dir='ltr'>disputacio</span> <span class='ocrx_word' id='word_1_104' title='bbox 570 995 616 1033; x_wconf 90' lang='lat' dir='ltr'>et</span> <span class='ocrx_word' id='word_1_105' title='bbox 658 992 799 1033; x_wconf 85' lang='lat' dir='ltr'>ceteri</span> <span class='ocrx_word' id='word_1_106' title='bbox 844 992 980 1033; x_wconf 88' lang='lat' dir='ltr'>istum</span> <span class='ocrx_word' id='word_1_107' title='bbox 1022 991 1266 1032; x_wconf 85' lang='lat' dir='ltr'>articulum</span> <span class='ocrx_word' id='word_1_108' title='bbox 1309 990 1577 1043; x_wconf 80' lang='lat' dir='ltr'>reprobent,</span> <span class='ocrx_word' id='word_1_109' title='bbox 1620 991 1721 1043; x_wconf 88' lang='lat' dir='ltr'>ipse</span> <span class='ocrx_word' id='word_1_110' title='bbox 1762 1002 1877 1032; x_wconf 85' lang='lat' dir='ltr'>vero</span> <span class='ocrx_word' id='word_1_111' title='bbox 1917 990 2044 1032; x_wconf 91' lang='lat' dir='ltr'>solus</span> 
     </span>
     <span class='ocr_line' id='line_1_13' title="bbox 275 1059 2044 1116; baseline -0.002 -11"><span class='ocrx_word' id='word_1_112' title='bbox 275 1064 501 1116; x_wconf 85' lang='lat' dir='ltr'>approbet</span> <span class='ocrx_word' id='word_1_113' title='bbox 522 1063 681 1115; x_wconf 91' lang='lat' dir='ltr'>sicque</span> <span class='ocrx_word' id='word_1_114' title='bbox 708 1075 765 1103; x_wconf 88' lang='lat' dir='ltr'>ex</span> <span class='ocrx_word' id='word_1_115' title='bbox 791 1075 873 1104; x_wconf 89' lang='lat' dir='ltr'>sua</span> <span class='ocrx_word' id='word_1_116' title='bbox 898 1062 1169 1103; x_wconf 86' lang='lat' dir='ltr'>auctoritate</span> <span class='ocrx_word' id='word_1_117' title='bbox 1190 1060 1414 1113; x_wconf 79' lang='lat' dir='ltr'>diffiniat,</span> <span class='ocrx_word' id='word_1_118' title='bbox 1438 1064 1546 1103; x_wconf 82' lang='lat' dir='ltr'>tunc</span> <span class='ocrx_word' id='word_1_119' title='bbox 1571 1060 1794 1114; x_wconf 82' lang='lat' dir='ltr'>obligabit</span> <span class='ocrx_word' id='word_1_120' title='bbox 1817 1059 2044 1102; x_wconf 80' lang='lat' dir='ltr'>universi-</span> 
     </span>
     <span class='ocr_line' id='line_1_14' title="bbox 274 1131 2043 1185; baseline -0.002 -9"><span class='ocrx_word' id='word_1_121' title='bbox 274 1137 411 1176; x_wconf 90' lang='lat' dir='ltr'>tatem</span> <span class='ocrx_word' id='word_1_122' title='bbox 440 1132 652 1175; x_wconf 81' lang='lat' dir='ltr'>fidelium</span> <span class='ocrx_word' id='word_1_123' title='bbox 678 1137 726 1175; x_wconf 92' lang='lat' dir='ltr'>et</span> <span class='ocrx_word' id='word_1_124' title='bbox 754 1133 961 1185; x_wconf 91' lang='lat' dir='ltr'>singulos</span> <span class='ocrx_word' id='word_1_125' title='bbox 991 1132 1047 1173; x_wconf 91' lang='lat' dir='ltr'>de</span> <span class='ocrx_word' id='word_1_126' title='bbox 1076 1132 1382 1173; x_wconf 70' lang='lat' dir='ltr'>universitate</span> <span class='ocrx_word' id='word_1_127' title='bbox 1408 1131 1469 1174; x_wconf 89' lang='lat' dir='ltr'>ad</span> <span class='ocrx_word' id='word_1_128' title='bbox 1493 1132 1563 1173; x_wconf 85' lang='lat' dir='ltr'>sic</span> <span class='ocrx_word' id='word_1_129' title='bbox 1592 1131 1891 1185; x_wconf 87' lang='lat' dir='ltr'>credendum,</span> <span class='ocrx_word' id='word_1_130' title='bbox 1921 1131 2043 1185; x_wconf 90' lang='lat' dir='ltr'>quod</span> 
     </span>
     <span class='ocr_line' id='line_1_15' title="bbox 275 1194 2043 1256; baseline -0.001 -10"><span class='ocrx_word' id='word_1_131' title='bbox 275 1204 456 1246; x_wconf 80' lang='lat' dir='ltr'>videtur</span> <span class='ocrx_word' id='word_1_132' title='bbox 492 1204 628 1246; x_wconf 84' lang='lat' dir='ltr'>valde</span> <span class='ocrx_word' id='word_1_133' title='bbox 667 1204 934 1255; x_wconf 88' lang='lat' dir='ltr'>absurdum,</span> <span class='ocrx_word' id='word_1_134' title='bbox 973 1203 1095 1255; x_wconf 90' lang='lat' dir='ltr'>quod</span> <span class='ocrx_word' id='word_1_135' title='bbox 1133 1202 1179 1243; x_wconf 94' lang='lat' dir='ltr'>in</span> <span class='ocrx_word' id='word_1_136' title='bbox 1216 1202 1313 1244; x_wconf 87' lang='lat' dir='ltr'>fide</span> <span class='ocrx_word' id='word_1_137' title='bbox 1350 1202 1615 1256; x_wconf 85' lang='lat' dir='ltr'>christiana,</span> <span class='ocrx_word' id='word_1_138' title='bbox 1653 1215 1742 1255; x_wconf 91' lang='lat' dir='ltr'>que</span> <span class='ocrx_word' id='word_1_139' title='bbox 1780 1194 1827 1244; x_wconf 90' lang='lat' dir='ltr'>in</span> <span class='ocrx_word' id='word_1_140' title='bbox 1862 1214 2043 1245; x_wconf 86' lang='lat' dir='ltr'>summa</span> 
     </span>
     <span class='ocr_line' id='line_1_16' title="bbox 275 1273 2043 1327; baseline -0.001 -11"><span class='ocrx_word' id='word_1_141' title='bbox 275 1276 476 1327; x_wconf 87' lang='lat' dir='ltr'>equitate</span> <span class='ocrx_word' id='word_1_142' title='bbox 498 1278 542 1316; x_wconf 91' lang='lat' dir='ltr'>et</span> <span class='ocrx_word' id='word_1_143' title='bbox 562 1274 732 1327; x_wconf 81' lang='lat' dir='ltr'>optima</span> <span class='ocrx_word' id='word_1_144' title='bbox 755 1275 941 1316; x_wconf 83' lang='lat' dir='ltr'>racione</span> <span class='ocrx_word' id='word_1_145' title='bbox 964 1273 1158 1316; x_wconf 88' lang='lat' dir='ltr'>fundata</span> <span class='ocrx_word' id='word_1_146' title='bbox 1178 1276 1263 1326; x_wconf 88' lang='lat' dir='ltr'>est,</span> <span class='ocrx_word' id='word_1_147' title='bbox 1286 1274 1344 1315; x_wconf 89' lang='lat' dir='ltr'>sit</span> <span class='ocrx_word' id='word_1_148' title='bbox 1365 1273 1549 1326; x_wconf 84' lang='lat' dir='ltr'>aliquis,</span> <span class='ocrx_word' id='word_1_149' title='bbox 1571 1274 1649 1326; x_wconf 90' lang='lat' dir='ltr'>qui</span> <span class='ocrx_word' id='word_1_150' title='bbox 1664 1274 1817 1326; x_wconf 75' lang='lat' dir='ltr'>possit</span> <span class='ocrx_word' id='word_1_151' title='bbox 1834 1285 2043 1327; x_wconf 85' lang='lat' dir='ltr'>peccare,</span> 
     </span>
     <span class='ocr_line' id='line_1_17' title="bbox 274 1344 2046 1398; baseline 0 -12"><span class='ocrx_word' id='word_1_152' title='bbox 274 1358 424 1398; x_wconf 77' lang='lat' dir='ltr'>ymmo</span> <span class='ocrx_word' id='word_1_153' title='bbox 452 1357 645 1398; x_wconf 86' lang='lat' dir='ltr'>peccare</span> <span class='ocrx_word' id='word_1_154' title='bbox 675 1345 863 1397; x_wconf 86' lang='lat' dir='ltr'>gravius</span> <span class='ocrx_word' id='word_1_155' title='bbox 893 1348 938 1387; x_wconf 89' lang='lat' dir='ltr'>et</span> <span class='ocrx_word' id='word_1_156' title='bbox 966 1344 1275 1398; x_wconf 83' lang='lat' dir='ltr'>periculosius</span> <span class='ocrx_word' id='word_1_157' title='bbox 1305 1357 1441 1397; x_wconf 88' lang='lat' dir='ltr'>quam</span> <span class='ocrx_word' id='word_1_158' title='bbox 1472 1344 1628 1397; x_wconf 86' lang='lat' dir='ltr'>ceteri,</span> <span class='ocrx_word' id='word_1_159' title='bbox 1658 1357 1743 1398; x_wconf 93' lang='lat' dir='ltr'>pro</span> <span class='ocrx_word' id='word_1_160' title='bbox 1774 1347 1947 1397; x_wconf 80' lang='lat' dir='ltr'>quanto</span> <span class='ocrx_word' id='word_1_161' title='bbox 1975 1347 2046 1386; x_wconf 88' lang='lat' dir='ltr'>est-</span> 
     </span>
     <span class='ocr_line' id='line_1_18' title="bbox 275 1414 2045 1468; baseline 0 -11"><span class='ocrx_word' id='word_1_162' title='bbox 275 1416 460 1458; x_wconf 89' lang='lat' dir='ltr'>maioris</span> <span class='ocrx_word' id='word_1_163' title='bbox 492 1415 927 1468; x_wconf 78' lang='lat' dir='ltr'>administracionis,</span> <span class='ocrx_word' id='word_1_164' title='bbox 958 1419 1113 1457; x_wconf 78' lang='lat' dir='ltr'>tamen</span> <span class='ocrx_word' id='word_1_165' title='bbox 1144 1428 1230 1458; x_wconf 88' lang='lat' dir='ltr'>nec</span> <span class='ocrx_word' id='word_1_166' title='bbox 1261 1416 1318 1457; x_wconf 91' lang='lat' dir='ltr'>ab</span> <span class='ocrx_word' id='word_1_167' title='bbox 1348 1416 1654 1457; x_wconf 71' lang='lat' dir='ltr'>universitate</span> <span class='ocrx_word' id='word_1_168' title='bbox 1684 1427 1770 1457; x_wconf 88' lang='lat' dir='ltr'>nec</span> <span class='ocrx_word' id='word_1_169' title='bbox 1800 1415 1857 1457; x_wconf 89' lang='lat' dir='ltr'>ab</span> <span class='ocrx_word' id='word_1_170' title='bbox 1889 1414 2045 1468; x_wconf 90' lang='lat' dir='ltr'>aliquo</span> 
     </span>
     <span class='ocr_line' id='line_1_19' title="bbox 275 1486 2044 1539; baseline 0.001 -12"><span class='ocrx_word' id='word_1_171' title='bbox 275 1486 331 1527; x_wconf 93' lang='lat' dir='ltr'>de</span> <span class='ocrx_word' id='word_1_172' title='bbox 360 1487 663 1529; x_wconf 87' lang='lat' dir='ltr'>universitate</span> <span class='ocrx_word' id='word_1_173' title='bbox 690 1486 839 1539; x_wconf 85' lang='lat' dir='ltr'>possit</span> <span class='ocrx_word' id='word_1_174' title='bbox 866 1486 1036 1539; x_wconf 86' lang='lat' dir='ltr'>puniri.</span> <span class='ocrx_word' id='word_1_175' title='bbox 1078 1487 1133 1529; x_wconf 87' lang='lat' dir='ltr'>Et</span> <span class='ocrx_word' id='word_1_176' title='bbox 1159 1486 1246 1528; x_wconf 89' lang='lat' dir='ltr'>iste</span> <span class='ocrx_word' id='word_1_177' title='bbox 1274 1486 1394 1539; x_wconf 90' lang='lat' dir='ltr'>talis,</span> <span class='ocrx_word' id='word_1_178' title='bbox 1425 1487 1502 1539; x_wconf 90' lang='lat' dir='ltr'>qui</span> <span class='ocrx_word' id='word_1_179' title='bbox 1530 1489 1684 1539; x_wconf 85' lang='lat' dir='ltr'>potest</span> <span class='ocrx_word' id='word_1_180' title='bbox 1711 1489 1803 1528; x_wconf 86' lang='lat' dir='ltr'>tam</span> <span class='ocrx_word' id='word_1_181' title='bbox 1830 1486 1879 1528; x_wconf 81' lang='lat' dir='ltr'>in</span> <span class='ocrx_word' id='word_1_182' title='bbox 1909 1486 2044 1528; x_wconf 90' lang='lat' dir='ltr'>mori-</span> 
     </span>
     <span class='ocr_line' id='line_1_20' title="bbox 276 1556 2044 1611; baseline 0.001 -13"><span class='ocrx_word' id='word_1_183' title='bbox 276 1557 359 1599; x_wconf 91' lang='lat' dir='ltr'>bus</span> <span class='ocrx_word' id='word_1_184' title='bbox 389 1570 525 1610; x_wconf 89' lang='lat' dir='ltr'>quam</span> <span class='ocrx_word' id='word_1_185' title='bbox 557 1558 602 1599; x_wconf 90' lang='lat' dir='ltr'>in</span> <span class='ocrx_word' id='word_1_186' title='bbox 633 1557 730 1599; x_wconf 91' lang='lat' dir='ltr'>fide</span> <span class='ocrx_word' id='word_1_187' title='bbox 760 1569 938 1611; x_wconf 89' lang='lat' dir='ltr'>errare,</span> <span class='ocrx_word' id='word_1_188' title='bbox 969 1570 1062 1599; x_wconf 92' lang='lat' dir='ltr'>non</span> <span class='ocrx_word' id='word_1_189' title='bbox 1090 1558 1242 1599; x_wconf 88' lang='lat' dir='ltr'>solum</span> <span class='ocrx_word' id='word_1_190' title='bbox 1272 1557 1413 1599; x_wconf 78' lang='lat' dir='ltr'>habet</span> <span class='ocrx_word' id='word_1_191' title='bbox 1444 1557 1764 1610; x_wconf 81' lang='lat' dir='ltr'>impunitatem</span> <span class='ocrx_word' id='word_1_192' title='bbox 1795 1556 1970 1600; x_wconf 88' lang='lat' dir='ltr'>erroris</span> <span class='ocrx_word' id='word_1_193' title='bbox 2000 1559 2044 1600; x_wconf 85' lang='lat' dir='ltr'>et</span> 
     </span>
     <span class='ocr_line' id='line_1_21' title="bbox 274 1627 2085 1682; baseline 0.001 -13"><span class='ocrx_word' id='word_1_194' title='bbox 274 1629 447 1681; x_wconf 89' lang='lat' dir='ltr'>peccati</span> <span class='ocrx_word' id='word_1_195' title='bbox 480 1628 564 1682; x_wconf 91' lang='lat' dir='ltr'>sui,</span> <span class='ocrx_word' id='word_1_196' title='bbox 595 1641 756 1670; x_wconf 89' lang='lat' dir='ltr'>verum</span> <span class='ocrx_word' id='word_1_197' title='bbox 787 1629 932 1670; x_wconf 88' lang='lat' dir='ltr'>eciam</span> <span class='ocrx_word' id='word_1_198' title='bbox 963 1631 1117 1681; x_wconf 87' lang='lat' dir='ltr'>potest</span> <span class='ocrx_word' id='word_1_199' title='bbox 1147 1628 1355 1682; x_wconf 90' lang='lat' dir='ltr'>obligare</span> <span class='ocrx_word' id='word_1_200' title='bbox 1388 1628 1506 1671; x_wconf 91' lang='lat' dir='ltr'>alios</span> <span class='ocrx_word' id='word_1_201' title='bbox 1537 1628 1596 1670; x_wconf 89' lang='lat' dir='ltr'>ad</span> <span class='ocrx_word' id='word_1_202' title='bbox 1626 1628 1880 1670; x_wconf 87' lang='lat' dir='ltr'>errandum</span> <span class='ocrx_word' id='word_1_203' title='bbox 1911 1631 1958 1671; x_wconf 89' lang='lat' dir='ltr'>et</span> <span class='ocrx_word' id='word_1_204' title='bbox 1986 1627 2044 1670; x_wconf 84' lang='lat' dir='ltr'>ad</span> <span class='ocrx_word' id='word_1_205' title='bbox 2082 1662 2085 1663; x_wconf 12' lang='grc' dir='ltr'><em>γ</em></span> 
     </span>
     <span class='ocr_line' id='line_1_22' title="bbox 274 1698 2043 1752; baseline 0.001 -12"><span class='ocrx_word' id='word_1_206' title='bbox 274 1698 570 1752; x_wconf 87' lang='lat' dir='ltr'>peccandum.</span> <span class='ocrx_word' id='word_1_207' title='bbox 611 1699 701 1741; x_wconf 88' lang='lat' dir='ltr'>Nec</span> <span class='ocrx_word' id='word_1_208' title='bbox 729 1704 800 1742; x_wconf 91' lang='lat' dir='ltr'>est</span> <span class='ocrx_word' id='word_1_209' title='bbox 828 1699 978 1742; x_wconf 87' lang='lat' dir='ltr'>simile</span> <span class='ocrx_word' id='word_1_210' title='bbox 1009 1699 1065 1741; x_wconf 88' lang='lat' dir='ltr'>de</span> <span class='ocrx_word' id='word_1_211' title='bbox 1094 1699 1292 1742; x_wconf 90' lang='lat' dir='ltr'>ecclesia</span> <span class='ocrx_word' id='word_1_212' title='bbox 1319 1700 1394 1741; x_wconf 88' lang='lat' dir='ltr'>vel</span> <span class='ocrx_word' id='word_1_213' title='bbox 1423 1699 1480 1741; x_wconf 92' lang='lat' dir='ltr'>de</span> <span class='ocrx_word' id='word_1_214' title='bbox 1509 1699 1717 1752; x_wconf 88' lang='lat' dir='ltr'>concilio,</span> <span class='ocrx_word' id='word_1_215' title='bbox 1746 1699 1870 1752; x_wconf 92' lang='lat' dir='ltr'>quod</span> <span class='ocrx_word' id='word_1_216' title='bbox 1898 1699 2043 1741; x_wconf 86' lang='lat' dir='ltr'>eciam</span> 
     </span>
     <span class='ocr_line' id='line_1_23' title="bbox 274 1770 2044 1824; baseline 0.001 -14"><span class='ocrx_word' id='word_1_217' title='bbox 274 1773 424 1822; x_wconf 83' lang='lat' dir='ltr'>potest</span> <span class='ocrx_word' id='word_1_218' title='bbox 448 1782 640 1822; x_wconf 87' lang='lat' dir='ltr'>peccare</span> <span class='ocrx_word' id='word_1_219' title='bbox 666 1773 710 1812; x_wconf 90' lang='lat' dir='ltr'>et</span> <span class='ocrx_word' id='word_1_220' title='bbox 734 1783 827 1812; x_wconf 91' lang='lat' dir='ltr'>non</span> <span class='ocrx_word' id='word_1_221' title='bbox 850 1774 1003 1823; x_wconf 81' lang='lat' dir='ltr'>potest</span> <span class='ocrx_word' id='word_1_222' title='bbox 1027 1770 1209 1823; x_wconf 84' lang='lat' dir='ltr'>corrigi,</span> <span class='ocrx_word' id='word_1_223' title='bbox 1233 1770 1356 1823; x_wconf 76' lang='lat' dir='ltr'>quia,</span> <span class='ocrx_word' id='word_1_224' title='bbox 1382 1771 1491 1813; x_wconf 85' lang='lat' dir='ltr'>licet</span> <span class='ocrx_word' id='word_1_225' title='bbox 1514 1783 1608 1812; x_wconf 93' lang='lat' dir='ltr'>non</span> <span class='ocrx_word' id='word_1_226' title='bbox 1630 1771 1780 1824; x_wconf 86' lang='lat' dir='ltr'>possit</span> <span class='ocrx_word' id='word_1_227' title='bbox 1803 1770 1971 1824; x_wconf 84' lang='lat' dir='ltr'>corrigi</span> <span class='ocrx_word' id='word_1_228' title='bbox 1995 1773 2044 1813; x_wconf 89' lang='lat' dir='ltr'>ut</span> 
     </span>
     <span class='ocr_line' id='line_1_24' title="bbox 274 1833 2044 1895; baseline 0.001 -14"><span class='ocrx_word' id='word_1_229' title='bbox 274 1840 615 1893; x_wconf 88' lang='lat' dir='ltr'>universalitas,</span> <span class='ocrx_word' id='word_1_230' title='bbox 640 1844 794 1894; x_wconf 90' lang='lat' dir='ltr'>potest</span> <span class='ocrx_word' id='word_1_231' title='bbox 822 1844 977 1883; x_wconf 86' lang='lat' dir='ltr'>tamen</span> <span class='ocrx_word' id='word_1_232' title='bbox 1006 1841 1172 1895; x_wconf 89' lang='lat' dir='ltr'>corrigi</span> <span class='ocrx_word' id='word_1_233' title='bbox 1202 1842 1249 1883; x_wconf 91' lang='lat' dir='ltr'>in</span> <span class='ocrx_word' id='word_1_234' title='bbox 1275 1841 1474 1895; x_wconf 87' lang='lat' dir='ltr'>singulis</span> <span class='ocrx_word' id='word_1_235' title='bbox 1503 1841 1598 1884; x_wconf 83' lang='lat' dir='ltr'>sui-s</span> <span class='ocrx_word' id='word_1_236' title='bbox 1627 1841 1893 1895; x_wconf 88' lang='lat' dir='ltr'>suppositis,</span> <span class='ocrx_word' id='word_1_237' title='bbox 1922 1833 2044 1895; x_wconf 74' lang='lat' dir='ltr'>qued</span> 
     </span>
     <span class='ocr_line' id='line_1_25' title="bbox 276 1910 2042 1966; baseline 0.002 -15"><span class='ocrx_word' id='word_1_238' title='bbox 276 1910 464 1953; x_wconf 89' lang='lat' dir='ltr'>sufficit.</span> <span class='ocrx_word' id='word_1_239' title='bbox 504 1912 557 1953; x_wconf 87' lang='lat' dir='ltr'>Et</span> <span class='ocrx_word' id='word_1_240' title='bbox 583 1912 792 1964; x_wconf 83' lang='lat' dir='ltr'>profecto</span> <span class='ocrx_word' id='word_1_241' title='bbox 821 1913 921 1965; x_wconf 88' lang='lat' dir='ltr'>ista,</span> <span class='ocrx_word' id='word_1_242' title='bbox 950 1913 995 1954; x_wconf 91' lang='lat' dir='ltr'>in</span> <span class='ocrx_word' id='word_1_243' title='bbox 1023 1925 1113 1965; x_wconf 61' lang='lat' dir='ltr'>quva</span> <span class='ocrx_word' id='word_1_244' title='bbox 1140 1912 1282 1966; x_wconf 74' lang='lat' dir='ltr'>exigit</span> <span class='ocrx_word' id='word_1_245' title='bbox 1308 1913 1496 1954; x_wconf 88' lang='lat' dir='ltr'>omnino</span> <span class='ocrx_word' id='word_1_246' title='bbox 1520 1912 1741 1954; x_wconf 87' lang='lat' dir='ltr'>iudicium</span> <span class='ocrx_word' id='word_1_247' title='bbox 1766 1912 1966 1955; x_wconf 82' lang='lat' dir='ltr'>ecclesie</span> <span class='ocrx_word' id='word_1_248' title='bbox 1994 1925 2042 1955; x_wconf 84' lang='lat' dir='ltr'>ac</span> 
     </span>
     <span class='ocr_line' id='line_1_26' title="bbox 274 1982 2042 2037; baseline 0.002 -15"><span class='ocrx_word' id='word_1_249' title='bbox 274 1986 443 2024; x_wconf 90' lang='lat' dir='ltr'>certam</span> <span class='ocrx_word' id='word_1_250' title='bbox 485 1982 852 2024; x_wconf 87' lang='lat' dir='ltr'>declaracionem</span> <span class='ocrx_word' id='word_1_251' title='bbox 895 1987 940 2025; x_wconf 90' lang='lat' dir='ltr'>et</span> <span class='ocrx_word' id='word_1_252' title='bbox 979 1984 1172 2037; x_wconf 90' lang='lat' dir='ltr'>insuper</span> <span class='ocrx_word' id='word_1_253' title='bbox 1212 1983 1559 2037; x_wconf 84' lang='lat' dir='ltr'>apposicionem</span> <span class='ocrx_word' id='word_1_254' title='bbox 1599 1984 1761 2025; x_wconf 90' lang='lat' dir='ltr'>talium</span> <span class='ocrx_word' id='word_1_255' title='bbox 1798 1995 2042 2036; x_wconf 79' lang='lat' dir='ltr'>penarum,</span> 
     </span>
     <span class='ocr_line' id='line_1_27' title="bbox 274 2052 2042 2108; baseline 0.002 -16"><span class='ocrx_word' id='word_1_256' title='bbox 274 2052 395 2103; x_wconf 90' lang='lat' dir='ltr'>quod</span> <span class='ocrx_word' id='word_1_257' title='bbox 427 2053 583 2094; x_wconf 90' lang='lat' dir='ltr'>nullus</span> <span class='ocrx_word' id='word_1_258' title='bbox 617 2053 784 2096; x_wconf 88' lang='lat' dir='ltr'>audeat</span> <span class='ocrx_word' id='word_1_259' title='bbox 816 2054 873 2096; x_wconf 91' lang='lat' dir='ltr'>de</span> <span class='ocrx_word' id='word_1_260' title='bbox 905 2057 1060 2096; x_wconf 85' lang='lat' dir='ltr'>cetero</span> <span class='ocrx_word' id='word_1_261' title='bbox 1092 2054 1374 2096; x_wconf 84' lang='lat' dir='ltr'>contrarium</span> <span class='ocrx_word' id='word_1_262' title='bbox 1407 2054 1717 2108; x_wconf 88' lang='lat' dir='ltr'>dogmatizare</span> <span class='ocrx_word' id='word_1_263' title='bbox 1751 2057 1796 2097; x_wconf 90' lang='lat' dir='ltr'>et</span> <span class='ocrx_word' id='word_1_264' title='bbox 1825 2054 1912 2097; x_wconf 79' lang='lat' dir='ltr'>ista</span> <span class='ocrx_word' id='word_1_265' title='bbox 1942 2066 2042 2096; x_wconf 91' lang='lat' dir='ltr'>cum</span> 
     </span>
    </p>
   </div>
   <div class='ocr_carea' id='block_1_3' title="bbox 275 2123 1027 2175">
    <p class='ocr_par' dir='ltr' id='par_1_3' title="bbox 275 2123 1027 2175">
     <span class='ocr_line' id='line_1_28' title="bbox 275 2123 1027 2175; baseline 0.005 -13"><span class='ocrx_word' id='word_1_266' title='bbox 275 2123 628 2175; x_wconf 88' lang='lat' dir='ltr'>supportacione</span> <span class='ocrx_word' id='word_1_267' title='bbox 657 2127 701 2166; x_wconf 92' lang='lat' dir='ltr'>et</span> <span class='ocrx_word' id='word_1_268' title='bbox 729 2125 1027 2167; x_wconf 87' lang='lat' dir='ltr'>correctione.</span> 
     </span>
    </p>
   </div>
   <div class='ocr_carea' id='block_1_4' title="bbox 909 2207 1402 2278">
    <p class='ocr_par' dir='ltr' id='par_1_4' title="bbox 909 2207 1402 2278">
     <span class='ocr_line' id='line_1_29' title="bbox 909 2207 1402 2231; baseline 0.002 -1"><span class='ocrx_word' id='word_1_269' title='bbox 909 2207 931 2230; x_wconf 73' lang='lat' dir='ltr'>&gt;k</span> <span class='ocrx_word' id='word_1_270' title='bbox 1380 2207 1402 2231; x_wconf 76' lang='lat' dir='ltr'>&gt;k</span> 
     </span>
     <span class='ocr_line' id='line_1_30' title="bbox 1143 2254 1165 2278; baseline 0 0"><span class='ocrx_word' id='word_1_271' title='bbox 1143 2254 1165 2278; x_wconf 72' lang='lat' dir='ltr'>&gt;k</span> 
     </span>
    </p>
   </div>
   <div class='ocr_carea' id='block_1_5' title="bbox 420 2333 1896 2459">
    <p class='ocr_par' dir='ltr' id='par_1_5' title="bbox 420 2333 1896 2459">
     <span class='ocr_line' id='line_1_31' title="bbox 420 2333 1896 2389; baseline 0.001 -13"><span class='ocrx_word' id='word_1_272' title='bbox 420 2333 686 2386; x_wconf 83' lang='lat' dir='ltr'>Sequuntur</span> <span class='ocrx_word' id='word_1_273' title='bbox 723 2335 886 2378; x_wconf 83' lang='lat' dir='ltr'>eedem</span> <span class='ocrx_word' id='word_1_274' title='bbox 925 2336 1220 2379; x_wconf 81' lang='lat' dir='ltr'>asserciones</span> <span class='ocrx_word' id='word_1_275' title='bbox 1257 2349 1357 2378; x_wconf 87' lang='lat' dir='ltr'>cum</span> <span class='ocrx_word' id='word_1_276' title='bbox 1397 2336 1495 2379; x_wconf 90' lang='lat' dir='ltr'>suis</span> <span class='ocrx_word' id='word_1_277' title='bbox 1533 2335 1896 2389; x_wconf 81' lang='lat' dir='ltr'>probacionibus</span> 
     </span>
     <span class='ocr_line' id='line_1_32' title="bbox 836 2405 1472 2459; baseline 0.003 -11"><span class='ocrx_word' id='word_1_278' title='bbox 836 2408 881 2449; x_wconf 86' lang='lat' dir='ltr'>et</span> <span class='ocrx_word' id='word_1_279' title='bbox 916 2405 1155 2459; x_wconf 83' lang='lat' dir='ltr'>aliquibus</span> <span class='ocrx_word' id='word_1_280' title='bbox 1192 2406 1472 2450; x_wconf 84' lang='lat' dir='ltr'>correlariis.</span> 
     </span>
    </p>
   </div>
   <div class='ocr_carea' id='block_1_6' title="bbox 273 2486 2041 2967">
    <p class='ocr_par' dir='ltr' id='par_1_6' title="bbox 273 2486 2041 2967">
     <span class='ocr_line' id='line_1_33' title="bbox 391 2486 2041 2543; baseline 0.002 -17"><span class='ocrx_word' id='word_1_281' title='bbox 391 2486 428 2527; x_wconf 86' lang='lat'>1.</span> <span class='ocrx_word' id='word_1_282' title='bbox 474 2488 689 2529; x_wconf 89' lang='lat' dir='ltr'>assercio.</span> <span class='ocrx_word' id='word_1_283' title='bbox 736 2487 889 2530; x_wconf 90' lang='lat' dir='ltr'>Gladii</span> <span class='ocrx_word' id='word_1_284' title='bbox 924 2526 930 2532; x_wconf 90' lang='lat'><em>.</em></span> <span class='ocrx_word' id='word_1_285' title='bbox 968 2522 976 2530; x_wconf 95' lang='lat'><strong>.</strong></span> <span class='ocrx_word' id='word_1_286' title='bbox 1012 2523 1021 2531; x_wconf 84' lang='lat'><strong>.</strong></span> <span class='ocrx_word' id='word_1_287' title='bbox 1055 2489 1439 2543; x_wconf 78' lang='lat' dir='ltr'>execucionem.¹)</span> <span class='ocrx_word' id='word_1_288' title='bbox 1487 2489 1645 2532; x_wconf 90' lang='lat' dir='ltr'>Prima</span> <span class='ocrx_word' id='word_1_289' title='bbox 1675 2501 1786 2542; x_wconf 82' lang='lat' dir='ltr'>pars</span> <span class='ocrx_word' id='word_1_290' title='bbox 1818 2487 2041 2542; x_wconf 83' lang='lat' dir='ltr'>probatur</span> 
     </span>
     <span class='ocr_line' id='line_1_34' title="bbox 275 2557 2039 2613; baseline 0.002 -17"><span class='ocrx_word' id='word_1_291' title='bbox 275 2557 579 2608; x_wconf 85' lang='lat' dir='ltr'>supponendo</span> <span class='ocrx_word' id='word_1_292' title='bbox 631 2559 875 2600; x_wconf 86' lang='lat' dir='ltr'>ecclesiam</span> <span class='ocrx_word' id='word_1_293' title='bbox 928 2559 1193 2601; x_wconf 85' lang='lat' dir='ltr'>huiusmodi</span> <span class='ocrx_word' id='word_1_294' title='bbox 1248 2563 1525 2613; x_wconf 81' lang='lat' dir='ltr'>potestatem</span> <span class='ocrx_word' id='word_1_295' title='bbox 1577 2560 1769 2613; x_wconf 76' lang='lat' dir='ltr'>habere,</span> <span class='ocrx_word' id='word_1_296' title='bbox 1824 2558 2039 2613; x_wconf 85' lang='lat' dir='ltr'>quoniam</span> 
     </span>
     <span class='ocr_line' id='line_1_35' title="bbox 273 2627 2035 2685; baseline 0.003 -19"><span class='ocrx_word' id='word_1_297' title='bbox 273 2627 468 2669; x_wconf 83' lang='lat' dir='ltr'>ecclesia</span> <span class='ocrx_word' id='word_1_298' title='bbox 488 2632 557 2669; x_wconf 87' lang='lat' dir='ltr'>est</span> <span class='ocrx_word' id='word_1_299' title='bbox 581 2628 801 2671; x_wconf 87' lang='lat' dir='ltr'>duratura</span> <span class='ocrx_word' id='word_1_300' title='bbox 823 2643 970 2683; x_wconf 87' lang='lat' dir='ltr'>usque</span> <span class='ocrx_word' id='word_1_301' title='bbox 994 2631 1051 2672; x_wconf 83' lang='lat' dir='ltr'>ad</span> <span class='ocrx_word' id='word_1_302' title='bbox 1073 2631 1524 2673; x_wconf 89' lang='lat' dir='ltr'>consummacionem</span> <span class='ocrx_word' id='word_1_303' title='bbox 1542 2630 1691 2673; x_wconf 82' lang='lat' dir='ltr'>seculi</span> <span class='ocrx_word' id='word_1_304' title='bbox 1715 2630 1876 2685; x_wconf 80' lang='lat' dir='ltr'>(Math.</span> <span class='ocrx_word' id='word_1_305' title='bbox 1897 2628 2035 2683; x_wconf 83' lang='lat' dir='ltr'>ult.²))</span> 
     </span>
     <span class='ocr_line' id='line_1_36' title="bbox 274 2697 2038 2755; baseline 0.003 -18"><span class='ocrx_word' id='word_1_306' title='bbox 274 2701 316 2739; x_wconf 91' lang='lat' dir='ltr'>et</span> <span class='ocrx_word' id='word_1_307' title='bbox 352 2697 396 2738; x_wconf 92' lang='lat' dir='ltr'>in</span> <span class='ocrx_word' id='word_1_308' title='bbox 432 2698 527 2739; x_wconf 83' lang='lat' dir='ltr'>fide</span> <span class='ocrx_word' id='word_1_309' title='bbox 562 2712 653 2741; x_wconf 87' lang='lat' dir='ltr'>non</span> <span class='ocrx_word' id='word_1_310' title='bbox 689 2700 876 2742; x_wconf 88' lang='lat' dir='ltr'>deficiet</span> <span class='ocrx_word' id='word_1_311' title='bbox 913 2701 1041 2754; x_wconf 91' lang='lat' dir='ltr'>(Luc.</span> <span class='ocrx_word' id='word_1_312' title='bbox 1077 2701 1210 2755; x_wconf 64' lang='lat'>22²³».</span> <span class='ocrx_word' id='word_1_313' title='bbox 1258 2701 1470 2744; x_wconf 86' lang='lat' dir='ltr'>Secunda</span> <span class='ocrx_word' id='word_1_314' title='bbox 1504 2714 1615 2755; x_wconf 90' lang='lat' dir='ltr'>pars</span> <span class='ocrx_word' id='word_1_315' title='bbox 1646 2705 1788 2755; x_wconf 79' lang='lat' dir='ltr'>patet,</span> <span class='ocrx_word' id='word_1_316' title='bbox 1823 2700 2038 2754; x_wconf 90' lang='lat' dir='ltr'>quoniam</span> 
     </span>
     <span class='ocr_line' id='line_1_37' title="bbox 273 2768 2038 2825; baseline 0.003 -18"><span class='ocrx_word' id='word_1_317' title='bbox 273 2768 468 2810; x_wconf 81' lang='lat' dir='ltr'>ccclesia</span> <span class='ocrx_word' id='word_1_318' title='bbox 504 2769 602 2821; x_wconf 88' lang='lat' dir='ltr'>ipsa</span> <span class='ocrx_word' id='word_1_319' title='bbox 635 2772 963 2813; x_wconf 78' lang='lat' dir='ltr'>execucioneni</span> <span class='ocrx_word' id='word_1_320' title='bbox 996 2773 1103 2815; x_wconf 93' lang='lat' dir='ltr'>talis</span> <span class='ocrx_word' id='word_1_321' title='bbox 1136 2773 1378 2825; x_wconf 88' lang='lat' dir='ltr'>potestatis</span> <span class='ocrx_word' id='word_1_322' title='bbox 1412 2785 1505 2814; x_wconf 92' lang='lat' dir='ltr'>non</span> <span class='ocrx_word' id='word_1_323' title='bbox 1536 2772 1677 2815; x_wconf 90' lang='lat' dir='ltr'>habet</span> <span class='ocrx_word' id='word_1_324' title='bbox 1707 2772 1799 2814; x_wconf 91' lang='lat' dir='ltr'>nisi</span> <span class='ocrx_word' id='word_1_325' title='bbox 1831 2784 1888 2814; x_wconf 88' lang='lat' dir='ltr'>ea</span> <span class='ocrx_word' id='word_1_326' title='bbox 1919 2782 2038 2825; x_wconf 84' lang='lat' dir='ltr'>papa</span> 
     </span>
     <span class='ocr_line' id='line_1_38' title="bbox 274 2840 2036 2897; baseline 0.003 -20"><span class='ocrx_word' id='word_1_327' title='bbox 274 2841 459 2880; x_wconf 89' lang='lat' dir='ltr'>carente</span> <span class='ocrx_word' id='word_1_328' title='bbox 482 2840 552 2880; x_wconf 88' lang='lat' dir='ltr'>vel</span> <span class='ocrx_word' id='word_1_329' title='bbox 581 2840 680 2892; x_wconf 89' lang='lat' dir='ltr'>ipso</span> <span class='ocrx_word' id='word_1_330' title='bbox 703 2854 822 2894; x_wconf 87' lang='lat' dir='ltr'>papa</span> <span class='ocrx_word' id='word_1_331' title='bbox 842 2842 1136 2895; x_wconf 50' lang='lat' dir='ltr'>¹illegitimato</span> <span class='ocrx_word' id='word_1_332' title='bbox 1158 2843 1233 2884; x_wconf 90' lang='lat' dir='ltr'>vel</span> <span class='ocrx_word' id='word_1_333' title='bbox 1258 2843 1483 2897; x_wconf 90' lang='lat' dir='ltr'>deposito,</span> <span class='ocrx_word' id='word_1_334' title='bbox 1505 2847 1555 2886; x_wconf 93' lang='lat' dir='ltr'>ut</span> <span class='ocrx_word' id='word_1_335' title='bbox 1576 2843 1625 2885; x_wconf 94' lang='lat' dir='ltr'>in</span> <span class='ocrx_word' id='word_1_336' title='bbox 1648 2855 1879 2896; x_wconf 85' lang='lat' dir='ltr'>sermone,</span> <span class='ocrx_word' id='word_1_337' title='bbox 1902 2853 2036 2896; x_wconf 86' lang='lat' dir='ltr'>quem</span> 
     </span>
     <span class='ocr_line' id='line_1_39' title="bbox 274 2908 2035 2967; baseline 0.004 -20"><span class='ocrx_word' id='word_1_338' title='bbox 274 2908 360 2948; x_wconf 83' lang='lat' dir='ltr'>feci</span> <span class='ocrx_word' id='word_1_339' title='bbox 390 2908 615 2951; x_wconf 83' lang='lat' dir='ltr'>dominica</span> <span class='ocrx_word' id='word_1_340' title='bbox 643 2911 937 2966; x_wconf 62' lang='lat' dir='ltr'>-Jnvocavit²),</span> <span class='ocrx_word' id='word_1_341' title='bbox 965 2913 1187 2955; x_wconf 82' lang='lat' dir='ltr'>diffusius</span> <span class='ocrx_word' id='word_1_342' title='bbox 1216 2913 1463 2967; x_wconf 87' lang='lat' dir='ltr'>declaravi,</span> <span class='ocrx_word' id='word_1_343' title='bbox 1492 2914 1549 2956; x_wconf 89' lang='lat' dir='ltr'>ad</span> <span class='ocrx_word' id='word_1_344' title='bbox 1578 2927 1714 2967; x_wconf 88' lang='lat' dir='ltr'>quem</span> <span class='ocrx_word' id='word_1_345' title='bbox 1742 2927 1815 2956; x_wconf 89' lang='lat' dir='ltr'>me</span> <span class='ocrx_word' id='word_1_346' title='bbox 1842 2912 2035 2956; x_wconf 83' lang='lat' dir='ltr'>remitte.</span> 
     </span>
    </p>
   </div>
   <div class='ocr_carea' id='block_1_7' title="bbox 389 3001 1638 3102">
    <p class='ocr_par' dir='ltr' id='par_1_7' title="bbox 389 3001 1638 3102">
     <span class='ocr_line' id='line_1_40' title="bbox 391 3001 1638 3050; baseline 0.006 -17"><span class='ocrx_word' id='word_1_347' title='bbox 391 3001 420 3042; x_wconf 92' lang='lat'>¹)</span> <span class='ocrx_word' id='word_1_348' title='bbox 459 3002 531 3043; x_wconf 65' lang='lat' dir='ltr'>l&#39;fll.</span> <span class='ocrx_word' id='word_1_349' title='bbox 560 3003 592 3036; x_wconf 53' lang='grc' dir='ltr'>δ’.</span> <span class='ocrx_word' id='word_1_350' title='bbox 620 3004 696 3037; x_wconf 77' lang='lat'><em>705.</em></span> <span class='ocrx_word' id='word_1_351' title='bbox 842 3006 874 3047; x_wconf 81' lang='grc'>2)</span> <span class='ocrx_word' id='word_1_352' title='bbox 905 3006 1020 3040; x_wconf 65' lang='lat' dir='ltr'>Malli.</span> <span class='ocrx_word' id='word_1_353' title='bbox 1046 3007 1102 3048; x_wconf 67' lang='lat'>28,</span> <span class='ocrx_word' id='word_1_354' title='bbox 1127 3008 1183 3042; x_wconf 64' lang='lat'>20.</span> <span class='ocrx_word' id='word_1_355' title='bbox 1329 3008 1360 3050; x_wconf 79' lang='grc'>3)</span> <span class='ocrx_word' id='word_1_356' title='bbox 1389 3008 1476 3043; x_wconf 83' lang='lat' dir='ltr'>Luc.</span> <span class='ocrx_word' id='word_1_357' title='bbox 1501 3007 1558 3049; x_wconf 74' lang='lat'>22,</span> <span class='ocrx_word' id='word_1_358' title='bbox 1581 3009 1638 3043; x_wconf 85' lang='lat'>33.</span> 
     </span>
     <span class='ocr_line' id='line_1_41' title="bbox 389 3059 1164 3102; baseline 0.012 -11"><span class='ocrx_word' id='word_1_359' title='bbox 389 3059 420 3100; x_wconf 67' lang='lat'>⁴¹)</span> <span class='ocrx_word' id='word_1_360' title='bbox 463 3059 534 3102; x_wconf 73' lang='lat' dir='ltr'>1&#39;9l.</span> <span class='ocrx_word' id='word_1_361' title='bbox 564 3060 763 3096; x_wconf 61' lang='lat' dir='ltr'>Abs-chniu</span> <span class='ocrx_word' id='word_1_362' title='bbox 793 3062 850 3098; x_wconf 85' lang='lat' dir='ltr'>II:</span> <span class='ocrx_word' id='word_1_363' title='bbox 883 3065 972 3099; x_wconf 75' lang='lat'><strong><em>1416</em></strong></span> <span class='ocrx_word' id='word_1_364' title='bbox 1002 3064 1106 3099; x_wconf 71' lang='lat' dir='ltr'>Miirz</span> <span class='ocrx_word' id='word_1_365' title='bbox 1134 3066 1164 3100; x_wconf 86' lang='grc'>8.</span> 
     </span>
    </p>
   </div>
  </div>
 </body>
</html>
