2102 3444
247 129 303 172 90
772 129 798 163 I.
833 129 1044 164 Abschnitt.
1091 128 1492 174 Konzilstagebiicher.

248 247 401 288 vando
422 247 716 299 scripturam:
752 259 838 300 ego
858 250 1130 300 procurator
1152 247 1440 290 serenissimi
1463 249 1587 302 regis
1610 249 1891 290 Francorum
1913 260 2018 301 pro-

248 320 404 369 testor,
434 329 633 370 provoco
662 320 706 359 et
737 317 892 370 apello
921 317 967 358 in
997 317 1147 360 forma
1176 317 1249 359 hic
1276 321 1507 370 contenta;
1540 322 1584 360 et
1613 318 1810 360 formam
1839 317 1912 360 hic
1940 331 2018 360 ex-

248 388 398 429 hibuit
421 388 786 441 prothonotariis
810 391 854 430 et
878 388 1016 430 aliam
1041 388 1241 430 similem
1266 388 1458 431 notariis
1483 389 1665 431 concilii
1688 401 1774 442 per
1798 388 2018 432 naciones

248 458 366 500 datis
400 461 444 500 et
475 458 636 511 petivit
667 458 725 500 ab
758 458 974 500 omnibus
1006 458 1377 501 instrumentum.

367 529 484 570 Dum
527 532 680 571 autem
723 529 871 571 dictus
912 532 1184 582 procurator
1227 530 1404 583 legeret
1446 530 1573 571 illam
1615 529 2018 583 protestacionem,

248 612 368 641 unus
399 599 661 652 advocatus,
692 599 769 652 qui
800 603 901 641 erat
930 612 1077 652 prope
1108 612 1265 653 regern
1296 601 1607 642 Romanorum
1638 600 1866 654 clamavit,
1896 600 2020 654 quod

249 670 411 723 legens
436 683 529 712 non
555 670 796 712 audiretur
821 674 865 713 et
890 671 1170 724 opponebat,
1196 671 1318 724 quod
1345 671 1435 724 legi
1462 684 1554 713 non
1581 671 1796 713 debebat.
1835 670 1902 713 De
1928 683 2018 724 qua

249 742 438 794 lectura,
462 741 796 794 protestatione
821 745 867 783 et
890 742 1224 794 procuracione
1250 754 1334 783 rex
1360 742 1662 784 vehementer
1686 741 1865 784 turbari
1891 742 2019 785 visus

250 815 332 865 est,
360 811 467 864 quia
493 812 673 854 notorie
701 811 890 854 favebat
914 812 1122 865 Anglicis
1148 815 1192 854 et
1219 812 1324 854 odio
1350 812 1555 855 habebat
1580 811 1798 855 Gallicos.

367 883 520 924 Tenor
541 885 694 924 autem
716 882 1070 936 protestacionis
1092 886 1138 925 et
1158 882 1497 936 procurationis
1519 883 1626 925 talis
1648 886 1736 935 est;
1761 883 1905 926 multa
1927 883 2020 926 alia

250 954 295 994 in
327 954 407 995 illa
437 953 667 1006 scriptura
694 954 1039 1007 premittuntur,
1069 957 1140 996 set
1168 954 1255 996 ista
1284 957 1354 996 est
1382 953 1573 1007 propria
1602 953 1892 1007 protestatio:

366 1024 705 1077 Nonnunquam
737 1025 893 1066 evenit
926 1058 933 1066 .
970 1058 978 1065 .
1014 1058 1022 1066 .
1054 1037 1127 1066 me
1159 1025 1478 1078 astringens.¹)

368 1095 453 1136 Die
479 1095 589 1137 lune
613 1095 742 1137 VIII.
770 1095 929 1137 Marcii
954 1096 1204 1137 millesimo
1230 1095 1692 1148 quadringentesimo
1716 1095 1895 1137 decimo
1919 1107 2022 1148 sep-

248 1166 358 1208 timo
386 1169 432 1208 et
460 1165 642 1208 concilii
669 1166 827 1219 tercio,
856 1178 945 1219 que
974 1166 1076 1207 dies
1105 1168 1205 1208 erat
1232 1167 1486 1208 centesima
1515 1179 1541 1208 a
1569 1166 1645 1208 die
1673 1165 1909 1208 citacionis
1936 1178 2023 1219 per

250 1236 449 1278 edictum
488 1236 608 1278 facte
648 1236 924 1279 Constancie
963 1240 1120 1279 contra
1161 1237 1349 1278 Petrum
1388 1237 1446 1279 de
1485 1237 1630 1289 Luna,
1669 1236 1838 1278 dictum
1875 1237 2022 1279 Bene-

250 1307 419 1349 dictum
451 1307 580 1349 XIII.
614 1307 661 1348 in
694 1320 778 1349 sua
810 1307 1097 1359 obediencia,
1130 1320 1220 1360 que
1253 1307 1412 1349 citacio
1444 1307 1598 1349 fuerat
1631 1307 1690 1350 ad
1721 1308 2022 1349 centesimam

249 1378 387 1431 diem,
415 1378 534 1421 sedit
549 1377 794 1419 concilium
809 1390 911 1420 cum
927 1378 1221 1420 solemnitate
1237 1391 1322 1431 pro
1338 1378 1457 1420 dicta
1473 1390 1626 1430 causa,
1640 1378 1913 1431 presidente
1929 1389 2025 1420 car-

250 1449 396 1491 dinali
432 1452 477 1490 et
514 1450 734 1502 episcopo
749 1448 952 1491 Ostiensi
968 1461 1078 1502 rege
1094 1452 1329 1501 presente.
1368 1449 1422 1490 Et
1437 1448 1646 1491 fuittalis
1661 1449 1775 1491 ordo
1790 1451 2021 1491 servatus:

370 1520 525 1562 Primo
552 1519 640 1562 fuit
669 1521 787 1563 lecta
815 1533 901 1573 per
929 1520 1199 1573 episcopum
1228 1520 1481 1562 Dolensem
1511 1519 1676 1561 cedula
1705 1519 2024 1573 deputacionis

252 1594 609 1644 prosequtorum
644 1594 690 1633 et
724 1591 1039 1632 ministrorum
1075 1594 1212 1644 atque
1246 1591 1533 1632 notariorum
1567 1590 1614 1632 in
1649 1590 1768 1633 dicta
1803 1603 1942 1633 causa
1977 1591 2024 1632 in

253 1662 403 1704 forma
430 1661 661 1714 sequenti:

370 1733 465 1774 Hec
495 1736 763 1775 sacrosanta
791 1732 1171 1775 Constanciensis
1201 1732 1406 1785 synodus
1437 1766 1444 1774 .
1481 1765 1489 1773 .
1525 1766 1533 1773 .
1563 1731 1838 1786 produxit.²)

370 1803 467 1854 Qua
500 1804 618 1845 lecta
652 1804 693 1845 d.
727 1803 979 1845 cardinalis
1012 1803 1260 1856 presidens
1294 1802 1536 1856 respondit
1568 1815 1655 1856 pro
1686 1805 1779 1845 toto
1811 1802 2023 1845 concilio:

256 1874 423 1916 Placet.
467 1874 563 1925 Quo
594 1875 713 1916 facto
744 1874 992 1916 advocatus
1024 1874 1362 1916 consistorialis
1394 1873 1673 1916 instantibus
1704 1873 1838 1916 dictis
1868 1885 2026 1927 prose-

254 1945 497 1998 qutoribus
525 1948 570 1987 et
597 1945 822 1987 ministris
850 1945 1092 1998 proposuit
1118 1945 1355 1986 decretum
1382 1944 1616 1987 citacionis
1643 1957 1729 1998 per
1755 1944 1955 1986 edictum
1981 1947 2027 1986 et

254 2016 382 2058 illius
413 2016 749 2068 exequcionem
783 2016 839 2057 ad
873 2015 996 2057 diem
1028 2015 1343 2068 centesimam,
1375 2028 1466 2068 que
1498 2015 1579 2057 illa
1611 2015 1687 2057 die
1718 2014 1952 2058 incidebat
1981 2017 2027 2056 et

254 2087 473 2139 produxit
500 2087 675 2128 bullam
707 2086 879 2128 decreti
910 2089 954 2127 et
969 2086 1326 2128 instrumentum
1343 2086 1644 2139 exequcionis
1660 2098 1880 2128 asserens
1895 2085 2026 2139 signa

253 2157 539 2199 notariorum
569 2157 615 2198 in
646 2157 955 2199 instrumento
983 2156 1133 2210 posita
1164 2169 1268 2198 esse
1300 2157 1431 2210 signa
1462 2157 1663 2209 illorum,
1693 2169 1888 2210 quorum
1918 2168 2024 2198 esse

256 2228 572 2270 inscribuntur
595 2228 640 2269 in
664 2228 771 2270 illis.
805 2228 859 2269 Et
881 2227 1110 2269 accusavit
1132 2228 1465 2269 contumaciam
1488 2227 1595 2268 dicti
1616 2227 1658 2269 d.
1680 2227 1806 2269 Petri
1829 2229 1874 2269 et
1893 2227 2025 2268 illum

255 2299 386 2352 petiit
406 2299 499 2341 alta
517 2311 627 2340 voce
649 2298 802 2340 vocari
824 2298 881 2340 ad
901 2299 1061 2340 valvas
1081 2297 1278 2340 ecclesie
1300 2301 1345 2339 et
1365 2298 1423 2340 ad
1446 2298 1530 2340 hoc
1549 2297 1763 2350 deputari
1785 2297 1901 2340 duos
1922 2298 2027 2339 ulti-

255 2383 353 2412 mos
388 2369 652 2411 cardinales
688 2369 933 2422 dyaconos,
969 2368 1186 2410 videlicet
1221 2369 1279 2410 de
1317 2368 1572 2410 Comitibus
1609 2372 1654 2410 et
1691 2369 2025 2420 Florentinum,

255 2441 370 2483 duos
401 2440 526 2482 sedis
554 2440 806 2492 apostolice
837 2443 882 2481 et
910 2440 1027 2482 alios
1056 2439 1237 2481 concilii
1266 2438 1485 2481 notarios.
1528 2439 1582 2481 Et
1611 2438 1853 2492 respondit
1879 2438 2026 2493 presi-

256 2511 372 2552 dens
402 2523 487 2564 pro
516 2514 608 2553 toto
639 2511 851 2552 concilio:
897 2510 1066 2552 Placet.

374 2582 499 2623 Tunc
527 2581 633 2623 dicti
663 2581 753 2623 duo
782 2580 1045 2623 cardinales
1073 2584 1119 2622 et
1146 2580 1313 2622 notarii
1343 2580 1525 2622 iverunt
1555 2580 1612 2622 ad
1641 2581 1800 2622 valvas
1829 2579 2025 2622 ecclesie

256 2656 300 2694 et
339 2652 516 2694 reversi
556 2653 817 2693 retulerunt
856 2665 940 2705 per
980 2651 1264 2693 cardinalem
1305 2651 1625 2708 Florentinum
1664 2651 1796 2693 illum
1834 2663 2026 2693 vocasse

256 2723 376 2765 trina
400 2735 524 2775 voce,
549 2724 639 2764 alta
665 2736 774 2764 voce
800 2726 844 2765 et
867 2722 1101 2764 neminem
1126 2723 1443 2775 comparuisse
1468 2725 1516 2767 et.
1536 2721 1785 2764 advocatus
1808 2721 2027 2764 consisto-

258 2794 388 2836 rialis
431 2793 551 2836 facta
595 2793 830 2835 relacione
874 2793 1035 2846 petivit
1078 2794 1245 2835 iterum
1287 2792 1455 2834 dictum
1499 2792 1541 2834 d.
1587 2792 1773 2834 Petrum
1818 2793 2025 2846 reputari

257 2867 585 2906 contumacem.

377 2968 409 3011 1)
436 2969 557 3004 Ηαηῑε
594 2949 629 3010 13¹,
655 2969 811 3010 57-75‚·
841 2969 966 3003 Mansa*
993 2967 1153 3010 XXVII,
1179 2968 1373 3003 1022—31.

376 3027 408 3069 2)
441 3026 562 3061 Hardt
596 3027 660 3068 JV,
696 3027 897 3069 1130—33‚·
933 3027 1060 3061 Mansa·
1092 3025 1251 3068 xxm,
1285 3026 1374 3061 1031
1388 3024 1415 3069 r.
