2227 3434
559 202 597 237 E.
638 201 717 237 Der
741 180 849 236 liber?
865 202 1058 244 gestorum
1086 200 1154 234 des
1180 198 1421 235 Cerretanus.
1789 198 1873 241 329

110 322 206 364 ulla
234 333 295 363 ex
323 324 454 375 parte
482 332 588 363 esse
621 320 792 373 ignote3
824 319 960 360 homo
989 330 1114 369 vero,
1145 317 1252 370 quia
1281 329 1374 358 non
1402 319 1555 369 potest
1584 328 1660 357 cor
1689 315 1875 366 intueri,

111 395 361 445 propterea
386 392 535 435 solum
562 391 619 432 de
645 389 750 442 hiis,
777 401 866 442 que
894 392 999 431 sunt
1025 401 1110 442 per
1135 388 1397 430 exteriores
1423 389 1549 429 actus
1576 386 1784 439 probata,
1812 386 1876 427 iu—

111 462 281 505 dicium
307 462 416 505 facit
441 465 487 504 et
510 461 618 503 hinc
643 460 812 513 evenit,
839 463 887 502 ut
911 471 1225 512 nonumquam
1252 458 1309 500 ab
1336 457 1522 499 homine
1548 459 1737 510 peccata
1764 456 1877 497 iudi-

111 536 286 585 centur,
313 545 402 586 que
429 532 553 586 apud
580 532 727 573 Deum
754 543 847 572 non
873 533 1050 572 tantum
1075 542 1162 572 nors
1186 541 1279 570 non
1307 529 1516 581 obligant
1541 527 1599 569 ad
1624 530 1876 580 peccatum,

111 615 277 656 ymmo,
304 603 412 656 quia
436 602 558 645 bona
584 604 738 644 mente
766 601 886 643 facta
913 603 1032 653 sunt,
1060 599 1373 641 attribuuntur
1400 599 1458 641 ad
1484 598 1713 639 meritum.
1754 596 1877 638 Fieri

111 686 224 728 ergo
244 677 408 729 potest,
428 676 478 716 ut
499 674 546 715 in
567 685 638 726 eo,
660 672 783 725 quod
804 671 956 725 pridie
978 669 1057 713 tua
1076 670 1334 724 paternitas
1358 670 1403 711 in
1426 669 1634 712 oratione
1658 680 1760 710 meo
1783 667 1878 721 qui-

112 745 218 788 dem
240 744 411 787 iudicio
432 744 561 798 gravi
585 747 631 786 et
653 756 712 785 ex
737 743 882 785 sacris
907 741 1127 784 institutis
1150 741 1272 782 bene
1298 741 1515 782 roborata
1537 738 1754 791 firmavit,
1778 751 1878 791 ego,

112 816 191 869 qui
219 828 313 858 non
341 818 466 857 tuam
495 817 711 866 mentem,
742 816 811 856 set
839 813 899 866 id,
929 812 1052 866 quod
1082 824 1235 853 sermo
1265 810 1470 852 exterior
1499 809 1785 864 preferebat,
1814 808 1879 850 in-

111 885 324 939 telligere
351 885 494 939 potui,
520 897 730 927 errorem
757 896 861 927 esse
889 883 1061 936 putavi,
1087 882 1167 924 ubi
1192 894 1286 924 non
1312 893 1446 924 error
1472 880 1626 923 fuerat
1653 879 1736 922 sed
1761 880 1880 921 veri-

112 959 196 999 tas.
233 956 326 999 Hoc
347 968 491 998 unum
514 959 669 998 tamen
694 954 898 1007 affirmo,
923 953 1046 1007 quod
1068 966 1161 995 non
1185 951 1531 994 contradicendi
1555 950 1783 1004 cupiditas
1807 962 1879 991 me

113 1027 308 1081 impulit,
333 1039 436 1069 cum
460 1027 519 1068 ad
542 1030 666 1069 tuam
690 1025 1017 1079 paternitatem
1042 1037 1128 1077 pro
1152 1024 1243 1066 tuis
1269 1022 1447 1065 meritis
1470 1025 1516 1064 et
1541 1034 1707 1075 magna
1732 1033 1881 1063 sacra-

114 1088 215 1140 ruin
245 1098 579 1151 scripturarum
609 1096 926 1150 profunditate
957 1095 1210 1149 plurimum
1241 1107 1342 1136 sum
1373 1093 1590 1144 affectus3
1624 1092 1707 1134 sed
1738 1092 1784 1133 id
1814 1105 1882 1134 so-

114 1170 208 1211 lum
243 1169 366 1222 quia,
402 1171 452 1210 ut
486 1168 597 1210 mihi
632 1171 738 1210 tunc
776 1166 1034 1218 videbatur,
1071 1179 1129 1208 ex
1165 1165 1257 1207 tuis
1294 1163 1695 1206 exassertionibus
1733 1162 1882 1204 omnis

113 1239 455 1282 ecclesiasticus
482 1241 641 1292 status,
668 1237 890 1291 precipue
918 1237 1205 1290 prelatorum
1234 1249 1258 1278 a
1286 1238 1510 1288 tempore,
1536 1235 1666 1276 cuius
1693 1246 1785 1275 non
1811 1235 1883 1275 est

115 1310 172 1353 de
205 1310 437 1353 contrario
470 1308 707 1362 memoria,
741 1308 985 1350 videbatur
1019 1307 1076 1349 de
1112 1307 1321 1360 symonia
1354 1306 1519 1357 notari,
1553 1307 1602 1347 ut
1633 1304 1724 1347 iam
1757 1303 1883 1345 vide-

115 1384 276 1424 rentur
308 1381 372 1423 hii
407 1392 568 1423 omnes
601 1379 778 1434 indigni
814 1379 909 1422 suis
944 1376 1436 1429 administrationibus,
1471 1388 1623 1429 ymmo
1656 1377 1882 1428 raptores,

115 1465 281 1506 ymmo,
301 1455 350 1494 ut
371 1452 435 1495 ait
454 1451 722 1504 redemptor
742 1453 915 1502 noster,
936 1449 1067 1492 fures
1086 1452 1133 1491 et
1153 1449 1374 1500 latrones,
1397 1447 1474 1500 qui
1495 1459 1587 1489 non
1608 1458 1694 1500 per
1715 1445 1882 1488 ostium

117 1523 316 1577 ingres-si
340 1525 520 1565 tentant
543 1522 601 1565 ad
625 1521 746 1564 ovile
771 1521 855 1563 sed
879 1520 1126 1573 aliunde1).
1162 1519 1306 1571 Quod,
1332 1518 1490 1571 quanti
1518 1517 1576 1560 sit
1596 1517 1795 1570 periculi
1821 1515 1884 1558 sic

116 1594 290 1636 sentire
324 1593 399 1635 vel
435 1592 692 1645 affirmare,
727 1593 867 1645 plane
903 1590 1139 1644 intelligis.
1187 1591 1281 1632 Hoc
1315 1601 1516 1642 namque
1551 1587 1734 1630 videtur
1768 1586 1884 1629 illud

117 1665 395 1719 approbare,
432 1663 556 1717 quod
591 1663 820 1715 nonnulli,
859 1662 935 1716 qui
972 1661 1139 1704 cotidie
1177 1661 1234 1702 de
1271 1660 1428 1702 heresi
1465 1659 1790 1712 dampnantur,
1826 1657 1884 1699 de

116 1735 418 1778 universitate
447 1734 816 1777 Christianorum
846 1732 1166 1786 dogmatizant,
1195 1732 1370 1773 scilicet
1398 1729 1521 1783 apud
1547 1742 1632 1772 nos
1658 1741 1752 1771 non
1778 1740 1885 1770 esse

117 1819 276 1849 veram
300 1806 558 1850 ecclesiam.
596 1805 714 1856 Quid
739 1804 862 1846 enim
888 1803 1016 1846 aliud
1040 1806 1110 1846 est
1133 1802 1304 1854 dicere,
1330 1801 1454 1854 quod
1479 1812 1654 1852 omnes,
1681 1799 1759 1853 qui
1783 1812 1885 1852 pro-

118 1879 360 1919 moventur
389 1876 436 1918 in
466 1876 594 1918 curia
624 1876 830 1917 Romana
858 1878 904 1916 et
934 1875 1118 1916 solvunt
1145 1886 1233 1926 pro
1260 1872 1425 1926 primis
1453 1871 1681 1913 fructibus
1710 1870 1886 1923 porcio-

119 1961 224 1990 nem
252 1950 519 1990 consuetam
546 1959 632 2001 per
659 1949 889 1989 arrestum
918 1946 1167 1997 bullarum,
1195 1947 1243 1986 ut
1270 1943 1533 1995 asserebas,
1561 1942 1634 1983 vel
1663 1941 1768 1983 aliis
1797 1953 1887 1982 mo-

119 2019 205 2073 dis,
227 2019 305 2073 qui
327 2021 574 2061 servantur
597 2018 659 2059 ibi
682 2031 741 2059 ex
766 2016 1101 2069 antiquissimis
1123 2014 1426 2068 temporibus,
1447 2026 1554 2056 esse
1577 2012 1884 2065 symoniacos3

120 2091 225 2144 nisi,
245 2089 463 2143 quoniam
482 2089 601 2131 nulli
620 2088 790 2142 prelati
811 2114 866 2119 ——
884 2088 943 2129 de
965 2087 1226 2138 abbatibus,
1247 2084 1480 2138 episcopis
1497 2087 1544 2125 et
1565 2082 1887 2136 superioribus

121 2162 285 2215 loquor
318 2187 373 2192 ——
408 2160 465 2203 ab
501 2159 677 2202 eisdem
713 2158 1001 2211 temporibus
1036 2158 1149 2199 citra
1183 2159 1288 2199 sunt
1322 2155 1435 2198 alibi
1468 2167 1605 2208 quam
1641 2155 1688 2195 in
1721 2153 1887 2195 eadem

121 2231 247 2275 curia
272 2231 485 2285 promoti,
511 2242 673 2273 omnes
701 2243 758 2272 ex
785 2229 1087 2281 consequenti
1116 2228 1263 2270 fuisse
1291 2229 1337 2269 et
1362 2225 1499 2268 hodie
1529 2225 1738 2278 symonia
1764 2223 1889 2265 invo—

122 2303 240 2345 lutos
269 2314 394 2354 esse3
426 2305 471 2344 et
501 2302 563 2344 ita
593 2302 741 2355 ipsam
770 2303 910 2342 totam
940 2299 1199 2351 ecclesiam,
1230 2297 1359 2340 cuius
1391 2297 1479 2350 ipsi
1510 2295 1749 2349 potissima
1779 2307 1889 2347 pars

121 2376 241 2427 sunt,
268 2385 352 2417 seu
377 2373 525 2426 ipsius
552 2372 748 2415 ecclesie
775 2370 1002 2424 potiorem
1028 2373 1209 2423 partem
1236 2368 1473 2421 indignam
1500 2369 1545 2409 et
1573 2365 1889 2409 abhominabi-

125 2445 214 2486 lem
238 2445 335 2487 Deo
354 2456 461 2487 esse
483 2456 648 2496 ymmo,
672 2446 718 2484 ut
738 2443 840 2496 ipse
863 2441 1065 2493 dicebas,
1086 2453 1280 2494 prorsus
1302 2439 1495 2492 nullam,
1518 2437 1733 2491 quoniam
1755 2437 1889 2487 taleS,

122 2518 170 2558 ut
198 2514 453 2568 inferebas,
481 2527 574 2556 non
602 2514 771 2567 prelati
803 2516 908 2555 sunt
935 2525 1022 2554 nec
1052 2511 1136 2553 Dei
1166 2510 1378 2561 ministri,
1407 2521 1493 2551 nec
1520 2508 1569 2550 in
1596 2508 1667 2550 eis
1694 2510 1765 2549 est
1792 2506 1889 2547 ulla

123 2585 476 2629 administrandi
504 2588 723 2639 potestas,
762 2584 871 2636 Hoc,
897 2583 1022 2636 quod
1046 2582 1146 2635 ipsa
1173 2580 1446 2634 cogitatione
1474 2583 1701 2622 terrorem
1731 2576 1889 2619 menti-

123 2657 209 2700 bus
236 2656 408 2710 incutit,
438 2668 510 2698 me
537 2655 780 2709 promovit,
807 2658 857 2697 ut
885 2656 1042 2696 contra
1072 2665 1246 2694 morem
1277 2652 1494 2703 dicerem,
1523 2662 1613 2703 que
1641 2652 1747 2691 tunc
1777 2648 1887 2689 dixi.

124 2727 189 2769 Tu
219 2739 344 2780 vero,
375 2730 425 2769 ut
452 2740 513 2769 ex
541 2726 741 2780 scriptiis,
774 2738 862 2778 que
894 2727 1056 2778 postea
1088 2724 1146 2766 ad
1178 2735 1249 2764 me
1282 2721 1510 2773 direxisti,
1540 2719 1694 2773 colligi
1723 2720 1888 2771 potest,

124 2796 406 2840 locucionem
438 2810 588 2840 meam
619 2809 705 2850 pro
735 2800 813 2839 tua
845 2794 1162 2837 moderatione
1193 2806 1286 2835 non
1318 2791 1534 2845 accepisti
1566 2790 1624 2832 ad
1658 2789 1888 2838 iniuriam,

125 2868 207 2911 sed
236 2868 445 2911 fraterne
475 2880 610 2910 curas
640 2879 832 2919 mecum,
861 2870 911 2909 ut
939 2866 1112 2908 veritas
1142 2877 1227 2918 per
1257 2862 1614 2916 disputationem
1645 2861 1888 2902 elucescat.

129 2938 286 2992 Itaque
318 2939 432 2992 dico,
464 2939 587 2992 quod
618 2942 724 2982 tunc
755 2937 866 2990 dixi,
897 2937 1019 2990 quod
1051 2947 1238 2988 semper
1269 2933 1396 2975 licuit
1426 2930 1796 2974 ministrantibus
1827 2930 1889 2971 al-

126 3010 227 3063 tari,
257 3013 305 3052 ut
335 3009 392 3052 de
423 3010 559 3052 altari
590 3009 814 3050 viverent.
860 3007 1042 3049 Diversi
1075 3009 1229 3048 tamen
1262 3003 1382 3046 modi
1415 3003 1605 3045 fuerunt
1636 2999 1887 3043 secundum

239 3082 276 3146 ³)
291 3082 357 3138 ‘J'oss
382 3082 436 3145 10,
461 3104 478 3137 1
501 3102 540 3146 ff-
