2102 3444
300 149 382 191 198
832 148 858 182 1.
884 147 1094 183 Abschnitt.
1133 147 1532 192 Konzilstagebflcher.

299 265 588 309 serenissimi
614 266 840 319 principis
867 266 908 308 d.
938 265 1061 319 regis
1087 266 1254 319 Anglie
1283 266 1618 309 ambasiatores
1645 267 1871 320 regnique
1898 266 2068 320 prelati

299 336 344 378 in
376 337 449 379 via
481 336 585 390 sint,
617 336 739 389 quod
770 336 967 378 ecclesie
1000 337 1278 379 reformacio
1308 340 1353 378 et
1383 337 1675 380 omnimodus
1707 337 1825 379 circa
1857 349 1959 380 eam
1990 337 2069 381 ha-

298 407 479 449 bendus
509 420 757 461 processus
788 407 847 449 ad
878 419 1038 449 eorum
1071 407 1322 449 differatur
1355 407 1618 460 adventum,
1651 411 1696 450 et
1727 407 1850 461 quod
1882 407 2076 455 interim,

300 477 345 519 in
371 490 481 520 casu
504 477 618 520 fidei
643 477 973 535 tantummodo,
998 490 1089 520 non
1118 479 1161 519 in
1188 478 1307 531 aliis,
1333 481 1493 531 utputa
1519 482 1676 521 contra
1701 478 1999 535 Wyclefistas
2024 481 2070 521 et

298 548 528 591 hereticos
557 548 673 591 alios
701 561 955 601 eorumque
987 548 1208 601 fautores,
1238 549 1505 601 specialiter
1533 552 1692 591 contra
1721 548 2068 591 heresiarcham

299 619 449 672 ipsum
480 618 593 671 Hus,
627 620 703 672 qui
738 619 827 661 iam
860 632 944 672 pre
979 619 1194 661 manibus
1226 619 1438 671 habetur,
1472 632 1600 662 mora
1633 623 1679 661 et
1712 619 1940 662 dilacione
1974 632 2070 663 ces-

299 690 523 743 santibus,
550 689 608 732 ad
633 690 960 732 execucionem
987 690 1163 731 realem
1188 689 1466 743 procedatur
1494 691 1619 732 iuxta
1646 690 1760 732 iuris
1787 689 2069 743 exigentiam

298 763 343 802 et
369 759 501 803 sicuti
529 760 748 803 canonice
776 760 1049 802 dictaverint
1075 761 1353 803 sanctiones.
1393 761 1447 802 Et
1473 774 1574 802 cum
1603 760 1818 803 damnate
1845 761 2067 804 memorie

298 831 531 873 hereticus
568 831 646 872 ille
684 832 866 883 Wyclef
900 832 1095 873 hereses
1131 835 1175 873 et
1211 844 1399 873 errores
1437 832 1691 884 antiquitus
1727 831 1968 874 damnatos
2005 832 2070 873 in-

298 914 518 944 numeros
546 901 795 955 innovavit,
822 903 1010 955 petitur,
1039 903 1162 956 quod
1189 903 1290 944 eius
1319 902 1426 944 libri
1455 906 1500 944 et
1527 902 1751 956 opuscula
1779 915 1880 944 cum
1908 905 2069 945 autore

299 975 342 1015 et
368 972 564 1015 hereses
591 976 635 1015 et
663 985 850 1015 errores
878 974 1020 1015 ceteri
1046 974 1271 1016 hactenus
1300 973 1357 1016 ab
1384 974 1583 1015 ecclesia
1612 973 1896 1027 summisque
1923 973 2070 1027 ponti-

298 1043 467 1086 ficibus
499 1043 702 1086 damnati
735 1044 782 1085 in
813 1044 1024 1086 sessione
1056 1045 1268 1098 proxima
1301 1044 1449 1086 adhuc
1481 1044 1645 1087 iterata
1676 1043 1774 1086 vice
1806 1057 1865 1087 ex
1894 1044 2070 1087 habun-

299 1114 425 1156 danti
454 1114 635 1156 cautela
663 1114 955 1157 damnentur.

474 1185 774 1228 Sanctissimo
808 1185 855 1227 in
893 1185 998 1228 Chr.
1035 1199 1078 1239 p.
1116 1186 1155 1230 d.
1194 1186 1395 1228 Johanni
1433 1189 1726 1229 sacrosancte
1763 1186 1813 1228 R.
1849 1189 1895 1229 et

679 1256 962 1299 universalis
1005 1258 1201 1300 ecclesie
1243 1270 1421 1300 summo
1461 1257 1686 1310 pontifici.

416 1327 691 1370 Beatissime
724 1330 857 1381 pater
890 1331 935 1370 et
967 1327 1167 1381 domine,
1201 1328 1386 1370 domine
1420 1327 1834 1370 reverendissime!
1883 1327 2070 1370 Clarum

298 1398 524 1440 habemus
554 1398 816 1440 recordium
846 1411 997 1452 nuper
1027 1411 1061 1440 s.
1092 1412 1130 1440 v.
1160 1411 1245 1452 per
1274 1399 1479 1441 nobilem
1509 1399 1759 1441 Henricum
1790 1398 2070 1441 Latzembok

300 1469 552 1522 intimasse,
589 1469 789 1523 qualiter
824 1482 909 1523 pro
943 1469 1238 1512 confutandis
1273 1470 1513 1512 erroribus
1549 1470 1958 1523 Gregorianorum,
1993 1469 2070 1523 qui

299 1540 345 1581 in
376 1544 502 1583 terra
532 1540 619 1583 ista
649 1541 825 1594 passim
856 1541 1003 1582 eciam
1032 1540 1153 1582 circa
1183 1553 1412 1594 personas
1443 1540 1554 1583 satis
1585 1540 1732 1584 fortes
1760 1539 2070 1594 pullulabant,

299 1612 436 1654 huius
464 1612 531 1653 rei
557 1611 710 1664 gracia
737 1625 821 1654 nos
849 1612 1080 1654 civitatem
1109 1611 1437 1654 Coloniensem
1466 1611 1803 1664 introissemus,
1829 1615 1878 1654 ut
1904 1611 2072 1653 errori-

300 1683 386 1725 bus
441 1683 705 1725 huiusmodi
764 1684 890 1725 iuxta
944 1683 1188 1724 consilium
1246 1683 1506 1736 sapientum
1563 1682 1822 1724 emendatis
1877 1686 1923 1725 et
1976 1695 2073 1724 cor-

300 1754 437 1797 rectis
464 1754 636 1797 veritas
664 1754 977 1797 eluscesceret
1004 1755 1143 1797 etiam
1172 1755 1219 1796 in
1247 1754 1464 1797 cordibus
1494 1753 1816 1796 malivolorum
1843 1756 1888 1796 et
1915 1753 2072 1796 obedi-

300 1826 431 1868 encia
455 1826 633 1879 integra
657 1839 690 1867 S.
714 1839 752 1867 v,
776 1826 910 1867 illesa
933 1829 1303 1867 conservaretur.
1327 1825 1442 1876 Quid
1466 1838 1576 1867 vero
1598 1825 1643 1866 in
1664 1825 1749 1866 hac
1771 1825 1966 1867 materia
1988 1837 2073 1878 per

302 1910 385 1939 nos
407 1900 555 1938 actum
577 1900 621 1938 et
641 1900 821 1950 gestum
843 1897 987 1938 fuerit
1005 1897 1063 1939 ad
1084 1898 1226 1939 robur
1248 1911 1281 1939 s.
1303 1911 1343 1938 v.
1365 1897 1542 1950 pariter
1563 1900 1609 1938 et
1627 1896 1867 1949 honorem,
1889 1895 1946 1937 de
1968 1895 2072 1938 aliis

302 1968 488 2020 quidem
513 1968 864 2010 occurrentibus
890 1968 1066 2021 pariter
1092 1971 1136 2009 et
1162 1967 1547 2010 ambassiatorum
1575 1967 1777 2009 adventu
1801 1970 1848 2009 et
1871 1967 2072 2009 existen-

302 2040 420 2080 cium
443 2038 499 2080 de
520 2051 667 2092 prope
689 2038 950 2092 principum
972 2039 1279 2091 plurimorum
1301 2042 1346 2080 et
1366 2038 1503 2080 etiam
1526 2038 1584 2080 de
1601 2037 1948 2080 continuatione
1969 2050 2073 2091 pro-

299 2110 556 2162 gressionis
593 2113 750 2151 nostre
790 2122 954 2152 versus
992 2110 1313 2151 Constanciam
1354 2109 1640 2151 venerabilis
1676 2108 1891 2151 Andreas
1929 2108 2073 2150 archi-

301 2180 548 2234 episcopus
587 2180 868 2234 Colocensis,
904 2181 1126 2234 princeps
1163 2183 1207 2222 et
1245 2180 1539 2222 consiliarius
1577 2183 1736 2222 noster
1774 2179 1982 2232 devotus,
2019 2178 2073 2221 fi-

303 2251 437 2305 delis,
461 2251 670 2305 dilectus,
692 2251 751 2294 ad
772 2251 918 2305 pedes
942 2264 976 2293 s.
1000 2251 1210 2293 eiusdem
1235 2252 1445 2293 illorsum
1472 2251 1761 2304 regrediens,
1783 2251 1861 2304 qui
1884 2251 2072 2304 palpata

301 2321 542 2365 evidencia
574 2325 735 2364 cuncta
763 2322 1006 2375 prospexit
1038 2325 1082 2364 et
1113 2322 1171 2364 de
1204 2321 1459 2364 intentione
1491 2324 1650 2364 nostra
1681 2320 1976 2364 sufficienter
2006 2321 2073 2363 in-

303 2397 516 2446 structus,
543 2407 577 2436 s.
607 2393 759 2435 eidem
787 2393 975 2435 debebit
1002 2394 1148 2435 nostri
1176 2396 1308 2446 parte
1338 2405 1512 2445 organo
1540 2393 1642 2434 vive
1671 2392 1796 2435 vocis
1824 2391 1969 2435 lacius
1996 2404 2073 2434 ex-

302 2465 492 2517 plicare.
535 2464 618 2506 Cui
647 2464 863 2517 dignetur
893 2478 926 2506 s.
957 2463 1121 2505 eadem
1151 2464 1196 2505 in
1228 2463 1494 2505 referendis
1524 2464 1669 2505 nostri
1700 2465 1831 2516 parte
1860 2463 1946 2505 hac
1973 2462 2072 2505 vice

304 2535 415 2578 dare
440 2535 586 2577 fidem
612 2534 912 2577 credulitatis.
952 2535 1205 2577 Personam
1232 2548 1266 2576 s.
1294 2548 1332 2576 v.
1360 2546 1639 2576 conservare
1666 2533 1882 2587 dignetur
1906 2532 2074 2576 altissi-

303 2619 403 2648 mus
424 2619 524 2648 cum
547 2606 725 2647 dierum
748 2605 969 2647 felicitate
992 2606 1187 2658 longeva
1208 2605 1421 2658 regimini
1443 2606 1640 2647 ecclesie
1663 2618 1746 2647 sue
1767 2608 1937 2647 sancte.
1973 2604 2071 2646 Dat.

304 2676 496 2719 Colonie
524 2677 664 2719 XXV.
693 2677 768 2719 die
798 2676 1086 2728 Novembris,
1115 2688 1362 2729 regnorum
1392 2678 1656 2717 nostrorum
1685 2688 1808 2718 anno
1835 2675 2072 2728 Hungarie

303 2752 384 2790 etc.
431 2748 661 2801 XXVIII.,
695 2748 900 2789 Romane
934 2747 1176 2788 electionis
1208 2746 1381 2799 quinto,
1414 2747 1732 2789 coronacionis
1766 2758 1876 2788 vero
1909 2746 2072 2798 primo.

305 2819 347 2861 S.
385 2833 424 2861 v.
463 2819 658 2862 devotus
696 2818 825 2862 filius
862 2818 1185 2872 Sigismundus
1226 2852 1233 2859 .
1270 2852 1277 2859 .
1314 2852 1321 2859 .
1363 2818 1602 2859 beatorum
1642 2852 1649 2860 .
1699 2817 1770 2859 Ad
1807 2816 2072 2858 mandatum

305 2890 477 2932 domini
513 2890 637 2943 regis
671 2890 911 2932 Johannes
945 2901 1077 2942 prep.
1113 2889 1170 2930 de
1205 2888 1436 2941 Strigonio
1470 2888 1895 2930 vicecancellarius.

422 2960 687 3014 Sequuntur
725 2960 923 3013 quedam
963 2960 1281 3002 advisamenta
1320 2959 1607 3012 pertinencia
1645 2959 1703 3001 ad
1742 2960 1908 3002 statum
1946 2969 2073 3000 sanc-

304 3031 469 3074 tissimi
498 3031 672 3073 domini
699 3031 844 3074 nostri
871 3042 1006 3085 pape.
