2227 3434
536 186 574 221 B.
616 187 694 222 Der
718 187 818 222 liber
842 190 1034 232 gestorum
1062 188 1130 222 des
1157 187 1399 223 Cerretanus.
1767 192 1848 234 341

85 315 195 347 sens
221 303 474 346 dimitteret
497 304 820 356 imperfectum
847 317 1066 348 asserens
1092 309 1138 347 et
1163 306 1437 358 decernens,
1464 306 1600 359 quod,
1627 308 1664 349 si
1691 306 1850 350 forsan

84 374 228 427 aliqui
260 377 363 428 post
394 374 568 416 obitum
601 375 748 427 ipsius
779 376 1077 418 consulerent
1109 380 1185 418 aut
1216 377 1469 418 suaderent
1501 376 1604 419 filio
1636 391 1719 420 suo
1750 391 1852 420 con·

85 444 278 486 trarium
315 449 362 487 et
397 444 670 487 inducerent
708 458 813 487 eum
852 446 909 488 ad
948 447 1266 488 desistendum
1305 461 1331 489 a
1368 447 1605 501 proposito
1643 451 1852 501 paterno,

85 514 307 558 censebat
327 516 446 558 tales
469 528 561 558 non
584 528 691 558 esse
716 515 888 559 fideles
913 520 960 558 ut
984 518 1276 560 consiliarios
1301 517 1390 560 filii
1415 519 1500 570 sui,
1526 518 1609 560 sed
1632 518 1854 561 infideles

85 584 237 637 potius
268 588 313 628 et
343 585 433 628 filii
466 585 752 639 deceptores.
798 586 913 628 Hinc
944 590 1028 640 est,
1061 588 1181 640 quod
1214 588 1426 641 prefatus
1458 602 1542 631 rex
1574 588 1716 643 filius,
1748 589 1854 632 licet

86 655 268 699 iuvenis
302 659 349 699 et
381 656 669 709 adolescens,
704 670 788 710 pro
824 657 909 699 Dei
945 658 1177 700 sacrificio
1210 662 1254 700 et
1289 672 1373 712 pro
1407 660 1604 702 ecclesie
1642 660 1854 703 subleva-

84 725 209 769 tione
239 760 248 769 .
283 761 292 769 .
328 761 336 769 .
366 731 411 770 et
438 740 524 781 pro
552 728 760 781 precepti
791 728 1116 771 observatione
1146 731 1328 782 paterni
1359 730 1446 771 huc
1476 743 1623 784 usque
1653 743 1739 784 per
1768 731 1854 773 Dei

85 797 279 851 gratiam
316 801 361 840 et
397 798 443 840 in
482 798 795 841 subtractione
833 799 1098 841 obedientie
1137 803 1182 841 et
1221 801 1266 841 in
1303 803 1396 842 toto
1433 801 1670 854 proposito
1708 803 1853 845 sancti

87 867 231 920 patris
255 869 326 911 sui
350 870 671 922 perseveravit
695 873 960 912 constanter
983 870 1164 923 eligens
1186 871 1339 924 potius
1363 874 1408 913 et
1430 884 1630 924 persone
1655 874 1700 914 et
1722 873 1855 927 regni

85 938 382 992 dispendium
411 939 657 993 sustinere,
687 953 824 993 quam
853 940 1102 983 desisteret
1129 941 1186 983 ab
1215 941 1410 995 inceptis
1440 945 1484 984 et
1512 955 1538 985 a
1567 945 1724 986 sancto
1749 955 1855 998 pro-

85 1009 235 1062 posito
260 1013 470 1063 paterno.
514 1010 691 1063 Mirum,
718 1011 921 1064 inquam,
948 1012 1182 1064 negotium
1208 1015 1255 1054 et
1282 1013 1576 1066 stupendum,
1604 1013 1727 1067 quod
1752 1026 1857 1067 pre-

86 1080 209 1123 fatus
235 1093 320 1123 rex
346 1080 592 1123 defunctus
620 1081 802 1124 iuvenis
828 1082 875 1124 in
901 1085 1022 1124 etate
1049 1082 1218 1124 XXXV
1244 1095 1471 1125 annorum
1498 1084 1571 1125 vel
1599 1084 1706 1126 inde
1734 1085 1854 1126 circa

85 1152 358 1194 constitutus
385 1153 583 1205 negotiis
610 1153 946 1205 temporalibus
972 1157 1016 1194 et
1043 1153 1256 1206 regimini
1285 1167 1533 1207 regnorum
1561 1168 1749 1197 suorum
1776 1155 1855 1197 im·

85 1221 270 1275 plicitus
302 1225 348 1264 et
380 1226 641 1278 occupatus,
676 1224 845 1276 spretis
879 1224 972 1266 vita
1006 1237 1088 1266 sua
1122 1228 1168 1267 et
1201 1237 1344 1278 regno
1376 1226 1638 1278 temporali,
1671 1229 1719 1268 ut
1752 1239 1855 1279 pre-

86 1293 204 1346 misi,
230 1296 277 1335 et
303 1295 427 1335 omni
453 1293 676 1336 felicitate
704 1295 938 1337 mundana
964 1295 1012 1336 in
1040 1299 1272 1337 momento
1299 1308 1348 1338 se
1377 1297 1657 1338 converterit
1685 1297 1743 1338 ad
1772 1296 1856 1338 Dei

86 1366 132 1405 et
151 1364 347 1407 ecclesie
369 1364 659 1418 obsequium.
695 1365 811 1407 Mira
833 1366 972 1408 etiam
994 1378 1070 1408 res
1093 1369 1137 1408 et
1159 1366 1402 1419 stupenda,
1425 1367 1548 1419 quod
1570 1379 1655 1409 rex
1677 1367 1856 1410 moder-

85 1446 173 1477 nus
206 1435 480 1478 iuvenculus
514 1438 558 1478 et
590 1436 865 1479 adolescens
900 1437 1122 1490 inexpers
1154 1437 1444 1490 negotiorum
1477 1441 1523 1479 et
1554 1441 1676 1480 etate
1708 1439 1856 1480 varia-

84 1504 192 1549 bilis
218 1509 264 1548 et
291 1506 572 1559 inconstans,
601 1506 730 1550 cuius
758 1507 845 1559 via,
876 1508 1001 1549 iuxta
1028 1507 1288 1550 Salomonis
1316 1508 1552 1561 eloquium
1579 1508 1765 1562 penitus
1793 1509 1855 1562 ig-

86 1579 291 1630 noratur,
313 1577 374 1619 ita
396 1577 568 1619 ardens
590 1581 637 1620 et
659 1581 875 1621 constans
899 1578 1041 1620 fuerit
1063 1582 1109 1620 et
1131 1579 1176 1620 in
1200 1579 1580 1632 temptationibus
1603 1579 1854 1633 perfectus,

85 1647 208 1700 quod
229 1650 275 1690 et
295 1660 497 1701 persone
522 1661 604 1691 sue
626 1653 672 1691 et
692 1650 824 1702 regni
849 1649 1147 1702 dispendium
1171 1650 1404 1692 sustinere
1427 1650 1582 1703 elegit,
1605 1653 1853 1704 antequam

85 1717 335 1762 desisteret
357 1719 415 1762 ab
441 1719 650 1773 inceptis.
692 1719 805 1762 Mira
831 1720 996 1762 iterum
1022 1724 1066 1762 et
1092 1721 1322 1774 stupenda
1346 1733 1437 1773 res,
1463 1721 1587 1774 quod
1611 1720 1855 1763 serenissi-

85 1801 158 1832 ma
182 1789 368 1833 domina
393 1790 555 1844 regina
579 1790 750 1844 prefati
777 1792 921 1833 sancti
949 1791 1072 1844 regis
1098 1791 1303 1833 defuncti
1331 1791 1491 1833 relicta
1518 1792 1735 1845 regisque
1763 1805 1854 1834 mo-

84 1859 218 1902 derni
242 1863 389 1902 mater
409 1864 568 1903 contra
590 1865 802 1904 naturam
827 1862 1119 1914 muliebrem,
1143 1875 1232 1915 que
1258 1863 1496 1905 levissima
1518 1866 1564 1904 et
1587 1863 1854 1905 inconstans

85 1942 190 1973 esse
216 1932 348 1984 solet,
375 1932 525 1985 (iuxta
549 1945 583 1974 c.
610 1932 741 1975 forus
768 1933 968 1985 Extrav.,
994 1933 1051 1974 de
1077 1933 1260 1975 verbor.
1289 1933 1648 1986 significatione,
1671 1933 1752 1975 ubi
1776 1946 1855 1975 no-

84 2003 264 2056 tatur:¹)
302 2002 420 2054 Quid
444 2003 593 2046 levius
616 2003 758 2056 fumo,
781 2004 969 2055 flamen3
995 2004 1106 2056 quid
1129 2003 1336 2056 flamine,
1361 2007 1544 2055 ventus;
1570 2004 1681 2057 quid
1703 2007 1854 2055 vento,

86 2072 270 2126 mulier;
305 2073 416 2126 quid
449 2073 659 2127 muliere,
693 2074 858 2128 nichil)
897 2075 956 2116 ita
991 2077 1207 2117 constans
1239 2074 1341 2127 fuit,
1377 2075 1607 2117 insteterit
1638 2077 1684 2117 et
1716 2075 1854 2117 instet

84 2147 130 2186 et
155 2144 320 2187 suadet
346 2143 448 2187 filio
478 2158 574 2198 suo,
603 2145 725 2198 quod
753 2148 1027 2198 perseveret
1055 2145 1100 2187 in
1129 2146 1368 2199 proposito
1396 2148 1592 2199 paterno
1619 2158 1766 2199 usque
1796 2146 1853 2188 ad

85 2212 230 2256 finem
258 2248 266 2257 .
302 2248 310 2256 .
346 2249 354 2257 .
393 2215 527 2258 Unde
553 2228 801 2269 possumus
827 2216 997 2269 dicere,
1024 2216 1147 2269 quod
1173 2229 1199 2258 a
1225 2217 1412 2259 domino
1438 2216 1609 2259 factum
1636 2219 1707 2259 est
1732 2216 1853 2259 istud

86 2288 132 2327 et
169 2290 241 2329 est
280 2286 494 2328 mirabile
537 2287 582 2328 in
624 2287 770 2329 oculis
808 2288 981 2329 nostris
1026 2288 1217 2341 (Psalm.
1267 2286 1386 2340 [117,
1426 2287 1548 2342 23]).
1603 2287 1854 2330 Possumus

84 2357 209 2398 enim
233 2356 404 2410 dicere,
428 2358 550 2410 quod
573 2371 651 2399 cor
675 2359 867 2400 istorum
892 2358 1182 2400 dominorum
1206 2371 1367 2412 regum
1390 2360 1436 2400 et
1458 2358 1618 2411 regine
1644 2357 1690 2399 in
1714 2371 1852 2400 manu

87 2426 173 2469 Dei
196 2431 302 2470 sunt
328 2428 454 2471 iuxta
481 2428 615 2470 illud:
657 2441 734 2470 cor
760 2429 884 2482 regis
910 2429 956 2470 in
984 2441 1123 2471 manu
1150 2429 1234 2470 Dei
1262 2432 1346 2481 est,
1372 2433 1417 2471 et
1442 2428 1521 2471 ubi
1547 2429 1760 2481 voluerit,
1789 2429 1853 2470 in-

84 2497 225 2540 clinat
246 2499 377 2552 illud,
401 2502 448 2541 ut
468 2500 759 2553 preallegata
780 2500 979 2553 epistola
1003 2501 1124 2542 inter
1144 2500 1295 2542 claras
1317 2503 1363 2542 et
1383 2500 1523 2542 etiam
1546 2500 1669 2553 quod
1690 2512 1854 2541 manus

85 2567 260 2611 domini
283 2581 437 2612 secum
462 2573 564 2612 erat
586 2570 855 2613 confortans
881 2570 1160 2623 (Ezechielis
1184 2571 1230 2611 in
1254 2583 1289 2612 c.
1321 2569 1383 2623 [3‚
1409 2569 1529 2625 14]).
1567 2570 1622 2612 Et
1645 2571 1754 2623 quia
1775 2583 1853 2612 ex-

86 2638 214 2692 pedit
236 2639 294 2683 de
318 2643 561 2694 prenotata
585 2641 800 2683 tarditate
825 2642 1048 2694 temporis
1075 2641 1230 2694 aliqua
1256 2641 1382 2683 iuxta
1408 2641 1650 2683 veritatem
1675 2639 1782 2682 facti
1809 2643 1853 2681 et

86 2707 200 2753 iuris
224 2721 478 2764 opponere,
503 2714 552 2753 ut
578 2711 791 2754 videatur
817 2711 1064 2765 diligencia
1091 2715 1137 2754 et
1162 2712 1363 2754 maxima
1392 2711 1654 2753 sollicitudo
1680 2710 1849 2764 prefati

87 2780 374 2824 serenissimi
400 2782 524 2835 regis
547 2782 693 2825 nostri
717 2785 762 2825 et
786 2783 908 2836 quod
932 2782 1085 2824 eidem
1110 2795 1238 2824 mora
1263 2783 1336 2824 vel
1362 2782 1498 2835 culpa
1523 2782 1678 2834 aliqua
1701 2784 1852 2834 potest

88 2850 274 2894 minime
297 2852 530 2906 imputari,
551 2853 636 2895 sed
657 2853 713 2895 de
737 2854 938 2896 maxima
961 2852 1273 2896 sollicitudine
1296 2851 1624 2903 commendari,
1648 2851 1852 2894 recitabo

87 2919 364 2965 brevissime
391 2922 577 2976 factum,
607 2926 743 2977 prout
774 2924 907 2966 iacet:
951 2923 1023 2975 Ut,
1053 2936 1174 2974 ecce,
1204 2922 1486 2976 presentatis
1518 2922 1666 2964 literis
1694 2934 1852 2963 evoca-

162 3006 236 3068 mJ)
266 3006 519 3071 1-1.*21“O.(V.
547 3029 603 3064 40.
636 3029 696 3072 10)
725 3029 824 3062 steht
857 3038 927 3062 nur
957 3028 1101 3061 carium
1132 3029 1167 3061 el
1199 3026 1381 3061 mutabile
1411 3026 1671 3060 testimonium
1700 3033 1852 3067 semper

87 3081 231 3125 femina
261 3085 444 3128 producit.
