2227 3434
568 209 607 243 Β.
645 208 891 243 Avisamente
917 209 986 243 der
1010 208 1326 243 Reformatorien.
1745 210 1830 252 697

66 326 156 368 nisi
188 337 381 371 obviatum
414 337 591 372 celeriter
622 338 749 379 fuerit,
780 339 882 381 quid,
913 327 1098 369 domine
1126 338 1241 379 Deus,
1273 337 1464 380 reliquum
1496 340 1564 379 est,
1594 337 1670 371 nisi
1700 341 1739 372 ut
1769 338 1833 371 ab·

65 397 187 440 ductis
221 397 400 440 plebibus
433 397 481 430 ab
516 397 706 439 episcopis
739 399 772 430 et
809 397 949 431 curatis
985 396 1058 439 ipsi
1092 396 1229 439 prelati
1265 399 1299 430 et
1335 396 1453 429 curati
1490 396 1594 437 nudi,
1629 396 1763 438 inopes
1797 399 1830 429 et

63 455 201 490 abiecti
225 455 297 489 sub
322 455 404 488 istis
428 455 622 495 fratribus,
649 456 812 498 quodam
838 454 992 503 nomine
1018 454 1335 495 inendicaniibus,
1360 455 1425 488 sed
1453 464 1493 488 re
1518 454 1601 497 ipsa
1625 454 1832 496 honoratis,

63 524 256 567 opulentis
285 527 319 559 et
350 524 511 558 elevatis
541 526 591 555 ac
622 534 689 566 pro
719 524 878 558 arbitrio
909 527 1040 558 cuncta
1071 524 1313 558 volventibus
1344 524 1522 558 miseram
1553 527 1665 567 agant
1696 523 1829 557 vitam!

62 594 255 637 Superest,
277 596 315 628 ut
341 594 473 636 fertur,
497 594 553 628 rei
576 593 691 628 huius
715 594 822 628 testis
848 594 991 635 Ytalia3
1016 594 1217 637 prohibeat
1239 586 1391 624 autem
1416 593 1609 627 deteriora
1634 593 1737 627 Deus
1760 602 1828 626 nec

63 652 102 686 in
138 662 322 687 novarum
360 655 548 687 sectarum
587 652 921 695 excogitacionem,
959 655 997 686 ut
1036 653 1126 686 olim
1166 654 1224 694 ,de
1262 652 1462 696 evangelio
1500 652 1644 685 eterno‘
1683 653 1830 685 corruat

62 724 167 757 cetus
191 722 334 766 aliquis
360 721 601 756 Christianus
630 712 753 765 etc-²¹)

182 782 423 824 Postremo
448 782 803 824 animadvertite
829 781 1015 834 fratres,
1039 781 1215 823 domini
1241 786 1286 825 et
1311 782 1521 824 doctores
1548 781 1835 835 peritissimi,

64 865 145 894 cur
179 852 352 894 dudum
387 852 648 906 coepiscopi
684 853 839 894 abrasi
875 856 981 894 sunt
1012 853 1072 894 ab
1107 853 1319 905 ecclesia,
1353 853 1444 894 nisi
1479 853 1601 905 quod
1637 853 1834 894 alterum

65 923 279 965 ordinem
319 936 344 965 a
381 923 580 976 prelati-s
616 923 872 965 *maioribus
913 927 958 965 et
998 924 1258 966 minoribus
1298 923 1472 965 addere
1513 928 1558 966 61
1597 936 1682 976 per
1724 924 1835 965 acci-

65 993 270 1036 dentalia
311 994 510 1047 quedam
553 994 713 1036 officia
752 994 1086 1036 essentialibus
1130 994 1300 1036 Christi
1343 994 1564 1037 institutis
1606 994 1833 1047 derogare

63 1064 355 1108 Videbantur.
400 1075 680 1110 Concludentes
707 1086 797 1119 ergo
826 1075 988 1110 dicimus
1018 1078 1174 1119 propter
1203 1075 1272 1110 hec
1301 1078 1335 1111 61
1365 1075 1454 1118 3113,
1483 1086 1557 1119 que
1586 1075 1773 1109 brevitate
1802 1077 1836 1109 et

63 1146 249 1181 modestie
277 1147 475 1181 studentes
503 1146 746 1189 preterimus,
777 1147 866 1190 quia
895 1157 963 1180 nec
992 1148 1038 1181 ad
1069 1146 1219 1190 singula
1254 1148 1340 1188 pro
1364 1135 1573 1188 presenti
1601 1146 1836 1180 descendere

62 1206 299 1248 propositum
329 1208 398 1248 est,
428 1206 526 1249 quod
556 1205 727 1248 predicta
754 1205 860 1239 bulla
889 1205 1013 1248 primo
1042 1208 1236 1248 tamquam
1265 1205 1533 1247 intolerabilis,
1562 1204 1704 1239 deinde
1732 1204 1832 1237 velut

64 1276 183 1311 tocius
225 1279 345 1310 status
388 1276 635 1311 ecclesiastici
677 1269 723 1308 61
766 1265 943 1308 ordinis
987 1265 1230 1307 ierarchici
1275 1276 1467 1310 turbativa
1514 1264 1749 1306 censenda
1793 1266 1837 1305 61

62 1347 284 1382 abradenda
322 1339 459 1388 atque
494 1336 756 1378 revocanda
791 1349 892 1377 011111
925 1336 1193 1378 adieccione
1230 1335 1493 1377 debitarum
1526 1347 1755 1388 penarum
1791 1335 1837 1376 in

63 1418 159 1459 eos,
185 1407 264 1459 qui
290 1405 451 1449 forsan
477 1407 766 1459 inposterum
792 1406 872 1449 illa
896 1419 948 1448 se
971 1406 1135 1448 iuvare
1162 1411 1207 1449 et
1233 1406 1358 1448 abuti
1382 1409 1725 1459 presumerent.

181 1488 370 1523 Addimus
406 1477 616 1525 finaliter
654 1478 822 1519 eodem
863 1478 977 1530 zelo,
1019 1490 1110 1530 quo
1149 1490 1293 1531 supra
1332 1478 1507 1530 moniti,
1546 1477 1670 1530 quod
1711 1477 1832 1518 inter

65 1551 234 1601 cetera,
276 1548 444 1602 quibus
482 1552 643 1591 sancto
684 1549 880 1591 ducente
920 1548 1089 1601 spiritu
1130 1561 1312 1590 sacrum
1352 1561 1554 1601 presens
1591 1549 1837 1590 concilium

63 1619 287 1672 generale
313 1619 565 1672 providere
596 1619 736 1662 debet
764 1623 809 1662 61
838 1622 1004 1673 potest,
1035 1619 1296 1661 ordinanda
1321 1623 1396 1662 est
1425 1622 1549 1661 certa
1581 1619 1762 1661 sbabilis
1793 1622 1837 1661 et

65 1701 231 1732 Secura
261 1690 480 1743 provisio,
521 1703 621 1745 quod
648 1704 798 1736 maneat
826 1702 1113 1745 inperturbatus
1138 1703 1230 1736 ordo
1256 1701 1489 1736 ierarchicus
1512 1703 1546 1735 et
1570 1690 1684 1732 Ordo
1709 1710 1838 1734 essen-

68 1771 170 1806 tialis
202 1772 363 1806 ecclesie
393 1761 718 1814 episcoporum
751 1775 786 1807 et
820 1775 1048 1814 curatorum,
1083 1783 1243 1816 quorum
1278 1782 1378 1815 papa
1410 1771 1609 1815 potissime
1643 1770 1835 1811 defensor,

68 1840 143 1865 non
166 1831 380 1873 destitutor,
403 1841 488 1866 esse
511 1832 638 1873 debet,
661 1842 709 1866 ne
732 1831 997 1865 subintroeant
1022 1831 1173 1865 vineam
1198 1830 1427 1865 dominicam
1452 1829 1655 1872 vulpecule
1679 1829 1839 1872 parvule

67 1900 322 1935 demolientes
346 1902 467 1943 ean11)
492 1891 577 1934 sub
599 1890 954 1944 privilegiorum
977 1891 1213 1932 variorum
1239 1891 1372 1943 quasi
1398 1889 1617 1931 foliorum
1641 1892 1686 1931 et
1710 1888 1836 1929 i’ove-

68 1973 199 2002 arum
229 1961 461 2003 velamine
490 1962 756 2014 tenebrOSO,
786 1983 834 2006 ne
864 1975 1041 2015 preterea
1071 1973 1195 2006 dicant
1226 1982 1267 2006 se
1296 1971 1418 2015 aliqui
1447 1970 1688 2005 coadiutores
1716 1969 1840 2012 prela-

0 2035 2 2094 ἰ
67 2044 188 2076 10111111
216 2045 252 2077 61
279 2043 610 2086 complantatores,
638 2053 678 2077 re
705 2045 833 2077 autem
863 2043 946 2085 ipsa
973 2043 1282 2085 supplantatores
1309 2041 1565 2082 inveniantur,
1591 2030 1836 2080 certantes,

67 2105 116 2144 ut
148 2103 243 2144 sint
278 2105 455 2145 tutores
493 2103 538 2144 in
576 2102 706 2144 vicio.
757 2103 812 2144 Et
847 2103 932 2144 hec
968 2101 1135 2154 omnia,
1174 2101 1559 2142 reverendissimi
1596 2102 1755 2152 patres
1794 2101 1839 2139 et

68 2172 240 2215 domini
274 2173 649 2226 prestantissimi,
685 2173 803 2216 dicta
840 2176 947 2215 sunt
981 2174 1068 2215 sub
1102 2175 1258 2214 vestra
1293 2174 1338 2213 et
1372 2171 1510 2213 totius
1545 2171 1684 2212 huius
1720 2169 1839 2211 sacri

66 2243 303 2296 generalis
331 2243 510 2286 concilii
541 2243 919 2286 Constanciensis
949 2242 1255 2296 correccione,
1284 2243 1354 2284 cui
1385 2255 1469 2285 nos
1497 2254 1582 2295 per
1611 2241 1765 2283 omnia
1793 2242 1840 2281 et

67 2313 188 2357 dicta
215 2317 374 2357 nostra
403 2315 728 2358 submittimus.

186 2385 412 2439 Denique,
450 2385 834 2428 reverendissimi
868 2388 1042 2438 patres,
1080 2388 1130 2426 ut
1166 2384 1297 2427 vobis
1334 2387 1379 2426 et
1415 2383 1630 2425 omnibus
1667 2381 1839 2424 clarius

68 2459 305 2510 appareat,
334 2456 444 2509 quid
466 2456 559 2498 sibi
589 2457 701 2498 velit
728 2456 856 2498 bulle
884 2456 993 2498 talis
1019 2456 1282 2508 impetratio
1307 2458 1354 2497 et
1382 2454 1505 2507 quod
1529 2453 1638 2495 dicti
1666 2453 1838 2494 fratres

68 2539 161 2569 non
184 2527 279 2570 sint
302 2528 504 2569 contenti
529 2528 742 2570 terminis
768 2527 878 2580 suis,
905 2527 988 2569 sed
1015 2539 1064 2568 se
1090 2526 1235 2568 velint
1260 2525 1307 2567 in
1334 2537 1494 2567 eorum
1521 2525 1670 2566 locum
1696 2523 1839 2565 intru-

68 2597 181 2639 dere
207 2598 354 2640 6013111
379 2601 612 2650 tamquam
640 2597 926 2651 principales
950 2600 998 2639 et
1023 2610 1115 2638 non
1143 2597 1232 2638 iam
1262 2596 1377 2653 sicut
1402 2595 1709 2647 coadiutores,
1736 2606 1839 2635 0011-

66 2668 321 2711 sideranda
350 2671 420 2711 est
449 2668 629 2710 occasio
659 2667 1004 2721 impetracionis
1036 2667 1196 2720 ipsius.
1239 2667 1413 2708 Verum
1444 2670 1515 2708 est
1544 2665 1684 2717 enim,
1715 2664 1837 2717 quod

70 2739 278 2782 Parisius
313 2751 436 2782 anno
469 2739 641 2781 domini
683 2739 741 2780 M⁰
778 2738 945 2781 CCCC⁰
982 2741 1141 2780 octavo
1176 2737 1363 2790 quidam
1398 2737 1546 2778 frater
1580 2736 1637 2777 de
1672 2735 1837 2777 ordine

73 2809 314 2863 Minorum‚
348 2810 615 2852 licenciatus
647 2810 694 2851 in
729 2809 975 2862 theologia,
1010 2809 1170 2850 forsan
1204 2821 1296 2850 non
1331 2808 1428 2850 suis
1462 2806 1608 2848 solius
1640 2819 1720 2847 016
1755 2805 1837 2847 sed

68 2880 373 2933 plurimorum
404 2881 600 2932 loquens
630 2892 840 2931 assensu,
870 2879 1096 2932 quasdam
1124 2879 1172 2919 in
1202 2878 1299 2921 suis
1328 2876 1556 2930 vesperiis
1586 2875 1837 2929 proposici-

69 2963 184 2994 ones
227 2951 395 3004 posuit,
439 2951 609 3003 quibus
654 2953 821 2992 statum
866 2950 1153 3002 prelatorum
1196 2953 1245 2992 et
1288 2951 1551 2990 curatorum
1596 2946 1836 2998 potissime

175 3067 205 3097 a)
227 3066 311 3093 Fehlt
330 3067 363 3093 15.

186 3116 218 3159 ¹)
244 3115 310 3149 Bet·
332 3114 489 3158 Denifle
511 3114 604 3158 folgsl
627 3113 714 3148 eine
734 3113 985 3155 Auslassunq.
