2227 3434
208 171 247 207 C.
287 172 366 206 Der
389 171 629 206 literarische
655 171 798 215 Kampf
823 182 885 206 uni
913 171 976 206 die
1002 171 1175 215 Stellung
1200 172 1270 205 des
1296 171 1455 214 Papstes
1481 181 1564 204 zum
1594 171 1739 205 Konzil.
1774 171 1858 213 715

64 320 67 322 »
93 289 209 332 illud
233 289 428 332 verbu-m
453 289 872 341 „racionabiliter“.
910 289 1039 338 Puto,
1065 289 1102 332 si
1126 301 1248 342 papa
1273 288 1590 342 illegitimatur
1614 301 1640 331 a
1667 301 1716 331 se
1743 287 1857 341 ipSO,

91 350 276 402 hoc'est
305 363 382 402 aut
410 372 496 412 per
527 359 825 412 sentenciam,
856 372 945 412 qua
977 360 1286 412 condempnat
1312 372 1364 402 se
1396 363 1441 401 et
1472 359 1641 401 iudicat
1672 371 1722 401 se
1752 371 1857 400 esse

91 429 449 483 illegitimatum;
483 433 531 472 et
564 430 647 472 hoc
681 442 788 481 non,
823 431 932 482 quia
964 428 1140 483 quanto
1171 442 1293 483 papa
1328 433 1411 482 est,
1446 430 1604 482 pocior
1638 432 1777 481 tanto,
1811 431 1859 470 ut

90 499 356 553 plurimum,
394 499 562 542 iudicat
598 512 648 542 se
684 500 830 553 magis
862 513 970 542 esse
1006 500 1259 553 legitimum
1295 503 1341 542 et
1374 500 1625 553 ydoneum3
1663 503 1740 542 aut
1774 499 1858 541 hoc

90 572 161 612 est
190 582 277 624 per
306 573 436 613 actus
465 569 733 623 illegitimos
765 570 1087 623 frequentatos
1119 574 1163 612 et
1195 583 1360 614 causas
1391 570 1635 624 legitimas,
1668 573 1859 623 propter

91 652 207 693 quas
230 653 353 694 papa
377 640 589 682 redditur
615 640 899 694 illegitimus,
925 642 1042 683 sicut
1066 644 1171 683 sunt
1196 653 1335 683 cause
1360 641 1578 694 superius
1601 644 1858 693 numerate,

91 710 267 753 scilicet
295 711 334 753 si
362 723 484 764 papa
513 711 571 753 sit
599 711 935 753 scandalizator
962 711 1174 764 ecclesie,
1205 711 1384 753 notorie
1414 711 1691 754 criminosus
1718 715 1764 752 et
1795 711 1859 752 in-

91 781 388 835 corrigibilis3
414 785 534 834 tunc,
558 794 660 824 cum
686 782 774 824 ista
798 794 891 824 non
917 783 1183 835 contingant
1208 781 1382 824 homini
1409 782 1562 824 subito
1587 785 1658 824 set
1682 794 1859 823 succes-

90 852 189 894 sive
211 855 256 895 et
274 864 368 894 non
389 865 448 894 ex
468 865 563 894 uno
581 855 684 895 actu
705 855 776 895 set
795 865 854 894 ex
874 853 1104 906 pluribus,
1127 865 1314 906 semper
1334 852 1423 894 erit
1444 853 1684 905 incertum,
1706 856 1859 894 utrum

90 934 213 976 papa
235 922 293 965 sit
314 922 630 976 illegitimatus
650 926 698 965 et
720 923 907 976 quando
928 923 1119 976 incipiat
1140 935 1246 966 esse
1269 923 1600 976 illegitimatus,
1623 923 1715 965 nisi
1738 926 1859 976 post-

90 1005 229 1046 quam
261 992 404 1036 fuerit
436 1006 522 1047 per
552 993 799 1036 ecclesiam
833 994 942 1036 talis
974 993 1216 1036 iudicatus.
1266 993 1387 1047 Ergo
1420 993 1618 1035 ecclesia
1652 997 1735 1046 est,
1770 1006 1859 1046 que

91 1063 352 1117 illegitimat
374 1076 558 1117 papam,
583 1077 677 1106 non
703 1064 804 1118 ipse
831 1077 900 1115 se;
927 1077 1013 1106 nec
1039 1064 1231 1116 sufficit,
1257 1064 1381 1117 quod
1405 1077 1492 1118 per
1516 1076 1676 1106 omnes
1703 1063 1861 1106 creda-

89 1137 165 1176 tur
188 1146 294 1177 esse
318 1135 426 1178 talis
450 1138 498 1177 et
522 1138 770 1188 antequam
792 1135 993 1177 ecclesia
1018 1136 1115 1177 sive
1143 1134 1385 1177 concilium
1408 1134 1595 1187 iudicet,
1622 1134 1729 1187 quia
1753 1134 1859 1176 talis

90 1205 343 1248 credulitas
365 1205 463 1248 sive
483 1206 576 1248 tale
602 1205 818 1247 iudicium
840 1210 911 1249 est
933 1205 1237 1259 singulorum,
1259 1218 1353 1247 non
1376 1205 1712 1257 univers-itatis3
1736 1205 1859 1258 quod

90 1279 162 1318 est
191 1276 469 1329 plerumque
503 1275 651 1318 fallax
682 1281 730 1320 et
760 1289 852 1318 non
885 1277 1027 1318 habet
1059 1277 1390 1318 auctoritatem.
1437 1276 1565 1329 Puto,
1599 1276 1722 1329 quod
1755 1277 1859 1329 quis

90 1346 147 1389 sit
167 1346 401 1390 hereticus
423 1350 500 1390 aut
522 1347 859 1390 scandalizator
877 1347 1075 1389 ecclesie
1098 1348 1173 1389 vel
1195 1347 1375 1389 notorie
1398 1347 1687 1399 criminosus,
1709 1350 1861 1400 potest

89 1419 301 1459 constare
329 1417 570 1460 evi-dencia
597 1417 719 1472 facti,
748 1418 873 1471 quod
900 1430 1012 1460 vero
1039 1418 1143 1471 quis
1172 1417 1230 1461 sit
1254 1417 1603 1471 incorrigibilis,
1631 1417 1861 1470 quomodo

89 1490 241 1541 potest
273 1492 485 1531 constare
520 1489 595 1530 vel
631 1488 861 1541 quomodo
893 1492 1046 1542 potest
1079 1501 1184 1531 esse
1219 1489 1265 1530 in
1300 1488 1435 1541 facto,
1470 1488 1691 1542 quamdiu
1723 1488 1860 1530 homo

90 1558 242 1613 vivit⁰)
279 1593 288 1602 .
323 1592 332 1602 .
367 1592 376 1601 .
421 1559 478 1602 Et
510 1559 548 1602 si
582 1558 773 1613 dicatur,
807 1557 1034 1613 quandoh)
1072 1560 1274 1603 monitus
1307 1572 1359 1601 se
1390 1572 1485 1602 non
1519 1560 1720 1612 corrigit,
1753 1562 1859 1601 tunc

88 1628 288 1672 habetur
316 1642 402 1683 pro
429 1629 752 1683 incorrigIbssi,
780 1633 972 1683 constat,
1001 1630 1125 1683 quo-d
1154 1630 1281 1672 aliud
1307 1633 1379 1673 est
1408 1642 1513 1673 esse
1545 1664 1553 1672 .
1589 1664 1597 1672 .
1633 1664 1641 1672 .
1670 1629 1861 1671 incorri-

88 1699 232 1754 gibile
265 1704 314 1743 et
350 1700 477 1742 aliud
513 1701 679 1742 haberi
716 1713 804 1754 pro
840 1701 1201 1755 incorrigibilis)
1254 1700 1301 1743 Si
1339 1701 1539 1743 monicio
1575 1700 1685 1743 facit
1722 1713 1858 1754 quem

89 1771 469 1825 incorrigibilem,
510 1772 734 1825 sequitur,
775 1772 898 1825 quod
936 1772 1107 1814 factum
1147 1771 1351 1814 alienum
1393 1775 1439 1814 et
1476 1771 1648 1814 factum
1687 1771 1859 1814 extrin-

89 1854 244 1884 secum
277 1854 370 1885 non
402 1841 655 1885 intrinseca
687 1842 937 1895 disposicio
970 1843 1069 1885 sola
1101 1842 1212 1884 facit
1244 1842 1621 1896 incorrigibilem.
1667 1842 1715 1885 Si
1748 1854 1860 1883 vero

88 1912 287 1956 monicio
315 1925 409 1955 non
439 1912 549 1956 facit
579 1912 943 1966 incorrigibilem
975 1916 1047 1956 set
1074 1913 1186 1955 facit
1214 1913 1390 1955 habere
1422 1926 1507 1966 pro
1539 1912 1858 1966 incorrigibili,

87 1986 195 2026 tunc
229 1987 307 2026 aut
341 1985 540 2026 monicio
572 1997 658 2037 per
693 1996 1014 2037 quemcunque
1052 1983 1172 2026 facta
1207 1988 1429 2037 operatur
1464 1985 1600 2026 istum
1636 1983 1858 2026 effectum

89 2057 166 2097 aut
188 2055 338 2098 solum
360 2054 557 2097 monicio
580 2055 744 2098 iudicis
766 2054 1037 2108 superioris.
1073 2054 1119 2097 Si
1142 2055 1292 2108 primo
1316 2054 1464 2107 modo,
1489 2055 1713 2107 sequitur,
1737 2054 1859 2107 quod

90 2125 287 2178 quilibet
327 2138 421 2168 non
465 2125 614 2168 solum
659 2125 876 2168 minimus
921 2129 991 2168 set
1032 2126 1179 2167 eciam
1222 2125 1454 2178 pessimus
1497 2129 1569 2167 est
1611 2125 1858 2167 sufficiens

90 2195 385 2250 illegitimare
411 2209 580 2250 papam
605 2200 967 2249 perseveranter
994 2196 1115 2238 male
1142 2199 1414 2249 operantem
1441 2199 1486 2238 et
1509 2209 1602 2238 non
1628 2196 1730 2249 ipsa
1756 2209 1859 2249 per-

89 2267 330 2310 sever-acio
359 2267 458 2311 sola
488 2268 609 2309 male
642 2267 886 2320 operandi,·
921 2267 958 2309 si
990 2279 1103 2309 vero
1134 2267 1313 2319 iudicis,
1344 2270 1451 2309 tunc
1481 2267 1706 2319 sequitur,
1736 2266 1858 2319 quod

89 2337 199 2380 olim
223 2337 463 2381 Johannes
489 2350 582 2379 non
609 2338 757 2391 potuit
783 2338 953 2390 deponi
980 2341 1213 2390 tamquam
1240 2337 1584 2390 incorrigibilis,
1612 2337 1719 2390 quia
1745 2349 1859 2378 nun-

90 2420 227 2461 quam
251 2408 406 2451 fu'erat
428 2409 630 2452 monitus
652 2421 738 2462 per
761 2407 973 2450 iudicem.
1010 2408 1073 2450 Ac
1096 2421 1189 2450 non
1215 2407 1405 2460 sufficit,
1430 2408 1552 2460 quod
1577 2408 1679 2461 quis
1704 2420 1856 2449 coram

89 2478 240 2522 iudice
266 2479 502 2522 submittat
527 2492 576 2521 se
603 2479 850 2521 corectioni
876 2479 934 2521 ad
958 2479 1057 2531 hoc,
1084 2479 1206 2532 quod
1232 2491 1324 2520 non
1350 2481 1598 2521 censeatur
1624 2478 1858 2531 incorrigi-

35 2573 42 2579 -
89 2548 212 2603 bilis,
239 2550 356 2593 sicut
381 2549 536 2593 fuerat
561 2562 838 2602 persuasum
866 2549 975 2591 olim
1002 2549 1218 2602 ,lohanni‚
1247 2549 1383 2602 quod,
1413 2549 1450 2591 si
1478 2549 1653 2591 diceret
1682 2550 1727 2590 in
1756 2561 1858 2602 pre-

90 2619 248 2663 sencia
271 2620 466 2673 concilii,
490 2620 614 2673 quod
639 2625 739 2663 erat
764 2623 956 2673 paratus
979 2621 1145 2673 corrigi
1170 2623 1218 2662 et
1242 2633 1291 2662 se
1319 2620 1610 2663 submitteret
1636 2620 1737 2661 eius
1763 2632 1858 2660 cor-

89 2691 298 2743 rectioni,
329 2703 422 2734 non
452 2694 611 2744 posset
642 2691 812 2744 deponi
845 2694 1078 2744 tamquam
1111 2690 1453 2744 incorrigibilis.

208 2761 431 2804 Preterea
467 2761 552 2804 iste
588 2774 727 2803 cause
765 2761 1111 2815 illegitimantes
1147 2762 1220 2802 vel
1260 2765 1364 2803 sunt
1401 2760 1658 2802 introducte
1695 2773 1718 2804 a
1759 2760 1856 2801 iure

90 2830 248 2874 divino
281 2832 355 2874 vel
389 2844 415 2874 a
449 2832 550 2874 iure
584 2832 804 2883 humano;
841 2832 877 2873 si
912 2831 1072 2874 divino
1112 2830 1431 2886 [queritur]¹¹),
1468 2831 1544 2872 ubi
1578 2835 1623 2873 et
1658 2829 1855 2883 quando,

194 2938 224 2963 a)
247 2935 292 2960 ΙΙο
311 2934 394 2967 sola!
417 2933 582 2960 t'b’l'de‘b‘:
602 2941 674 2960 011111
695 2934 781 2960 inlu—m
802 2934 1018 2967 gravissimos
1039 2935 1233 2967 peccatores
1256 2935 1287 2959 ct
1312 2933 1460 2959 hominus
1482 2933 1584 2959 veiam
1607 2932 1857 2965 ‹lc-speratos...

91 2980 227 3014 (Lacke)
249 2982 282 3007 et
295 2980 433 3014 corrigi;
452 2981 654 3013 81'52715101111‘1‘33
674 2981 788 3007 Minuta
809 2988 840 3007 νε
860 2981 980 3007 lwissrn
994 2989 1003 3006 .·
1025 2987 1097 3007 cum
1116 2981 1201 3007 „vus
1216 2980 1432 3008 zravissimos
1448 2981 1642 3014 pecs-atores
1664 2981 1694 3004 et
1711 2978 1857 3004 hominu*

89 3027 192 3055 ceiam
213 3028 410 3062 desperatus
430 3029 541 3062 potest
559 3027 737 3061 corrigere.
811 3029 843 3055 bl
867 3029 912 3055 11⁸
932 3027 1030 3060 quod.
1111 3030 1139 3060 c)
1161 3028 1206 3054 Hs
1229 3027 1313 3061 ΐυΙῃι
1335 3029 1465 3053 constat
1486 3026 1571 3060 quod
1594 3025 1684 3052 aliu-l
1705 3027 1755 3052 est
1775 3032 1856 3052 0330.

87 3074 121 3109 d)
142 3076 189 3104 11⁸
208 3075 248 3102 de
270 3075 325 3102 mit
348 3074 668 3110 iiberyeschriebener
689 3081 728 3102 ur
743 3089 753 3094 -
766 3074 972 3108 Abkiirzunq.
