2227 3434
537 171 581 206 A.
623 170 820 206 Fillastres
849 171 964 206 Gesta
991 171 1142 206 concilii
1169 170 1483 206 Constantiensis.
1838 174 1891 215 81

127 293 230 332 rant
259 290 399 343 legati
429 289 554 342 regis
581 289 862 342 Aragonum.
908 289 1087 333 Deinde
1118 289 1496 343 archiepiscopus
1533 290 1894 332 Mediolanensis

127 360 238 413 legit
263 360 475 402 cedulam
497 361 686 402 nomine
711 360 908 411 concilii,
933 372 1018 413 per
1043 373 1181 412 quam
1206 360 1448 402 concilium
1475 362 1741 413 acceptabat
1767 361 1893 402 illam

125 430 520 473 convocacionem.
568 430 748 473 Deinde
780 431 1028 484 episcopus
1061 431 1301 473 Olorensis
1334 431 1514 484 legatus
1549 431 1692 472 univit
1725 431 1893 473 dictum

126 502 339 544 comitem
370 505 415 544 et
447 505 541 543 tres
574 501 680 544 illos
713 504 858 544 status
891 501 1087 544 duarum
1119 501 1306 543 illarum
1337 502 1594 555 patriarum
1626 505 1671 543 et
1703 502 1896 543 domini-

126 584 259 615 orum
280 585 470 615 suorum
491 585 592 614 cum
613 571 806 614 concilio
827 585 912 625 per
933 572 1155 614 lecturam
1176 572 1341 614 cedule
1363 572 1529 615 similis
1552 573 1620 614 illi
1643 573 1700 614 de
1722 573 1894 615 unione

126 643 250 696 regis
277 643 543 696 Aragonum
572 646 617 685 et
646 642 1024 696 archiepiscopus
1054 643 1420 685 Mediolanensis
1449 643 1559 696 legit
1587 655 1671 696 pro
1702 642 1894 684 concilio

124 713 338 756 cedulam
367 713 646 767 acceptionis
677 717 725 755 ut
755 725 910 767 supra.
955 714 1062 755 Post
1092 714 1176 756 hoc
1205 726 1263 755 ex
1293 716 1426 766 parte
1456 714 1699 755 nacionum
1733 716 1778 755 et
1807 714 1895 755 col-

126 785 236 838 legii
263 784 570 827 cardinalium
597 785 685 826 fuit
712 796 1007 837 responsum:
1050 785 1219 826 Placet.
1608 785 1617 789 ”

244 855 423 898 Deinde
459 855 704 909 episcopus
738 854 978 897 Olorensis
1012 856 1122 897 fecit
1157 867 1421 897 sermonem
1457 858 1638 908 sumpto
1673 855 1891 897 themate:

127 925 435 980 Egredientes
468 927 592 968 servi
625 926 842 968 exierunt
875 926 922 967 in
956 926 1080 968 vicos
1113 929 1158 967 et
1190 926 1371 979 plateas
1405 929 1450 967 et
1482 928 1895 979 congregaverunt,

127 1000 329 1050 quotque
355 998 635 1039 invenerunt
658 997 804 1039 bonos
829 1000 873 1039 et
897 997 1043 1038 malos
1071 996 1264 1050 (Mathei
1297 996 1387 1050 [22
1413 996 1535 1051 10]f=)
1562 1000 1606 1038 et
1631 996 1749 1038 illud
1770 999 1896 1038 nota-

125 1067 283 1110 biliter
311 1066 516 1110 deduxit.

242 1138 380 1181 Facto
420 1151 636 1181 sermone
678 1138 765 1180 fuit
804 1141 1052 1180 cantatum:
1108 1138 1171 1179 Te
1215 1138 1362 1179 Deum
1404 1137 1660 1180 laudamus.
1714 1137 1892 1179 Deinde

126 1210 268 1252 missa
288 1209 525 1252 celebrata
545 1222 646 1251 cum
668 1210 965 1251 oracionibus
984 1212 1088 1262 post
1108 1209 1297 1250 missam
1319 1208 1552 1251 consuetis
1574 1208 1631 1250 ad
1653 1208 1892 1261 synodum.

125 1280 232 1323 Post
264 1279 452 1322 missam
485 1279 729 1322 concilium
762 1280 959 1333 sumpsit
990 1282 1263 1332 paramenta
1296 1282 1340 1321 et
1373 1279 1620 1332 episcopus
1653 1279 1894 1321 Olorensis

126 1350 307 1404 legatus
337 1350 632 1393 confirmavit
662 1350 863 1404 capitula
894 1351 1110 1393 Narbone
1142 1350 1328 1392 nomine
1361 1363 1451 1403 quo
1483 1362 1638 1402 supra.

244 1422 352 1463 Post
372 1422 458 1463 hec
476 1421 668 1464 fuerunt
687 1422 805 1464 lecta
826 1422 962 1474 plura
982 1421 1169 1463 decreta
1189 1420 1388 1463 concilii:
1426 1421 1644 1473 Primum,
1666 1432 1752 1473 per
1773 1419 1895 1473 quod

125 1492 368 1535 concilium
399 1492 624 1535 commisit
655 1492 1111 1534 administracionem
1144 1492 1342 1533 ecclesie
1375 1491 1690 1545 Aluocensis1)
1725 1491 1772 1532 in
1809 1490 1896 1532 Μο-

124 1563 252 1606 ravia
291 1561 585 1618 [Johanni]a)
622 1563 841 1616 episcopo
879 1561 1333 1616 [Luthomislensi]²¹)
1370 1565 1414 1604 et
1448 1561 1682 1603 mandavit
1716 1561 1895 1603 litteras

124 1637 378 1687 oportunas
400 1646 486 1688 per
509 1634 835 1676 cancellariam
859 1633 1088 1686 expediri.
1125 1634 1179 1675 Et
1202 1633 1288 1674 fuit
1312 1633 1395 1674 hoc
1418 1633 1588 1674 factum
1614 1633 1660 1674 in
1684 1632 1892 1674 favorem

126 1705 257 1758 fidei,
300 1706 409 1759 quia
452 1705 516 1747 ibi
558 1704 776 1758 vigebant
819 1704 1013 1746 heretici
1056 1702 1365 1757 Wiclifiste¹·),
1409 1706 1568 1745 contra
1611 1715 1727 1755 quos
1771 1703 1893 1744 idem

125 1775 371 1829 episcopus
396 1775 485 1818 fuit
510 1778 555 1818 et
579 1778 681 1818 erat
708 1775 843 1817 fortis
869 1777 1199 1828 propugnator.

241 1845 454 1889 Secundo
489 1846 576 1888 fuit
613 1846 730 1888 lecta
765 1859 858 1888 una
893 1845 1036 1898 bulla,
1070 1857 1157 1899 per
1192 1858 1329 1898 quam
1365 1845 1611 1887 concilium
1648 1843 1894 1886 revocabat

125 1916 350 1970 quasdam
377 1916 694 1959 alienaciones
722 1929 879 1958 rerum
909 1916 1215 1958 immobilium
1244 1915 1514 1957 monasterii
1545 1913 1891 1967 Cassynensis(·)

126 1990 171 2030 et
192 1988 439 2031 cassabant
463 1987 687 2041 quasdam
714 1988 893 2030 litteras
916 1986 1143 2029 Bonifacii
1167 1987 1277 2028 noni
1303 1987 1368 2029 sic
1393 1986 1499 2028 dicti
1524 1989 1732 2038 tempore
1756 1986 1894 2027 huius

125 2059 352 2101 scismatis
393 2058 540 2101 factas
580 2070 666 2111 per
706 2070 812 2100 eum
854 2070 996 2111 super
1037 2057 1169 2100 dictis
1211 2056 1579 2109 alienacionibus
1621 2057 1750 2098 salvo
1792 2057 1892 2097 iure

124 2129 270 2182 precii
299 2129 393 2172 dati
419 2128 577 2171 habita
606 2129 838 2171 fructuum
868 2127 1199 2182 deductione.²)

242 2199 405 2243 Tercio
447 2199 659 2242 adiunxit
700 2199 816 2242 duos
857 2198 1200 2241 commissarios
1241 2199 1299 2240 de
1339 2197 1534 2240 nacione
1577 2197 1802 2251 Hispanie
1847 2197 1892 2238 in

125 2282 264 2313 causa
291 2269 562 2312 Tridentina
592 2273 637 2312 et
666 2269 974 2322 commissum,
1004 2269 1127 2322 quod
1156 2268 1302 2311 maior
1331 2281 1441 2322 pars
1470 2268 1892 2310 commissariorum

124 2343 282 2394 posset
309 2341 555 2383 commissa
582 2341 767 2393 exequi.

243 2411 328 2454 Die
363 2412 524 2454 martis
558 2411 680 2453 XVI.
718 2411 989 2453 Decembris
1026 2411 1317 2452 intraverunt
1353 2410 1490 2463 legati
1529 2410 1654 2463 regis
1688 2409 1893 2451 Navarre

126 2485 337 2536 quatuor,
360 2482 451 2525 duo
472 2481 694 2535 episcopi,
717 2494 837 2523 unus
861 2481 919 2523 de
943 2480 1106 2523 ordine
1133 2480 1481 2522 Predicatorum
1506 2480 1624 2522 alter
1648 2479 1705 2521 de
1729 2478 1893 2522 ordine

130 2552 358 2596 Minorum
393 2555 438 2595 et
475 2552 565 2595 duo
601 2552 825 2596 doctores.
877 2552 930 2593 Et
965 2551 1054 2593 fuit
1090 2551 1159 2592 eis
1197 2551 1429 2592 obviatum
1466 2551 1737 2593 solenniter.
1788 2550 1894 2591 Post

124 2623 210 2666 hec
239 2623 348 2677 quia
379 2623 500 2665 inter
531 2623 765 2676 Hispanos
796 2625 842 2664 et
872 2622 1091 2675 Anglicos
1122 2621 1210 2663 fuit
1242 2633 1407 2674 magna
1439 2621 1770 2672 controversia,
1803 2631 1892 2673 que

126 2695 371 2737 nacionum
407 2694 536 2747 prior
571 2705 677 2735 esse
714 2692 923 2744 deberet,
958 2695 1004 2734 et
1040 2693 1148 2745 quia
1186 2691 1366 2744 Anglici
1403 2691 1691 2744 prioritatem
1730 2690 1775 2731 in
1813 2690 1892 2732 ali-

127 2764 294 2818 quibus
332 2763 583 2817 aliquando
619 2765 972 2816 occupaverant,
1009 2762 1162 2804 fuerat
1198 2762 1342 2815 prius,
1380 2765 1427 2803 ut
1464 2762 1633 2803 dictum
1671 2764 1753 2813 est,
1791 2773 1893 2802 con-

229 2857 259 2889 a)
279 2856 360 2889 fehlt
381 2856 419 2887 B,
441 2857 472 2887 (Ι,
496 2856 543 2889 D;
567 2855 681 2883 Liiclce.
721 2856 752 2882 1»
776 2856 812 2887 B,
837 2856 868 2887 C,
892 2855 920 2881 D
940 2854 1098 2882 Wicliste.
1138 2861 1165 2881 ct
1187 2862 1221 2881 30
1244 2855 1281 2887 B,
1303 2855 1334 2887 ζ’,
1357 2855 1393 2880 D.

243 2904 274 2947 ¹)
302 2904 460 2940 olmiuz.
499 2903 538 2946 Β,
563 2903 602 2946 C,
628 2904 661 2938 D
687 2904 812 2939 haben
837 2903 948 2947 obiqe
973 2904 1096 2938 Form.
1133 2903 1433 2938 Administrator
1461 2901 1701 2936 l‘VenzesIaus
1727 2910 1806 2934 ‘erar
1831 2909 1889 2933 am

129 2962 181 2998 12.
217 2962 318 3006 Sept.
358 2963 448 2997 1416
483 2962 698 3005 gestor-ben.
746 2962 842 2996 Jelzl
881 2961 1018 2996 erhiell
1056 2962 1119 2996 die
1167 2961 1406 3003 Verzcaltnny
1443 2959 1596 3002 Biscleof
1631 2958 1783 2993 Johann
1819 2965 1890 2991 ϊοη

128 3021 383 3056 Leitomischl.

244 3080 276 3122 ²)
302 3081 406 3114 sonst
434 3079 613 3122 niryends
638 3078 676 3113 ιή
700 3079 777 3113 den
799 3077 938 3112 Akten.

194 3136 336 3170 Finke,
355 3136 438 3163 Aeta
459 3134 591 3163 concilii
616 3134 891 3162 constanciensis.
912 3134 950 3160 ll.
1220 3121 1228 3126 ⁵
1658 3121 1683 3161 6
