2102 3444
280 134 363 175 713
715 126 781 160 ΙΙΙ.
815 123 1023 158 Absclmitt.
1065 121 1218 156 Reform
1251 120 1328 154 und
1362 118 1609 163 Versassung.

403 250 510 290 Item
540 245 761 297 sequitur,
789 242 911 295 quod
939 240 1070 293 nihil,
1100 239 1222 292 quod
1248 238 1298 280 in
1325 242 1452 280 terra
1479 237 1623 291 gessit
1650 240 1884 290 tamquam
1911 248 2048 290 papa,

282 320 415 361 x‘alet.
453 318 535 369 Qui
564 316 686 357 enim
714 315 830 356 alias
855 325 946 354 non
970 314 1043 353 est
1069 323 1205 363 papa,
1231 309 1268 352 si
1296 309 1602 351 communiter
1628 308 1685 351 ab
1712 307 1927 350 omnibus
1953 319 2048 348 cre-

281 391 402 431 ditur
433 401 536 430 csse
566 398 699 439 papa,
731 384 941 437 quamvis
969 394 1062 424 non
1092 381 1262 422 habeat
1293 379 1673 432 iurisdictionem,
1702 381 1857 420 tamen
1887 378 2048 420 favore

283 460 463 513 publice
492 457 700 500 utilitatis
726 455 864 497 habet
891 453 1221 494 execucionem
1249 454 1295 493 et
1320 453 1494 504 tenent,
1521 462 1610 503 que
1639 462 1725 503 per
1746 461 1857 491 eum
1884 461 2050 502 gerun-

285 536 371 580 tur;
399 542 481 582 per
504 529 619 570 lianc
646 530 797 568 autem
822 523 1151 577 probacionem
1176 522 1271 575 ille,
1297 522 1374 574 qui
1398 533 1509 562 vere
1535 520 1624 563 fuit
1646 532 1782 573 papa,
1805 522 2048 573 postquam

281 605 348 642 cst
382 599 695 652 illegitimatus
727 609 811 637 nec
842 595 982 637 habet
1015 592 1380 635 iurisdictionem
1411 604 1497 633 nec
1528 592 1858 633 execucionem
1891 593 1936 633 et
1965 602 2051 644 per

281 682 571 722 consequens
608 680 697 709 non
733 667 903 719 valent,
941 677 1029 718 que
1066 676 1151 717 per
1187 676 1293 705 eum
1329 665 1568 716 geruntur.
1616 661 1663 704 Si
1699 662 1871 716 valent,
1906 661 2051 704 multo

282 742 426 794 magis
456 741 612 782 valere
644 738 830 789 debent,
862 749 951 789 que
980 738 1206 788 geruntur
1236 747 1321 787 per
1352 733 1596 775 concilium
1626 733 1672 774 in
1700 732 1913 786 >quolibet
1942 744 2051 774 casu

281 817 323 854 ot
349 824 468 865 papa
495 810 698 863 legitime
722 808 993 862 presidente
1019 810 1062 848 et
1087 805 1340 859 residente,
1365 817 1425 847 ex
1450 817 1542 857 quo
1565 804 1729 846 saltem
1753 803 1894 846 habet
1918 803 2051 845 iuris-

280 883 540 934 dictionem,
572 880 700 922 cuius
731 879 992 932 oppositum
1024 877 1174 918 innuit
1203 875 1347 918 tercia
1376 878 1422 917 et
1452 878 1617 928 quarta
1646 874 1866 917 assercio.

399 953 529 994 Circa
558 951 750 992 tercium
779 948 1098 1000 correlarium,
1128 947 1207 988 ubi
1239 947 1285 988 in
1315 946 1432 987 fine:
1476 945 1599 999 quod
1630 945 1769 987 simili
1800 944 1936 987 modo
1964 944 2052 987 sal-

281 1025 378 1066 vari
409 1026 560 1076 potest
587 1021 832 1063 concilium
862 1019 1097 1071 Pisanum,
1128 1018 1379 1070 dubitatur,
1409 1016 1517 1070 quia
1545 1029 1699 1069 ymmo
1725 1028 1813 1069 -per
1844 1016 1931 1058 ista
1959 1027 2052 1057 non

281 1095 500 1146 salvatur,
537 1096 606 1135 set
640 1092 818 1134 tollitur
853 1090 1097 1132 concilium
1134 1089 1368 1132 Pisanum.
1418 1087 1659 1130 Asseritur
1691 1087 1818 1129 enim
1853 1098 2052 1140 presens

280 1166 522 1206 concilium
553 1164 727 1205 habere
758 1164 1033 1214 potestatem
1063 1160 1121 1202 ad
1149 1158 1480 1213 deponendum
1510 1158 1812 1200 Benedictum
1839 1157 1986 1211 ΧΙΙΙ.,
2014 1156 2052 1199 si

282 1236 367 1278 i'uit
392 1248 527 1288 papa,
552 1237 596 1276 et
622 1246 706 1287 per
732 1235 1030 1284 consequens
1049 1243 1142 1273 non
1167 1243 1272 1272 esse
1300 1230 1577 1283 depositum,
1603 1241 1704 1270 cum
1729 1232 1886 1271 tamen
1911 1227 2053 1270 fuerit

283 1306 521 1359 depositus
543 1318 627 1358 per
649 1304 892 1346 concilium
916 1303 1155 1354 Pisanum;
1179 1304 1227 1343 et
1247 1302 1331 1343 hoc
1355 1312 1571 1343 asserere
1596 1304 1666 1343 est
1689 1299 1927 1353 deponere
1951 1311 2053 1341 con-

282 1377 436 1418 cilium
473 1376 705 1418 Pisanum.
754 1375 809 1416 Et
844 1374 881 1417 si
912 1373 1110 1426 dicatur,
1146 1372 1269 1425 quod
1300 1371 1579 1425 ‘intelligitur
1615 1370 1674 1413 ad
1709 1369 2052 1424 deponendum,

284 1448 457 1490 scilicet
481 1447 537 1488 de
563 1446 701 1498 facto3
729 1457 875 1498 quero
897 1447 1018 1497 tunc,
1043 1456 1188 1497 quare
1213 1442 1400 1485 additur
1423 1442 1557 1483 illud:
1594 1441 1636 1484 vsi
1660 1441 1748 1483 fuit
1770 1453 1907 1494 papa,
1932 1439 2053 1495 quia,

282 1519 426 1560 eciam
455 1518 492 1560 si
520 1530 612 1559 non
643 1517 729 1558 fuit
756 1529 892 1569 papa,
918 1527 1120 1568 pres-ens
1149 1513 1391 1556 concilium
1418 1513 1560 1555 habet
1586 1515 1862 1565 potestatem
1892 1511 1951 1554 ad
1977 1511 2053 1554 de-

283 1589 547 1642 ponendum
570 1589 662 1630 isto
689 1588 837 1640 modo,
863 1585 1185 1639 intelligendo,
1210 1585 1258 1626 id
1282 1588 1354 1627 est
1381 1584 1437 1626 de
1464 1584 1587 1626 facto
1612 1582 1870 1638 etceteriaf)

920 1681 941 1705 ²¹<
1391 1679 1413 1703 21<

1155 1726 1178 1751 ³1<

398 1835 438 1877 3.
495 1834 759 1887 Quoniam2)
805 1836 923 1875 teste
970 1832 1182 1886 apostolo
1223 1831 1362 1873 Petro
1410 1831 1582 1885 (pri-ma
1627 1828 1753 1871 Petri
1795 1828 1858 1885 3.)
1903 1825 2054 1881 parati

284 1918 469 1958 semper
502 1918 610 1948 esse
649 1905 874 1947 debemus
911 1904 970 1946 ad
1006 1903 1375 1946 satisfactionem
1411 1902 1535 1944 omni
1570 1900 1782 1954 ¹poscenti
1820 1900 2053 1942 racionem

285 1977 485 2018 reddere
524 1977 580 2017 de
621 1989 690 2029 ea,
732 1988 821 2028 que
860 1978 945 2028 est,
992 1973 1092 2029 [de]
1142 1973 1257 2015 fide:
1312 1972 1422 2014 inde
1463 1971 1741 2026 quibusdam
1781 1969 2053 2013 satisfacere

285 2047 476 2100 cupiens
520 2060 662 2100 super
704 2050 900 2099 quatuor
943 2045 1304 2099 assercionibus,
1348 2056 1465 2097 qua-s
1504 2043 1747 2085 scolastice
1792 2040 1966 2084 adduxi
2007 2040 2063 2082 in·

285 2112 482 2170 ciuodam
511 2130 726 2159 sermone
756 2117 812 2158 de
842 2120 1000 2159 sancto
1028 2115 1313 2169 Francisco³>
1347 2127 1500 2157 coram
1529 2127 1565 2157 r.
1595 2113 1637 2155 d.
1666 2111 1985 2155 cardinalibus
2007 2113 2055 2152 et

285 2189 477 2241 prelatis
511 2189 629 2230 sacri
666 2188 846 2230 concilii
882 2188 929 2229 in
962 2187 1261 2229 firmamento
1295 2198 1470 2238 eorum,
1503 2197 1595 2238 que
1629 2197 1715 2237 per
1748 2183 1901 2237 ipsum
1935 2181 2055 2224 facta

286 2263 404 2312 sunt,
431 2262 477 2301 et
502 2259 547 2300 in
571 2259 738 2300 eodem
765 2262 870 2300 sunt
896 2257 1207 2311 perfici=en=da;
1237 2257 1315 2310 qui
1342 2255 1514 2298 exinde
1542 2255 1828 2297 intellectum
1854 2253 2053 2296 fortasse

288 2331 533 2371 verborum
575 2342 781 2371 meorum
820 2342 913 2371 non
954 2329 1193 2382 capientes
1233 2326 1531 2370 scandalizati
1571 2329 1692 2368 sunt.
1748 2324 1915 2367 Motiva
1953 2334 2054 2366 mee

286 2400 517 2453 opinionis
548 2413 633 2453 pro
658 2400 984 2442 declaracione
1016 2400 1241 2441 dictarum
1274 2398 1591 2440 assercionum
1620 2409 1744 2438 nunc
1775 2396 1921 2438 lacius
1950 2405 2056 2448 ape-

287 2472 379 2513 rire
428 2471 618 2513 intendo
663 2484 764 2512 cum
812 2470 1096 2512 correctione
1145 2472 1438 2511 sacrosancte
1486 2468 1683 2510 ecclesie
1732 2470 1778 2509 et
1819 2463 2055 2519 presentis

288 2541 663 2584 Constanciensis
700 2542 881 2583 concilii
914 2541 1065 2594 *ipsam
1101 2539 1487 2593 respresentantis.
1537 2537 1676 2581 Posui
1713 2550 1824 2591 ergo
1859 2536 2054 2590 primam

288 2612 509 2654 dictarum
542 2613 858 2654 assercionum
891 2612 975 2654 sub
1005 2613 1091 2654 hac
1121 2611 1289 2653 forma:

406 2742 436 2783 ¹)
462 2742 504 2775 1η
526 2742 595 2776 (Ier
614 2742 668 2775 Hs
687 2741 780 2784 Ῐοῖῃί
801 2741 890 2783 jetzl
912 2741 1028 2775 sehon
1049 2741 1119 2775 der
1140 2750 1238 2775 neue
1257 2738 1415 2782 Anqriff
1435 2739 1504 2773 des
1527 2737 1699 2780 Geqners
1723 2737 1823 2780 (post
1843 2735 1960 2771 dubia
1980 2761 1988 2769 .
2003 2760 2011 2768 .
2026 2732 2052 2777 .)

290 2800 364 2833 und
399 2800 498 2835 danie
533 2801 598 2843 fol.
632 2801 700 2834 25&
735 2802 809 2833 ers!
844 2801 907 2834 dle
943 2800 1194 2841 Erisislerunq
1228 2800 1296 2833 des
1332 2798 1472 2831 Statius
1507 2796 1573 2840 auf
1605 2797 1682 2831 (len
1714 2792 2054 2838 voransqehenden

288 2857 442 2901 ilum-iss
484 2858 683 2899 (Quoniam
723 2861 818 2892 teste
856 2858 1059 2901 apostolo).
1109 2857 1204 2891 Hier
1240 2857 1337 2891 ’Μήνα
1375 2856 1438 2890 die
1476 2854 1728 2899 sinnqemiisse
1764 2852 1939 2895 Reihuny
1977 2849 2054 2885 ein-

289 2916 477 2957 (seltctlll‘n.

405 2974 436 3015 2)
469 2974 718 3016 liris-fideman
748 2974 816 3008 des
844 2973 996 3008 Slalius.

405 3033 435 3074 ¹²)
475 3032 545 3073 iffi.
570 3031 735 3066 Absclm.
760 3032 809 3066 ΙΙ.
836 3033 927 3067 1416
951 3032 1032 3067 Okt.
1056 3032 1089 3066 4.
