2102 3444
170 146 255 188 392
524 145 568 179 II.
602 145 810 180 Abschnitt.
855 145 1060 180 Sermones
1090 144 1240 179 concilii
1271 144 1590 180 Constanciensis.

170 263 312 317 gabili
354 263 512 306 labore
554 263 823 315 construxit,
863 262 921 305 ad
960 275 1124 304 manus
1163 262 1415 306 deveniant
1453 262 1710 306 crudelium
1751 262 1940 306 Tharta-

172 346 327 376 rorum
353 367 386 375 ..
406 367 413 375 .
439 334 541 376 <Iam
565 334 689 375 enim
713 333 822 375 bina
848 333 1017 375 iudicia
1040 333 1223 387 experti
1247 346 1420 387 sumus,
1446 335 1533 376 iam
1556 333 1753 376 duorum
1778 346 1938 387 regum

171 404 364 447 arbitria
392 403 694 456 suscepimus.
735 403 960 455 Nescitur,
989 404 1119 458 quaa)
1153 438 1160 446 .
1197 438 1204 445 .
1241 438 1249 446 .
1278 404 1534 447 abiectione
1563 404 1634 447 usi
1661 406 1823 447 contra
1847 403 1940 457 pri-

170 487 289 516 mam
315 475 757 527 pronunciacionem
785 474 960 516 bellum
989 475 1277 528 inceperunt.
1319 475 1488 518 Contra
1513 474 1660 517 eciam
1686 474 1938 517 secundam

171 545 361 588 secundi
400 544 580 588 arbitrii
621 579 628 586 .
665 579 672 586 .
709 579 716 586 .
758 557 886 587 arma
925 545 1215 588 movencium
1250 546 1403 589 extitit
1440 548 1692 599 resumpta,
1729 558 1824 588 non
1861 545 1940 588 ob-

170 619 318 658 stante
342 615 583 658 oblacione
607 616 799 669 ordini-s,
823 628 913 669 qua
938 629 988 658 se
1012 616 1100 658 iuri
1126 617 1339 659 standum
1360 617 1541 659 crebris
1565 616 1939 660 exhibicionibus

169 685 347 729 offerre
378 699 471 728 non
503 687 714 729 cessavit.
759 686 924 729 Sancte
955 690 1102 741 pater,
1133 688 1277 730 nolite
1308 688 1496 730 illorum
1527 687 1734 729 virorum
1761 690 1940 741 protec-

168 757 286 800 cioni
317 756 499 810 deesse,
529 757 607 810 qui
635 770 723 811 pro
751 756 1029 800 defensione
1060 758 1264 801 omniu-m
1297 792 1304 800 .
1341 792 1349 800 .
1385 796 1392 802 .
1426 758 1612 800 liberali
1641 757 1939 811 professione

167 829 317 881 capita
351 841 434 871 sua
467 828 790 881 potentissimo
825 829 923 871 Deo
956 829 1244 872 exercituum
1279 829 1567 871 devoverunt
1600 863 1607 871 .
1644 863 1652 870 .
1688 863 1696 871 .
1742 829 1837 872 Hec
1867 831 1940 871 est

167 899 291 941 enim
320 899 402 942 illa
429 899 594 953 patria,
620 911 711 953 que
740 900 798 942 ob
828 899 1000 942 Christi
1026 900 1229 943 nominis
1256 900 1451 954 gloriam
1482 903 1547 943 tot
1570 912 1660 954 per
1687 912 1836 943 annos
1862 899 1938 954 pia

168 971 293 1013 bella
328 970 533 1023 gessisse
570 970 826 1012 dinoscitur
864 1005 872 1012 .
908 1005 916 1012 .
953 1006 960 1013 .
1010 971 1155 1022 Quam
1191 970 1336 1014 eciam
1373 974 1546 1013 terram
1585 971 1729 1013 sancti
1766 974 1939 1024 patres,

168 1041 333 1083 summi
374 1041 625 1094 pontifices
668 1041 985 1085 laudabilibus
1026 1045 1074 1084 et
1113 1042 1376 1096 magnificis
1418 1042 1760 1085 decoraverunt
1799 1041 1939 1096 privi-

168 1112 315 1165 legiis,
346 1125 484 1165 quam
513 1125 695 1155 sacrum
724 1112 973 1166 imperium
1004 1113 1090 1156 sub
1121 1114 1209 1156 alis
1239 1126 1322 1155 sue
1352 1112 1660 1166 proteccionis
1689 1112 1939 1167 gloriosius

166 1182 368 1226 favendo
411 1183 569 1226 multis
610 1184 918 1237 prerogativis
962 1183 1199 1238 insignivit
1242 1218 1249 1226 .
1286 1218 1293 1225 .
1331 1218 1338 1225 .
1395 1184 1600 1226 Petimus
1643 1183 1794 1238 dignis
1837 1196 1938 1226 cum

166 1253 396 1307 suspiriis,
419 1257 650 1307 quatenus
670 1257 825 1297 vestre
849 1254 1104 1298 sanctitatis
1127 1255 1395 1298 exuberans
1417 1255 1684 1309 benignitas
1703 1267 1798 1298 non
1817 1255 1940 1309 paci-

166 1327 266 1366 atur
300 1323 428 1367 illam
459 1324 624 1367 dedu-ci
658 1325 717 1368 ad
747 1325 1091 1379 exterminium,
1122 1339 1182 1368 ne
1212 1326 1262 1368 in
1295 1326 1545 1368 annalibus
1563 1326 1721 1368 ‘vestri
1751 1325 1940 1380 pontifi-

165 1398 292 1438 catus
314 1396 464 1438 locum
487 1396 758 1439 adinveniat
779 1396 1039 1451 descripcio
1057 1397 1174 1440 tan-ti
1195 1396 1400 1451 dampni,
1422 1410 1513 1450 qua
1532 1400 1764 1450 narretur,
1783 1397 1937 1450 ipsum

165 1465 390 1520 ordinem,
418 1467 541 1520 quod
563 1467 700 1520 absit,
727 1467 896 1510 vestris
922 1467 1213 1521 temporibus
1239 1468 1440 1521 periisse
1470 1502 1478 1509 .
1514 1502 1522 1509 .
1559 1502 1566 1510 .

166 1572 223 1614 II.
265 1573 349 1616 An
389 1572 761 1626 Siyismund.

287 1643 311 1676 T
327 1653 346 1676 e
361 1640 441 1677 affl:
484 1642 545 1678 Ste
571 1644 617 1679 33
630 1643 656 1688 f.
686 1644 762 1678 177.

282 1701 504 1745 <ludica
557 1702 858 1745 iudicium
913 1717 1102 1746 meum
1153 1708 1212 1746 et
1263 1704 1501 1746 redime
1553 1717 1638 1746 me
1689 1707 1774 1747 etc.
1829 1704 1937 1746 Illu-

167 1773 394 1816 strissime
438 1786 536 1826 rex,
581 1774 884 1817 serenissime
929 1788 981 1818 ac
1024 1776 1327 1818 invictissime
1371 1775 1592 1829 princeps
1634 1775 1936 1829 universique

165 1844 291 1886 orbis
317 1857 536 1898 suprema
559 1848 780 1898 potestas,
818 1846 1035 1900 Legimus
1061 1846 1185 1899 apud
1210 1846 1460 1900 Lucanum,
1485 1847 1624 1900 quod,
1648 1846 1759 1889 dum
1783 1846 1936 1889 Julius

165 1915 309 1957 Cesar
336 1915 586 1959 Rubiconis
615 1916 673 1958 ad
698 1917 848 1959 undas
878 1929 1097 1970 asperum
1125 1930 1176 1959 ac
1203 1917 1356 1959 civilia
1383 1918 1511 1960 bella
1538 1917 1778 1960 sicientem
1803 1929 1937 1959 exer-

163 1987 300 2028 citum
339 1987 602 2040 ductitaret,
645 1987 802 2039 Roma,
845 2001 935 2041 que
979 1989 1036 2030 ab
1079 2001 1135 2030 eo
1179 2001 1413 2031 armorum
1458 1989 1635 2042 impetu
1673 1988 1935 2042 petebatur,

163 2057 327 2099 videns
361 2056 624 2100 libertatem
659 2070 789 2101 suam
824 2059 871 2100 in
901 2059 1114 2112 periculo
1144 2059 1292 2102 fuisse
1324 2060 1413 2102 sub
1447 2059 1640 2103 canibus
1673 2056 1935 2113 mutilarib),

165 2127 437 2180 suppliciter
461 2163 468 2170 .
505 2166 511 2172 .
550 2163 557 2170 .
583 2129 770 2172 Cesaris
791 2133 898 2172 ante
918 2130 1066 2183 pedes
1090 2143 1139 2173 se
1161 2130 1414 2173 humilians
1438 2165 1445 2172 .
1483 2165 1490 2173 .
1527 2165 1535 2172 .
1557 2143 1719 2184 pacem
1740 2133 1789 2174 et
1808 2129 1935 2184 pacis

162 2199 326 2242 federa
345 2200 568 2242 exoravit.
602 2200 673 2243 Sic
693 2200 831 2242 hodie
853 2202 931 2242 tali
952 2205 1000 2243 et
1018 2201 1157 2243 simili
1178 2214 1306 2243 more
1327 2202 1404 2255 pia
1424 2203 1590 2255 religio
1611 2206 1767 2245 sancte
1791 2201 1934 2244 Marie

162 2270 518 2312 Teutonicorum
551 2271 742 2315 humilis
773 2275 927 2315 vestre
961 2272 1296 2315 dominacionis
1328 2273 1500 2316 milicia
1532 2285 1584 2315 ac
1615 2273 1823 2315 Romano
1852 2273 1934 2314 im-

161 2341 293 2393 perio
320 2341 646 2384 devotissimus
674 2342 789 2385 ordo
816 2377 824 2384 .
861 2378 868 2385 .
905 2377 912 2384 .
940 2355 1096 2386 coram
1122 2347 1277 2386 vestre
1304 2344 1561 2387 maiestatis
1588 2344 1706 2386 solio
1731 2345 1934 2397 prostra-

161 2415 247 2465 tus,
277 2425 365 2465 que
395 2412 579 2465 pridem
608 2412 830 2456 universo
860 2415 1032 2456 mundo
1060 2415 1243 2457 notoria
1269 2418 1380 2458 sunt
1405 2427 1495 2457 nec
1522 2415 1676 2458 minus
1703 2415 1806 2458 celo
1833 2426 1933 2468 cog-

162 2484 258 2525 nita
283 2486 327 2525 et
353 2483 601 2526 manifesta
628 2497 710 2526 sua
737 2485 934 2527 vulnera
960 2498 1153 2527 suumve
1180 2485 1480 2528 lamentabile
1505 2486 1678 2528 malum
1703 2489 1751 2528 et
1775 2485 1932 2528 inexo-

163 2553 309 2596 rabile
334 2557 516 2607 pactum
539 2567 633 2596 non
658 2555 794 2597 modo
818 2556 990 2609 verbis,
1015 2560 1236 2609 quantum
1259 2556 1370 2599 facti
1392 2557 1638 2600 evidencia
1659 2557 1864 2610 explicat
1885 2558 1932 2598 et

160 2625 374 2678 ostendit,
405 2625 627 2667 iudicium
659 2629 813 2669 vestre
846 2626 1135 2669 sanctissime
1168 2640 1220 2669 ac
1251 2627 1597 2681 sapientissime
1624 2627 1930 2670 discussionis

159 2696 457 2748 exposcendo
485 2709 572 2749 per
604 2709 712 2739 suos
743 2700 952 2739 oratores
985 2700 1031 2739 et
1056 2698 1278 2740 nunccios
1308 2698 1383 2740 hic
1411 2698 1737 2752 principaliter
1765 2696 1930 2741 consti-

159 2770 280 2809 tutos
319 2766 546 2810 vociferat
584 2771 630 2809 et
669 2767 909 2810 humilime
951 2768 1230 2821 deprecatur
1271 2768 1448 2811 dicens:
1505 2769 1669 2812 Judica
1710 2768 1926 2811 iudicium

160 2849 312 2880 meum
360 2840 408 2880 et
433 2837 612 2881 redime
639 2851 711 2880 me
741 2873 748 2880 .
785 2872 793 2880 .
829 2839 879 2894 .¹)

262 2930 291 2956 a]
314 2930 359 2956 Hs
380 2936 452 2963 qun.
511 2930 542 2957 h)
571 2930 641 2957 'I'mff
662 2930 754 2957 xhls'h‘
777 2930 933 2957 ret-deror.

279 2991 308 3032 ¹)
340 2990 541 3025 lnhaltlich
574 2992 648 3026 wie
676 2992 740 3026 (lie
769 2991 873 3027 Rede
902 3002 950 3026 (ιη
977 2992 1051 3026 den
1083 2991 1214 3035 Papst:
1246 2992 1368 3026 zitierl
1397 2992 1596 3027 dieselben
1630 2990 1925 3036 Schrittstellen:

159 3049 271 3083 aazia:
300 3047 503 3084 Pelrarcha
530 3050 569 3084 in
595 3049 761 3093 Affrica:
800 3050 863 3094 pia
891 3050 1000 3084 bella.
