2102 3444
246 113 330 155 118
779 112 804 145 Ι.
831 111 1042 146 Abschnitt.
1082 111 1482 155 Konzilstagebiicher.

246 233 412 272 nentes
434 233 592 283 partes
612 229 737 283 regis
758 233 916 271 contra
938 242 1046 271 suas
1067 230 1302 281 naciones,
1325 229 1468 282 aliqui
1490 230 1547 271 de
1569 229 1784 271 Almania
1805 232 1850 271 et
1869 229 2017 272 Saris-

247 300 478 342 beriensis
499 304 543 342 et
563 300 750 353 quidam
770 301 849 342 alii
871 300 928 341 de
950 299 1131 352 Anglia.
1166 300 1221 341 Et
1239 299 1502 353 patriarcha
1524 301 1765 353 proposuit
1786 299 1945 342 dicens
1965 311 2015 342 se

245 382 510 423 proponere
535 383 621 423 pro
645 371 838 412 nacione
866 370 1121 422 Gallicana,
1152 370 1516 413 Mediolanensis
1540 383 1625 424 pro
1652 370 1829 412 Ytalica
1853 373 1899 412 et
1922 382 2016 412 non

246 441 461 483 dicebant
487 453 663 483 verum.
704 440 837 482 Unde
867 454 951 482 rex
981 440 1229 493 supplevit,
1258 441 1381 493 quod
1409 441 1687 494 loquebatur
1716 453 1801 494 pro
1830 440 1944 494 ipsis
1971 443 2017 482 et

247 511 341 554 illis
381 511 439 554 de
477 511 674 564 imperio
713 515 757 553 et
796 512 873 564 qui
916 511 1232 564 sequebantur
1271 514 1429 564 partes
1469 512 1612 564 regis;
1653 510 2018 554 Sarisberiensis

249 582 466 634 superbe,
497 585 545 623 ut
576 582 707 634 solet,
737 585 782 623 et
813 594 914 623 cum
945 581 1082 624 minis
1113 582 1330 634 loquutus
1360 585 1430 624 est
1461 594 1562 623 cum
1594 581 1757 623 comite
1790 580 2018 634 Cardone,

248 653 325 705 qui
348 653 469 694 bene
491 653 732 706 respondit
754 652 856 695 sibi.
890 653 989 693 Rex
1011 656 1055 694 et
1078 653 1149 694 sui
1172 652 1437 705 petiverunt
1458 652 1766 694 instrumenta
1788 652 1845 693 de
1867 651 2019 706 requi-

249 723 348 765 sitis
387 726 431 765 et
469 724 751 776 protestatis.
804 723 999 776 Hispani
1040 722 1399 776 responderunt,
1440 723 1563 776 quod
1603 722 1936 776 deliberarent,
1974 725 2020 764 et

251 793 439 836 fuerunt
469 793 664 835 multum
697 792 876 837 irritati.

368 865 485 907 Istos
504 863 666 906 modos
686 867 813 906 tenet
833 877 917 905 rex
939 864 985 905 in
1005 863 1278 906 nacionibus
1299 866 1344 905 et
1364 864 1462 905 vult
1482 863 1636 906 omnia
1655 862 1765 905 fieri
1785 863 1844 906 ad
1863 866 2018 906 vot-um

248 948 381 977 suum
404 938 449 976 et
468 934 610 978 habet
633 947 788 976 secum
811 935 1032 976 naciones
1053 934 1306 976 Germanie
1328 937 1374 976 et
1395 934 1578 987 Anine,
1599 933 1817 976 videlicet
1837 935 2019 988 aliquos

248 1006 468 1057 maiores,
497 1005 639 1047 ceteri
667 1008 712 1046 et
738 1005 900 1058 plures
928 1018 1020 1047 non
1049 1005 1222 1047 audent
1249 1005 1583 1058 contradicere,
1612 1004 1695 1048 sed
1722 1005 1835 1047 talia
1861 1004 2021 1058 displi-

248 1079 351 1117 cent
375 1075 458 1118 eis.

368 1147 508 1188 Plura
530 1146 619 1188 hiis
641 1146 807 1188 diebus
823 1147 1114 1199 contigerunt
1129 1146 1371 1188 turbatura
1387 1148 1433 1187 et
1446 1145 1655 1199 paritura
1670 1145 2022 1198 discordiarum,

249 1230 338 1269 qne
372 1217 578 1259 scribere
610 1217 800 1270 longum
833 1220 971 1259 esset.
1017 1216 1168 1259 Causa
1200 1220 1353 1259 autem
1384 1217 1550 1258 harum
1581 1217 1905 1259 turbacionum
1937 1219 2020 1269 est,

250 1288 372 1341 quod
407 1300 491 1329 rex
527 1291 571 1329 et
606 1288 677 1329 sui
714 1300 953 1340 sequaces,
990 1288 1066 1340 qui
1103 1287 1336 1329 diuturnis
1371 1287 1661 1340 temporibus
1697 1287 1911 1330 dicuntur
1944 1300 2022 1329 ex-

248 1359 474 1412 cogitasse
499 1362 648 1400 certos
672 1358 832 1400 modos
855 1358 1059 1400 faciendi
1080 1371 1250 1411 papam
1273 1358 1331 1400 ad
1353 1359 1638 1400 voluntatem
1661 1357 1786 1412 regis
1807 1360 1853 1400 et
1875 1370 2021 1411 suam,

251 1433 295 1471 et
320 1442 515 1482 quorum
539 1430 716 1482 plures,
743 1430 820 1482 qui
846 1429 904 1470 de
929 1441 978 1471 se
1005 1432 1196 1482 sperant
1219 1432 1265 1471 et
1290 1428 1500 1482 aspirant
1523 1428 1582 1470 ad
1605 1431 1841 1482 papatum,
1864 1428 2024 1470 vident

250 1513 412 1542 omnes
443 1513 603 1542 eorum
637 1499 944 1553 cogitaciones
975 1502 1020 1541 et
1051 1499 1246 1542 concilia
1277 1499 1506 1558 dissipata,
1534 1512 1620 1552 per
1651 1499 1780 1541 illam
1811 1498 2023 1542 cedulam

237 1571 454 1613 oblatam
475 1583 561 1624 per
582 1570 846 1613 cardinales
869 1573 914 1612 et
936 1570 1042 1612 ideo
1066 1570 1195 1612 illam
1216 1570 1427 1612 nituntur
1449 1570 1738 1624 impugnare,
1761 1573 1831 1612 set
1851 1582 2025 1624 neque-

252 1645 346 1690 unt,
380 1642 598 1694 quoniam
630 1641 804 1684 veritas
837 1641 939 1695 ipsa
972 1643 1188 1694 patenter
1220 1640 1372 1683 vincit.

370 1713 500 1755 Dicta
537 1712 612 1754 die
650 1712 831 1755 sabbati
867 1712 1032 1754 XXVI.
1068 1711 1195 1754 Junii
1232 1724 1355 1754 anno
1391 1710 1781 1754 M⁰CCCC⁰XVII⁰
1815 1711 2024 1754 revelata

251 1787 322 1825 est
355 1796 448 1826 una
481 1782 771 1836 conspiracio
805 1782 926 1825 facta
960 1795 1046 1836 per
1079 1782 1200 1835 illos,
1236 1782 1314 1835 qui
1347 1785 1507 1824 tenent
1542 1782 1718 1824 occulta
1751 1781 1946 1824 concilia
1979 1784 2025 1824 et

252 1857 510 1907 sequuntur
538 1866 710 1906 regem,
735 1853 953 1896 videlicet
977 1866 1069 1895 una
1095 1853 1358 1895 commissio
1382 1865 1608 1895 emanans
1634 1866 1660 1895 a
1685 1852 2054 1896 Sarisberiensi-

252 1929 297 1967 et
326 1924 600 1967 Pistoriensi
629 1925 878 1977 episcopis,
907 1924 1088 1966 duobus
1116 1937 1176 1965 ex
1207 1924 1435 1966 iudicibus
1463 1923 1766 1977 generalibus
1793 1922 2026 1977 deputatis

254 2009 339 2049 per
378 1995 621 2037 concilium
662 1996 709 2036 in
748 1995 898 2036 causis
940 1995 1244 2037 devolvendis
1285 1998 1329 2036 et
1369 1994 1644 2037 deferendis
1683 1994 1742 2037 ad
1780 1993 2025 2036 concilium

255 2066 457 2119 directis,
485 2065 741 2118 Bisuntino,
768 2066 1027 2107 Viennensi
1056 2068 1101 2107 et
1131 2065 1484 2118 Mediolanensi,
1512 2065 1891 2118 archiepiscopis,
1917 2064 2027 2106 Ani-

254 2137 412 2189 ciensi,
449 2136 690 2190 Aprutino,
726 2136 1061 2188 Anchonitano,
1100 2135 1393 2189 Corcagensi,
1430 2136 1678 2190 episcopis,
1714 2135 2024 2178 Posnaniensi

249 2209 415 2260 electo,
444 2207 684 2249 Bernardo
713 2206 886 2249 vicario
915 2206 1268 2259 Burdegalensi,
1297 2209 1342 2248 et
1370 2206 1647 2259 quibusdam
1677 2205 1781 2249 aliis
1810 2205 2026 2248 omnibus

252 2278 520 2321 tenentibus
551 2280 710 2330 partes
740 2277 878 2331 regis.
922 2277 977 2319 Et
1007 2277 1272 2319 continebat
1303 2277 1423 2319 dicta
1453 2276 1729 2329 commissio,
1760 2276 1883 2329 quod
1913 2288 2026 2318 non-

253 2349 369 2391 nulli
402 2349 680 2400 cardinales,
713 2348 991 2401 patriarche,
1025 2348 1379 2400 archiepiscopi,
1413 2347 1621 2401 episcopi
1653 2350 1698 2389 et
1731 2347 1810 2390 alii
1842 2347 1891 2389 in
1922 2359 2026 2389 con-

253 2420 359 2461 cilio
402 2419 658 2462 existentes
702 2419 1043 2472 impediverant
1087 2419 1197 2460 olim
1239 2418 1500 2460 <Iohannem
1542 2431 1711 2471 papam
1754 2418 2023 2460 vicesimum

252 2490 444 2532 tercium
472 2503 588 2543 pure
617 2490 797 2532 offerre
825 2493 870 2532 et
897 2489 1119 2542 prosequi
1146 2488 1267 2531 viam
1296 2488 1683 2541 renunciacionis,
1711 2489 2024 2541 consulerant,

253 2562 375 2613 quod
404 2561 589 2614 fugeret
617 2561 674 2602 de
703 2561 898 2602 concilio
926 2563 970 2602 et
999 2560 1086 2602 iret
1115 2560 1173 2602 ad
1203 2559 1459 2611 Franciam,
1488 2559 1619 2601 illum
1649 2559 1793 2602 secuti
1821 2559 2024 2612 fuerant,

254 2632 603 2674 substinuerant
633 2632 763 2673 illum
794 2632 839 2672 in
870 2630 1106 2684 symoniis,
1135 2630 1347 2672 fecerant
1374 2631 1536 2683 plures
1565 2629 1818 2682 scripturas
1845 2621 1893 2672 et
1919 2629 2025 2672 sub-

255 2704 539 2756 scripciones
577 2705 735 2744 contra
774 2702 960 2744 decreta
1000 2701 1182 2743 concilii
1221 2704 1265 2742 et
1304 2700 1410 2742 illas
1451 2700 1674 2742 miserant
1713 2700 1772 2742 ad
1811 2700 2024 2742 diversas

254 2773 411 2814 mundi
442 2776 615 2826 partes,
647 2776 935 2814 attraxerant
967 2772 1024 2814 ad
1056 2772 1139 2813 hoc
1169 2772 1330 2824 plures
1362 2783 1446 2824 per
1477 2771 1640 2823 minas,
1673 2783 1762 2824 que
1794 2770 2022 2824 scripture

255 2844 578 2897 intelliguntur
605 2844 661 2885 de
688 2843 852 2885 cedula
878 2842 1198 2894 cardinalium,
1225 2841 1347 2894 quod
1374 2841 1716 2894 impediverant
1741 2841 1821 2883 diu
1845 2841 2024 2894 legatos

255 2914 458 2956 Castelle
496 2927 544 2955 se
582 2913 716 2955 unire
753 2913 965 2964 concilio;
1003 2912 1320 2965 impediebant
1355 2924 1626 2965 processum
1662 2914 1708 2954 et
1742 2911 2023 2953 eieccionem

256 2985 381 3027 Petri
405 2985 462 3027 de
487 2985 630 3037 Luna,
654 2997 744 3038 quc
768 2985 922 3026 omnia
945 2987 1078 3027 erant
1100 2986 1258 3026 contra
1280 2983 1451 3025 bonum
1474 2982 1673 3036 unionis,
1697 2985 1743 3024 et
1763 2985 1898 3025 erant
1919 2994 2024 3036 per-
