2102 3444
252 163 337 205 604
688 158 752 192 Ill.
785 156 993 191 Abschnilt.
1037 154 1189 189 Reform
1221 153 1298 187 und
1331 152 1578 196 Verfassung.

255 280 357 320 Alie
399 291 507 319 vero
547 289 666 329 pene
708 278 813 316 sunt
853 271 1118 324 extrinsice,
1159 274 1208 313 ut
1244 274 1357 324 puta
1393 270 1605 323 infamia,
1647 271 1898 324 deposicio‚
1937 283 2016 314 ex-

253 347 617 395 communicacio,
651 344 963 387 inhabilitacio
992 346 1035 384 et
1065 345 1218 384 cetere
1246 341 1348 383 iure
1374 341 1577 394 »positivo
1606 341 1956 395 comprehense.

368 430 495 481 Quod
528 427 769 469 multitudo
798 424 1175 477 delinquencium
1205 436 1298 466 non
1324 426 1480 477 <potest
1506 423 1622 465 dare
1653 424 1942 466 occasionem
1972 426 2017 466 et

254 513 425 542 meram
464 511 661 549 causam,
698 497 819 549 quod
855 499 1012 538 contra
1049 496 1167 538 tales
1204 507 1296 537 non
1334 494 1536 536 debeant
1571 494 1748 536 habere
1786 495 1935 537 locum
1971 497 2018 537 et

253 571 418 622 exequi
454 581 572 621 pene
610 568 734 619 iuris,
766 579 919 619 ymmo
950 566 1109 619 pocius
1140 568 1283 607 totum
1317 565 1614 618 contrarium,
1646 565 1864 607 videlicet
1895 564 2017 618 quod

253 644 441 693 propter
468 638 784 691 frequenciam
811 641 856 679 et
883 638 1077 679 abusum
1105 635 1466 689 dampnabilem,
1492 635 1724 677 notorium
1750 640 1796 679 et
1819 648 2019 678 commu-

253 723 356 752 nem
383 713 427 751 et
452 709 734 761 scandalum,
761 722 850 761 quo
874 711 967 750 tota
992 707 1189 749 ecclesia
1216 709 1285 749 est
1309 707 1537 748 maculata
1561 710 1607 749 et
1631 706 1748 759 layci
1774 707 1836 749 ita
1858 709 2019 750 contra

253 794 334 823 nos
364 780 587 832 commoti⁷
619 779 832 821 duriores
865 780 954 820 iam
987 778 1256 832 impositisss)
1292 777 1446 819 denuo
1476 778 1774 830 imponantur
1802 789 1941 831 pene,
1970 780 2020 820 ut

255 853 377 893 iuxta
404 852 545 892 verba
572 851 694 892 beati
722 849 954 891 Ambrosii
980 849 1085 890 huic
1111 848 1377 901 contagioso
1403 848 1567 890 morbo
1591 847 1783 901 ignitum
1806 861 1894 901 pro
1918 848 2019 891 eius

252 921 644 964 exterminacione
671 921 927 963 inmittatur
951 920 1129 961 ferrum
1156 923 1201 962 et
1225 919 1382 961 multi—s
1407 919 1727 962 crassantibus
1747 918 1878 962 iuxta
1901 919 2020 973 legis

253 993 398 1035 civilis
442 991 881 1034 determinacionem
925 992 983 1034 sit
1027 992 1154 1033 locus
1196 990 1416 1043 exemplo
1454 989 1660 1033 durioris
1702 989 2020 1043 imposicionis

253 1076 371 1116 pene
400 1063 543 1105 eciam
573 1063 692 1104 ultra
721 1075 745 1104 a
774 1063 873 1103 iure
903 1062 1132 1103 communi
1163 1062 1209 1102 in
1237 1061 1322 1103 hoc
1351 1060 1634 1113 inflictarum
1662 1073 1890 1114 penarum
1915 1073 2020 1103 cen-

253 1147 420 1177 suram.
466 1134 547 1176 Hic
581 1134 725 1175 eciam
757 1145 850 1175 non
883 1133 1034 1185 agitur
1067 1132 1219 1174 saltim
1252 1132 1405 1185 quoad
1438 1131 1783 1174 restitue-ionem
1815 1132 1885 1174 rei
1916 1132 2020 1175 sine

252 1206 395 1258 tytulo
425 1204 785 1257 dampnabiliter
816 1204 997 1245 dicente
1029 1204 1086 1244 de
1117 1216 1239 1256 pena
1268 1202 1565 1256 imponenda,
1595 1202 1680 1245 sed
1709 1203 1766 1244 de
1795 1215 1868 1256 eo,
1895 1202 2020 1256 quod

252 1289 350 1317 curn
397 1279 583 1328 peccato
629 1274 861 1317 detinetur
906 1287 991 1327 pro
1034 1274 1185 1327 ‘ipsius
1230 1274 1573 1316 exoneracione
1617 1274 1908 1316 consciencie
1956 1273 2021 1315 di-

253 1347 486 1399 mittendo,
527 1347 793 1399 quinymmo
832 1359 924 1387 non
964 1345 1337 1398 improbabiliter
1377 1342 1670 1399 dicereturb),
1709 1344 1834 1398 quod
1870 1345 2020 1387 eciam

252 1417 370 1460 facta
403 1418 575 1470 recepti
608 1417 828 1458 beneficii
860 1416 1158 1460 restitucione
1192 1417 1309 1458 reali
1342 1428 1594 1469 nunquam,
1622 1415 1672 1458 »id
1700 1418 1828 1458 esset
1860 1415 1929 1458 i·ll·i
1958 1427 2020 1457 ex

251 1501 369 1530 nova
398 1488 641 1530 collatione
671 1487 968 1530 tribuendum
998 1488 1057 1529 ad
1086 1487 1232 1529 instar
1261 1490 1499 1540 raptorum
1528 1486 1736 1540 virginis,
1763 1486 1844 1540 qui
1873 1487 2020 1528 eciam

253 1563 411 1612 raptus
443 1563 636 1612 purgato
666 1559 783 1601 vicio
813 1562 992 1612 raptam
1023 1571 1115 1600 non
1142 1561 1297 1612 potest
1326 1558 1504 1600 habere
1535 1558 1583 1599 in
1611 1570 1808 1600 uxorem
1835 1560 1884 1600 et
1914 1558 2022 1600 licet
2067 1557 2070 1561 ’

252 1630 418 1672 dictum
481 1631 536 1672 sit
597 1629 696 1671 iure
758 1629 955 1682 positivo
1016 1629 1236 1671 canonico
1293 1629 1342 1670 in
1403 1629 1488 1671 hoc
1550 1632 1805 1671 correctum
1866 1631 1912 1671 et
1971 1632 2020 1672 ut

252 1701 460 1754 proinde.
500 1702 567 1742 An
594 1701 759 1743 fuisset
785 1701 952 1743 melius
978 1701 1079 1743 iura
1100 1701 1295 1753 *antiqua
1315 1703 1581 1742 ¹sanctorum
1602 1703 1789 1754 'patrum
1811 1703 1860 1742 et
1881 1711 2020 1754 gene-

254 1773 418 1814 ralium
450 1773 747 1814 conciliorum
779 1772 867 1813 iuri
900 1772 1021 1814 civili
1054 1772 1457 1813 consenciencium
1486 1772 1684 1825 servari,
1716 1771 1903 1813 remitto
1931 1770 2021 1813 dis-

253 1843 426 1884 cucioni
454 1844 676 1895 veritatis,
704 1846 905 1885 attamen
932 1843 1054 1885 istud
1080 1842 1427 1897 verum‘·)‚quod
1452 1842 1573 1885 dicto
1594 1840 1844 1896 cornectod)
1873 1853 2020 1884 rema-

251 1917 329 1955 net
358 1914 403 1955 in
433 1927 538 1955 casu
568 1927 659 1956 non
688 1913 933 1968 eorrectod)
967 1915 1082 1957 iuris
1110 1915 1234 1956 racio
1260 1926 1452 1967 *semper
1480 1914 1648 1956 intacta
1673 1916 1722 1956 et
1748 1925 1837 1967 perr
1860 1925 2019 1956 conse-

253 1997 400 2037 quens
435 1985 540 2026 addi
576 1985 713 2028 debet
747 1998 883 2038 pena,
918 1985 1041 2038 quod
1075 1985 1221 2028 eciam
1254 1997 1493 2038 nunquam
1526 1984 1811 2027 beneficium
1847 1983 1909 2028 sic
1942 1983 2019 2026 ob-

253 2058 425 2096 tentum
456 2068 513 2096 ex
542 2068 659 2098 nova
688 2057 940 2098 collacione
971 2056 1166 2099 deberet
1193 2056 1402 2109 adipisci.

369 2138 497 2189 Quod
530 2151 629 2179 cum
659 2151 782 2191 *palpa
815 2142 1006 2192 propter
1037 2139 1223 2193 gesim0)
1260 2139 1318 2182 sit
1345 2139 1507 2192 ¹papali
1537 2138 1763 2192 dignitate
1792 2137 2019 2191 «privatus,

252 2207 298 2249 in
323 2221 411 2260 qua
434 2208 503 2250 ius
526 2209 725 2252 habebat
748 2213 791 2252 et
812 2210 1006 2263 tytulum
1023 2213 1248 2263 perantea
1262 2223 1322 2252 ex
1336 2222 1431 2252 non
1444 2210 1712 2262 symoniaca
1727 2208 1786 2251 ad
1798 2211 2019 2262 papatum

255 2279 530 2332 provisione,
562 2282 715 2322 tamen
748 2280 827 2323 illa
858 2294 951 2323 non
985 2281 1042 2323 sit
1074 2281 1161 2324 sibi
1193 2281 1419 2335 opposita,
1450 2281 1594 2323 multo
1624 2280 1799 2322 sorcius
1828 2280 1910 2335 hi-i,
1940 2279 2019 2333 qui

255 2362 337 2401 per
366 2350 617 2402 symoniam
646 2351 878 2394 beneficia
907 2352 1062 2406 adepti
1091 2356 1209 2405 sunt,
1237 2352 1430 2394 veniunt
1452 2351 1672 2406 ¹privandi
1697 2354 1930 2405 perpetuo
1953 2350 2020 2394 sic

254 2419 447 2472 adeptis,
477 2421 521 2462 in
551 2422 718 2473 quibus
747 2423 925 2464 nullum
954 2424 1149 2476 tytulum
1176 2424 1452 2477 habuerant,
1480 2426 1636 2466 tamen
1664 2423 1784 2465 alter
1808 2422 2019 2476 priv-atus

255 2490 310 2533 sit
336 2492 479 2543 tytulo
504 2492 720 2545 legitimo,
747 2507 882 2546 quem
904 2494 1038 2547 ¹prius
1062 2494 1305 2548 habuerat,
1326 2494 1448 2538 *alias
1472 2494 1652 2537 dicetur
1675 2493 1847 2536 iniusta
1870 2493 2018 2535 fuisse

254 2562 354 2603 eius
385 2562 618 2614 deposicio
649 2567 691 2605 et
723 2565 867 2617 magis
898 2577 1099 2618 persone
1128 2566 1236 2608 odio
1266 2578 1403 2619 quam
1432 2566 1533 2608 zelo
1559 2564 1757 2608 iusticie.
1799 2564 1923 2618 Ergo
1948 2562 2018 2606 illi

255 2633 446 2674 veniunt
467 2639 690 2686 perpetue
715 2639 758 2677 et
782 2636 881 2677 sine
906 2649 989 2689 spe
1012 2636 1323 2679 restitucionis
1344 2636 1562 2690 privandi
1586 2635 1781 2689 adeptis.

370 2715 497 2766 Quod
531 2716 703 2758 solucio
737 2718 1055 2760 vaoanciarum
1087 2719 1185 2761 sive
1216 2719 1485 2771 paccionata
1511 2719 1614 2760 :sive
1643 2730 1752 2772 non,
1784 2717 1882 2761 sive
1912 2718 2018 2760 ante

255 2785 351 2826 slve
385 2798 442 2826 ex
476 2790 575 2838 post
609 2787 741 2837 facta,
775 2789 870 2830 sive
904 2792 1009 2831 ante
1042 2790 1345 2832 tradicionem
1377 2790 1612 2832 bullarum
1646 2790 1743 2832 sive
1776 2791 1881 2842 post
1910 2800 2019 2841 quo-

256 2855 571 2908 modocunque
611 2862 785 2910 exacta,
826 2863 896 2901 est
935 2873 1050 2913 pure
1091 2861 1353 2913 symoniaca
1392 2864 1440 2903 et
1476 2860 1523 2902 in
1562 2873 1618 2903 ea
1656 2860 1831 2903 habent
1869 2860 2018 2902 locum

256 2926 406 2968 omnia
436 2928 711 2981 supradicta,
740 2930 1006 2982 quinymmo
1034 2932 1282 2983 promissio
1310 2932 1408 2974 sive
1438 2931 1667 2985 obligacio
1693 2930 1751 2974 de
1781 2928 2018 2982 solvendo,

362 3053 391 3085 a)
419 3053 487 3079 Τίνα-τ
511 3055 665 3080 ansivher.
725 3055 755 3089 b)
779 3057 811 3082 St
833 3055 970 3084 dicetur.
1034 3061 1062 3091 0)
1085 3058 1127 3085 St.
1152 3058 1298 3086 verbum.
1361 3059 1392 3093 d)
1413 3059 1455 3087 St.
1476 3058 1628 3087 contrito.
1685 3058 1714 3093 e)
1734 3058 1768 3086 St
1786 3057 1913 3093 giezim.
