2102 3444
235 138 320 181 270
769 138 795 172 1.
822 137 1032 173 Abschnitt.
1071 136 1472 182 Konzilstagebiicher.

236 256 470 299 vocabiles
505 259 832 309 procuratores
869 257 927 298 ad
963 256 1332 298 renunciandum
1369 257 1642 310 simpliciter
1679 260 1724 299 et
1760 256 1817 298 de
1852 257 2008 310 plano,

236 327 351 369 sicut
380 328 489 369 fecit
519 326 787 380 Gregorius.
831 328 884 369 Et
913 328 989 368 die
1018 327 1205 370 veneris
1234 327 1474 369 XXVIIII.
1506 330 1802 370 recesserunt
1830 328 1937 369 hinc
1966 328 2006 371 d.

236 397 478 452 Didacusa)
515 398 572 440 de
605 398 822 440 Vadiello
854 402 899 440 et
930 398 1132 440 Didacus
1167 398 1451 440 Ferdinandi
1486 399 1542 440 de
1574 398 1811 450 Quinones
1841 401 1887 440 et
1918 410 2010 440 am-

238 469 522 511 bassiatores
558 469 849 520 Barchinone
886 482 972 522 pro
1010 469 1164 511 eundo
1201 470 1463 512 Narbonam
1502 470 1559 512 ad
1597 470 1639 512 d.
1680 470 2009 522 imperatorem

238 552 379 592 super
404 540 504 582 istis
527 539 725 593 negotiis
749 553 807 581 ex
832 543 964 593 parte
990 540 1113 593 regis
1138 540 1340 582 Castelle
1366 544 1410 582 et
1433 541 1666 594 Aragonie
1693 543 1738 582 et
1762 530 2010 583 communi-

238 613 393 652 tatum.

355 682 508 723 Tenor
536 681 654 724 dicte
684 682 848 724 cedule
878 685 948 725 est
976 682 1101 724 talis:

356 752 691 794 Conclusiones
724 752 843 795 facte
875 766 960 806 per
991 753 1234 795 concilium
1267 754 1308 796 d.
1342 755 1466 807 regis
1497 754 1778 807 Aragonum.

355 823 511 866 Prima
537 824 786 877 conclusio,
816 825 939 877 quod
969 836 1130 868 omnes
1161 825 1242 878 illi,
1272 825 1349 878 qui
1379 828 1483 866 sunt
1513 825 1570 867 de
1599 815 1699 867 istis
1727 825 1876 867 tribus
1905 824 2012 866 obe-

238 894 447 947 dienciis,
479 895 654 937 scilicet
685 895 726 937 d.
758 896 904 937 nostri
938 899 983 938 et
1015 895 1308 938 Baldassaris
1342 896 1484 938 Cosse
1516 900 1562 938 et
1592 895 1808 949 Gregorii
1840 907 2012 937 nuncu-

237 969 464 1018 patorum,
485 966 666 1018 possint
688 979 737 1008 se
760 979 1044 1020 congregare
1067 968 1168 1009 sine
1192 967 1384 1009 licencia
1408 967 1449 1008 d.
1472 967 1618 1009 nostri
1642 979 1763 1020 pape
1787 969 1831 1008 et
1854 966 2011 1008 facere

238 1036 495 1078 concilium.
541 1037 633 1078 Nec
666 1040 736 1079 est
768 1038 1103 1090 necessarium,
1137 1038 1259 1090 quod
1293 1039 1560 1091 requiratur
1594 1038 1793 1080 ulterius
1826 1038 2012 1079 attentis

238 1107 629 1159 requisicionibus
658 1109 749 1150 iam
778 1107 926 1151 factis.

357 1178 570 1221 Secunda
612 1179 861 1233 conclusio,
905 1180 1028 1232 quod
1070 1180 1231 1233 nostri,
1275 1180 1351 1233 qui
1398 1184 1503 1222 sunt
1548 1180 1605 1221 de
1650 1179 1924 1222 obediencia
1969 1179 2011 1221 d.

238 1251 383 1292 nostri
422 1262 523 1292 cum
560 1250 664 1292 aliis
703 1250 759 1292 de
797 1251 904 1293 aliis
940 1251 1228 1292 obedienciis
1264 1251 1445 1304 possint
1478 1251 1735 1304 procedere
1773 1253 1932 1293 contra
1969 1250 2010 1292 d.

237 1324 446 1362 nostrum
472 1324 517 1363 et
541 1320 658 1364 alias
683 1321 854 1374 facere,
879 1325 1017 1375 prout
1041 1321 1109 1364 eis
1135 1322 1368 1364 videbitur
1393 1320 1702 1376 faciendum¹’)
1729 1335 1816 1375 pro
1838 1321 2012 1363 unione

238 1391 434 1434 ecclesie
465 1391 639 1434 fienda.
1705 1397 1709 1401 ’

355 1463 519 1505 Tercia
544 1464 793 1516 conclusio,
816 1464 943 1516 vquod
968 1464 1026 1506 de
1049 1464 1348 1517 processibus
1374 1467 1418 1506 et
1444 1464 1753 1517 anathemate,
1779 1476 1868 1517 que
1894 1463 2013 1505 fient

238 1537 395 1576 contra
428 1533 469 1576 d.
500 1537 710 1577 nostrum
741 1534 983 1588 inclusive,
1015 1535 1219 1577 habeant
1251 1536 1514 1577 consentire
1547 1547 1709 1577 omnes
1739 1535 1814 1576 vel
1848 1534 2012 1577 saltem

240 1605 385 1646 maior
411 1618 522 1659 pars
551 1605 752 1659 illorum,
780 1606 858 1658 qui
888 1606 951 1648 ibi
981 1609 1118 1648 erunt
1145 1606 1203 1647 de
1231 1606 1506 1648 obediencia
1533 1606 1575 1648 d.
1603 1606 1764 1648 nostri.

358 1676 555 1719 Domino
578 1676 682 1719 duci
704 1676 937 1719 Ludovico
960 1677 1017 1719 de
1041 1677 1237 1719 Bavaria
1257 1677 1412 1719 comiti
1436 1677 1649 1719 Palatino
1669 1677 1788 1719 Reni
1810 1679 1893 1719 etc.

355 1747 680 1800 Sigismundus
724 1748 1037 1790 Romanorum
1083 1760 1167 1790 rex
1213 1752 1296 1790 etc.
1359 1747 1572 1801 illustris,
1619 1760 1724 1790 care
1768 1747 2012 1799 avuncule,

240 1819 474 1872 princeps,
516 1819 706 1860 elector!
763 1820 861 1861 Non
905 1819 1182 1873 ambigimus
1225 1823 1301 1861 tue
1346 1819 1609 1861 dilectionis
1652 1818 1856 1861 animum
1900 1831 2013 1872 sepe

239 1892 478 1942 gravatum
504 1890 550 1931 in
574 1890 880 1942 expedicione
904 1894 949 1932 et
970 1891 1179 1933 custodia
1204 1890 1323 1933 sacri
1347 1890 1529 1932 concilii
1553 1893 1598 1932 et
1622 1890 1745 1943 quod
1767 1889 1850 1932 tibi
1875 1889 2012 1932 etiam

241 1960 297 2002 de
348 1961 521 2003 nostris
574 1962 868 2003 successibus
920 1962 994 2003 hic
1046 1974 1154 2004 raro
1187 1962 1540 2014 scripseramus.
1594 1961 1713 2003 Care
1766 1960 2010 2003 avuncule!

241 2031 424 2074 Pluries
453 2031 537 2073 tibi
567 2031 770 2074 libenter
800 2032 1166 2085 scripsissemus,
1197 2032 1281 2075 sed
1311 2035 1374 2075 tot
1402 2032 1649 2074 habuimus
1680 2032 2014 2084 involuciones,

242 2101 573 2155 impedimenta
595 2105 641 2144 et
662 2103 971 2145 alteraciones
995 2103 1072 2156 sic,
1096 2104 1218 2156 quod
1240 2116 1332 2145 uno
1355 2103 1430 2145 die
1453 2103 1541 2145 fuit
1562 2103 1844 2157 conclusum,
1866 2102 2013 2145 altera

240 2173 391 2215 extitit
422 2172 662 2215 variatum.
707 2174 763 2215 Et
794 2173 899 2216 ideo
929 2173 1154 2217 hactenus
1185 2178 1262 2216 tue
1295 2174 1532 2216 dilectioni
1563 2174 1629 2216 nil
1661 2173 1774 2216 certi
1806 2173 2014 2216 scribere

242 2244 527 2286 valebamus.
574 2244 700 2286 Nunc
734 2247 886 2286 autem
922 2245 978 2286 de
1011 2245 1165 2298 gracia
1200 2246 1285 2287 Dei
1320 2245 1423 2286 heri
1454 2246 1570 2288 hora
1603 2244 1819 2286 meridiei
1851 2257 1937 2287 nos
1969 2246 2014 2286 et

241 2315 481 2356 nobiscum
513 2327 607 2356 rev.
639 2315 808 2368 prelati
838 2319 883 2357 et
914 2315 1275 2358 ambassiatores
1307 2317 1423 2358 sacri
1455 2315 1636 2357 concilii
1667 2328 1768 2357 cum
1799 2315 2015 2357 illustris-

242 2385 358 2428 simo
383 2385 645 2439 principum
672 2398 833 2439 regum
860 2386 1108 2439 Aragonie,
1137 2386 1355 2438 Castelle,
1382 2387 1586 2428 Navarre
1612 2389 1658 2429 et
1681 2385 1854 2429 nobilis
1878 2385 2014 2428 comi-

242 2456 299 2499 tis
337 2456 453 2498 Fuxi
491 2456 844 2498 venerabilibus
883 2457 1313 2510 ambassiatoribus,
1351 2458 1428 2510 qui
1468 2457 1526 2499 ad
1562 2458 1648 2499 hoc
1685 2456 1951 2499 faciendum
1989 2468 2012 2498 a

241 2527 462 2580 predictis
490 2527 678 2580 regibus
703 2531 748 2569 et
774 2528 938 2569 comite
965 2528 1290 2580 plenissimum
1318 2528 1584 2570 mandatum
1611 2528 1890 2580 habuerunt,
1915 2526 2013 2569 uni-

243 2610 378 2640 onem
406 2601 562 2641 sancte
589 2599 787 2640 ecclesie
815 2597 1115 2640 laudabiliter
1143 2598 1452 2641 conclusimus
1479 2601 1524 2640 et
1551 2598 1609 2640 ad
1636 2598 1823 2641 laudem
1850 2601 1896 2640 et
1920 2597 2033 2652 glo-'

243 2669 358 2711 riam
393 2668 723 2722 omnipotentis
758 2669 840 2710 Dei
876 2669 1035 2711 habita
1068 2672 1138 2711 est
1173 2668 1314 2711 missa
1350 2669 1406 2710 de
1441 2672 1598 2712 sancto
1634 2669 1799 2722 spiritu
1833 2672 1879 2711 et
1910 2681 2014 2722 pro-

243 2739 391 2782 cessio
425 2740 662 2782 solemnis.
710 2740 765 2782 Et
798 2740 883 2781 hoc
917 2739 1162 2781 scribimus
1196 2742 1274 2781 tue
1310 2739 1543 2781 dilectioni
1579 2740 1637 2781 ad
1671 2738 1890 2793 gaudium
1924 2739 2013 2782 sin-

242 2811 404 2863 gulare
432 2814 478 2853 et
505 2811 628 2864 quod
656 2810 713 2852 de
741 2813 896 2853 cetero
924 2810 1060 2853 nobis
1087 2822 1179 2852 non
1208 2810 1430 2863 ascribas,
1458 2810 1581 2863 quod
1609 2810 1726 2853 alias
1751 2823 1845 2853 non
1870 2810 2013 2863 scrip-

244 2881 387 2924 simus
414 2881 511 2924 tibi.
554 2882 609 2924 Et
638 2881 837 2934 qualiter
867 2882 952 2923 ista
982 2880 1239 2922 introducta
1269 2884 1352 2932 est,
1382 2881 1488 2922 dicti
1518 2881 1692 2923 domini
1720 2881 1777 2923 de
1805 2880 2013 2932 concilio,

244 2953 321 3004 qui
352 2953 593 2994 nobiscum
625 2952 830 3005 fuerunt,
862 2955 906 2994 et
939 2951 1076 2994 etiam
1109 2951 1188 2993 alii
1220 2952 1365 2993 nostri
1399 2951 1761 2994 ambassiatores
1791 2954 1916 2994 tuam
1948 2950 2012 2993 di-

348 3060 377 3082 at
400 3036 574 3081 mian-‘mik
597 3055 741 3082 indicus
798 3055 830 3086 b>
854 3056 889 3087 B,
913 3055 935 3082 ο
952 3054 1035 3089 [οων
1061 3055 1100 3081 et.
