2227 3434
0 332 7 337 x
0 150 11 313 r-v-—vv-
0 100 14 118 ,⁸¹

569 214 607 251 Β.
652 216 899 251 Avisamente
933 218 1002 251 der
1033 211 1351 250 Reformatorien.
1759 213 1844 258 659

74 335 248 378 valoris
270 347 435 377 eorum
463 334 641 377 fructus
656 338 739 376 etc.
756 335 1027 387 existerent,
1043 346 1223 375 necnon
1238 333 1522 375 tenebuntur
1534 333 1681 375 eciam
1696 333 1845 374 dimit-

2 452 10 457 ,
75 410 174 448 tere
210 406 365 448 omnia
399 405 631 448 beneficia
668 405 758 447 alia
794 405 1123 457 ecclesiastica,
1159 417 1356 457 quorum
1391 404 1568 446 fructus
1602 407 1687 445 etc.
1723 404 1762 445 si
1798 404 1844 444 in

79 476 224 529 Italia,
250 488 397 528 usque
423 476 482 518 ad
506 475 645 528 XXV,
672 476 709 517 si
737 475 847 531 alibi
875 476 962 537 sita
988 478 1107 527 sunt,
1134 487 1281 527 usque
1309 475 1367 517 ad
1394 474 1515 515 LXX
1541 474 1645 518 libr.
1674 474 1843 515 Turon.

74 548 249 590 valoris
285 559 456 588 annum
495 545 744 588 ordinariis
782 545 1005 587 oneribus
1042 545 1197 587 debite
1237 545 1520 598 supportatis
1557 557 1650 586 non
1687 556 1845 586 ascen-

74 617 201 660 dunt.
257 617 507 659 Habebunt
550 619 703 658 autem
748 616 1015 657 facultatem
1060 616 1149 668 ipsi
1194 615 1368 656 domini
1412 614 1537 657 infra
1581 614 1688 656 dicti
1733 614 1843 656 anni

74 687 280 741 spacium
324 687 590 729 huiusmodi
635 686 954 738 parrochiales
1000 686 1237 738 ecclesias,
1283 685 1442 727 officia
1487 685 1754 726 claustralia
1800 687 1845 725 et

4 803 9 806 ,
71 758 306 800 beneficia
326 758 428 810 ipsa
446 758 627 799 minora
648 769 749 798 cum
769 756 1016 798 beneficiis
1037 756 1230 798 alterius
1248 755 1450 808 generis,
1473 755 1672 798 inferius
1690 758 1845 797 tamen

73 841 167 871 non
188 828 435 882 prohibitis
456 830 725 881 permutare
747 828 820 868 vel
844 839 966 879 papa
989 826 1167 868 eisdem
1192 830 1515 879 recompenset
1539 825 1844 877 incomodum,

11 926 18 930 -
74 899 197 952 quod
227 911 286 940 ex
316 898 587 940 dimissione
618 897 827 950 predicta
856 897 945 950 ipsi
977 897 1018 939 d.
1050 896 1314 938 cardinales
1345 896 1596 948 incurrant,
1629 908 1714 937 seu
1740 908 1845 947 pro-

73 969 226 1012 videat
260 969 390 1021 alias,
422 972 561 1022 prout
595 968 683 1010 sibi
716 967 949 1009 videbitur
981 966 1224 1020 expedire.
1272 966 1578 1008 Canonicatus
1611 969 1766 1007 tamen
1800 969 1844 1006 et

73 1039 355 1094 prebendas,
393 1052 509 1101 quas
548 1042 653 1080 ante
694 1038 1066 1091 assumpcionem
1105 1050 1286 1078 necnon
1325 1040 1371 1078 et
1406 1036 1689 1089 prebendas,
1729 1048 1844 1088 quas

73 1123 173 1152 cum
204 1110 426 1163 dignitate
456 1113 502 1152 et
529 1109 689 1151 officio
717 1111 820 1161 post
849 1108 1222 1160 assumpcionem
1251 1107 1565 1148 cardinalatus
1595 1106 1714 1148 forte
1745 1106 1844 1147 fuve-

74 1185 180 1224 runt
203 1180 416 1232 assecuti,
442 1180 550 1222 licet
572 1192 733 1221 eorum
756 1178 934 1220 fructus
956 1181 1040 1220 etc.
1067 1178 1124 1219 ad
1149 1190 1373 1219 summam
1400 1177 1521 1218 LXX
1544 1177 1648 1219 libr.
1674 1177 1842 1218 Turon.

71 1264 164 1293 non
195 1250 464 1303 ascendunt,
494 1250 582 1303 ipsi
612 1249 942 1290 nichilominus
972 1248 1176 1290 retinere
1207 1248 1407 1289 valeant.

189 1321 244 1363 Et
278 1320 473 1374 insuper
506 1333 691 1361 exnunc
727 1320 882 1361 omnia
917 1319 1180 1371 hospitalia,
1216 1318 1518 1371 leprosorias,
1554 1316 1843 1359 xenodochia

71 1396 116 1436 et
144 1392 236 1434 alia
264 1392 342 1445 pia
370 1391 484 1444 loca,
513 1403 603 1443 que
628 1403 718 1443 pro
746 1389 1060 1442 hospitalitate
1089 1388 1294 1430 tenenda
1323 1392 1429 1430 sunt
1458 1387 1666 1440 fundata,
1694 1387 1843 1428 dimit-

72 1465 171 1505 tere
197 1462 481 1504 tenebuntur
507 1462 553 1502 in
579 1460 793 1503 manibus
821 1459 1116 1512 superiorum
1141 1458 1406 1501 huiusmodi
1434 1459 1638 1500 locorum
1665 1458 1842 1510 absque

72 1532 510 1586 recompensacione
551 1531 655 1573 alia.
707 1531 778 1572 Ab
818 1531 903 1572 hoc
942 1534 1097 1572 tamen
1138 1529 1287 1571 edicto
1326 1528 1539 1570 dominus
1579 1528 1842 1581 Ragusinus

71 1603 342 1656 excipiatur,
371 1601 621 1656 presertim
653 1604 845 1655 propter
876 1613 959 1643 sue
990 1601 1144 1642 tenuis
1175 1599 1458 1653 provisionis
1489 1598 1716 1642 notoriam
1748 1597 1843 1639 exi-

71 1675 306 1728 guitatem.

189 1745 336 1787 Porro
366 1743 563 1796 quilibet
593 1756 653 1785 ex
685 1742 724 1786 d.
759 1741 1076 1784 cardinalibus
1109 1741 1199 1783 iam
1230 1740 1413 1794 creatis,
1447 1739 1485 1782 si
1518 1751 1660 1780 unum
1693 1738 1842 1781 solum

72 1814 533 1868 archiepiscopatum,
562 1813 893 1866 episcopatum,
923 1811 1176 1864 abbaciam,
1205 1810 1460 1863 prioratum
1488 1809 1842 1851 conventualem

72 1889 148 1928 aut
181 1885 452 1938 dignitatem
485 1884 623 1926 aliam
655 1885 729 1925 vel
764 1882 1047 1924 beneficium
1080 1881 1208 1923 aliud
1241 1880 1547 1934 quodcunque
1578 1882 1738 1932 preter
1771 1878 1841 1920 sui

73 1955 388 1998 cardinalatus
426 1954 619 1996 Romani
658 1954 841 1996 titulum
879 1953 936 1995 de
972 1952 1184 2005 presenti
1224 1951 1401 1993 obtinet
1437 1951 1512 1992 vel
1548 1950 1598 1991 in
1634 1949 1841 1991 futurum

72 2025 325 2068 secundum
353 2025 701 2067 ordinacionem
729 2023 909 2066 concilii
937 2022 1177 2074 obtinebit,
1205 2021 1351 2074 illum,
1378 2021 1505 2062 illam
1535 2033 1619 2062 seu
1645 2019 1776 2072 illud,
1803 2019 1841 2060 si

72 2109 183 2138 vero
216 2097 377 2149 plures
412 2107 496 2138 seu
529 2095 665 2148 plura
699 2107 757 2136 ex
792 2093 1094 2147 dignitatibus
1128 2091 1375 2134 beneficiis
1409 2090 1620 2132 eiusdem
1654 2089 1842 2143 generis

74 2167 147 2209 vel
183 2167 476 2208 diversorum
511 2165 731 2217 obtineat,
767 2164 913 2216 illum,
949 2163 1077 2205 illam
1113 2175 1197 2205 seu
1232 2162 1362 2214 illud,
1398 2173 1550 2214 quem,
1586 2173 1722 2213 quam
1758 2171 1842 2202 seu

74 2237 196 2290 quod
222 2249 281 2278 ex
309 2235 404 2279 illi-s
430 2235 553 2278 infra
581 2247 789 2277 mensem
818 2247 844 2276 a
870 2234 944 2275 die
973 2233 1228 2275 oblacionis
1256 2232 1401 2274 realis
1426 2230 1724 2283 inirascripte
1754 2228 1842 2270 sibi

73 2307 195 2350 facte
229 2310 390 2360 optare
426 2305 643 2348 maluerit
676 2305 735 2347 ad
769 2317 933 2346 manus
968 2316 1077 2346 suas
1112 2303 1317 2345 retinere
1352 2301 1552 2354 valebat,
1588 2301 1636 2342 in
1670 2312 1760 2353 qua
1796 2300 1842 2340 in

73 2377 344 2430 antiquitate
370 2379 449 2419 aut
476 2376 592 2418 alias
618 2375 842 2428 temporis
868 2375 1087 2427 exigente
1115 2373 1335 2426 qualitate
1364 2371 1590 2413 reducere
1619 2383 1668 2412 se
1695 2370 1843 2423 possit

74 2451 118 2490 et
143 2448 228 2490 hoc
256 2447 386 2490 salvo
414 2447 820 2499 quocienscunque
846 2445 1032 2487 futurus
1061 2456 1266 2486 summus
1294 2441 1505 2495 pontifex
1534 2441 1649 2494 ipsis
1677 2440 1719 2482 d.
1747 2452 1843 2481 car-

73 2517 310 2560 dinalibus
336 2517 426 2559 iam
454 2517 621 2559 creatis
650 2517 723 2557 vel
754 2516 960 2568 ipsorum
990 2515 1124 2556 alteri
1153 2512 1641 2565 recompensacionem
1670 2510 1843 2552 valoris

73 2587 319 2641 fructuum,
356 2591 665 2640 proventuum
702 2590 785 2629 etc.
824 2597 1098 2637 annuorum,
1136 2584 1214 2637 qui
1251 2582 1554 2625 communiter
1592 2582 1844 2634 supersunt

74 2659 296 2717 oneribus
320 2658 604 2711 supportatis
627 2656 892 2698 huiusmodi
917 2655 1203 2708 reliquorum
1227 2653 1566 2695 beneficiorum
1590 2664 1673 2693 seu
1698 2650 1843 2703 digni-

75 2731 216 2771 tatum
252 2729 445 2771 realiter
479 2732 524 2770 et
559 2740 659 2769 cum
696 2727 870 2768 effectu
906 2726 1126 2767 obtulerit
1163 2736 1248 2766 seu
1283 2723 1599 2776 provisionem
1634 2722 1680 2762 in
1716 2719 1843 2772 equi-

75 2799 247 2841 valenti
268 2799 474 2841 valorem
499 2798 704 2851 ipsorum
726 2797 957 2838 fructuum
984 2796 1029 2837 in
1052 2794 1237 2836 redditu
1260 2806 1343 2835 seu
1364 2795 1594 2846 proventu
1615 2793 1843 2844 perpetuo

75 2869 322 2922 presertim
349 2869 396 2910 in
423 2868 704 2921 patrimonio
729 2866 926 2908 ecclesie
954 2866 1158 2907 Romane
1187 2865 1233 2905 in
1262 2863 1472 2906 serviciis
1497 2861 1675 2914 primis,
1701 2872 1842 2902 anna-

76 2939 133 2982 tis
164 2940 238 2981 vel
272 2951 455 2980 camere
489 2938 741 2991 apostolice
777 2937 956 2978 iuribus
990 2936 1096 2977 aliis
1130 2934 1307 2975 eisdem
1341 2933 1383 2974 d.
1418 2931 1733 2974 cardinalibus
1767 2930 1840 2970 vel

76 3007 281 3062 ipsorum
311 3009 445 3051 alteri
476 3008 655 3060 fecerit,
685 3007 883 3048 decurso
911 3005 1080 3059 prefati
1112 3003 1335 3056 temporis
1366 3014 1525 3043 mense
1557 3014 1582 3042 a
1613 3000 1687 3041 die
1717 2999 1842 3041 obla-

77 3079 221 3122 cionis
244 3079 391 3133 ipsius
411 3078 622 3120 inchoate
646 3089 781 3119 omne
806 3076 876 3118 ius
899 3076 944 3117 in
967 3074 1231 3117 huiusmodi
1255 3073 1450 3125 reliquis
1473 3070 1734 3123 beneficiis,
1756 3082 1842 3122 pro

1536 3151 1591 3190 42
1609 3151 1628 3170 *
