2227 3434
219 419 298 492 C.
374 419 557 490 Acta
609 417 899 490 concilii
953 418 1091 489 des
1144 418 1230 490 G.
1286 417 1379 490 de
1430 419 1690 488 Turre.

189 588 325 630 Anno
354 586 527 630 domini
558 585 808 628 millesimo
838 585 1299 639 quadringentesimo
1331 588 1495 638 quarto
1524 584 1741 626 vicesima
1773 596 1842 626 oc-

74 662 178 701 tava
211 659 286 700 die
319 659 494 700 mensis
526 657 735 700 Octobris
770 657 955 698 intravit
990 656 1312 699 Constanciam
1347 656 1389 698 d.
1423 659 1582 698 noster
1614 668 1735 709 papa
1769 656 1842 697 Jo-

74 729 254 772 hannes
282 729 528 771 vicesimus
557 729 728 771 tercius
757 740 841 781 pro
870 727 1153 769 celebrando
1181 727 1424 768 concilium
1453 727 1690 780 generale,
1720 726 1842 779 quod

76 812 161 853 per
203 801 334 853 prius
378 800 679 842 mandaverat
722 811 806 852 per
851 798 1083 851 quandam
1127 798 1303 840 bullam
1349 810 1492 850 suam,
1535 797 1665 839 cuius
1710 801 1842 839 tenor

75 870 285 923 sequitur
313 871 360 912 in
386 871 471 912 hec
499 870 643 912 verba
672 903 680 911 .
716 903 724 911 .
760 870 810 923 .¹)

194 942 277 984 Die
310 941 460 994 prima
492 941 668 983 mensis
699 940 972 983 Novembris
1006 940 1048 982 d.
1082 943 1241 982 noster
1274 940 1527 982 celebravit
1561 940 1763 991 missam,
1798 939 1842 979 in

76 1025 167 1065 qua
190 1012 380 1054 fuerunt
403 1015 649 1065 presentes
673 1011 1074 1065 ambassiat01·es²¹)
1104 1011 1145 1052 (1.
1170 1011 1479 1063 imperatoris,
1505 1011 1582 1063 qui
1607 1010 1844 1051 redierant

77 1096 103 1124 a
124 1083 263 1125 Petro
282 1083 338 1124 de
362 1083 492 1125 Luna
512 1086 558 1124 et
578 1083 666 1123 fuit
685 1083 903 1124 nunciata
926 1080 1115 1134 sessio¹¹)
1142 1082 1199 1123 ad
1221 1081 1344 1123 diem
1366 1082 1474 1122 lune
1499 1084 1785 1134 sequentem.

193 1154 290 1205 Qua
317 1153 391 1195 die
419 1154 528 1195 lune
555 1153 834 1194 adveniente
862 1152 949 1194 fuit
975 1153 1211 1194 celebrata
1238 1152 1400 1204 sessio,
1429 1153 1475 1193 in
1502 1164 1592 1204 qua
1619 1152 1660 1193 d.
1686 1155 1846 1192 noster

77 1225 186 1267 fecit
214 1224 478 1276 servicium;
509 1227 553 1266 et
583 1236 845 1265 sermonem
873 1223 983 1265 fecit
1012 1226 1283 1276 procurator
1313 1222 1647 1265 Cluniacensis.
1694 1222 1743 1263 In
1773 1235 1846 1264 ea-

78 1295 276 1348 demque
322 1295 410 1337 suit
455 1295 675 1347 decisum,
721 1295 843 1347 quod
889 1295 1208 1335 celebraretur
1255 1294 1403 1336 sessio
1450 1293 1523 1335 die
1570 1293 1691 1335 XVI.
1739 1293 1845 1334 dicti

80 1367 267 1408 mensis.
318 1366 372 1408 Et
406 1366 579 1408 exinde
616 1365 703 1407 fuit
739 1366 974 1407 celebrata
1012 1365 1174 1417 sessio,
1213 1365 1257 1405 in
1296 1377 1387 1417 qua
1421 1365 1463 1406 d.
1501 1364 1752 1406 cardinalis
1790 1364 1846 1405 de

80 1436 263 1480 Ursinis
284 1436 392 1478 fecit
413 1436 659 1478 servicium
680 1436 966 1488 cantatisque
989 1436 1175 1477 letaniis
1195 1439 1239 1477 et
1260 1448 1448 1488 ympno:
1484 1435 1616 1487 ,Veni
1638 1435 1848 1485 creator‘,

81 1510 130 1550 ut
150 1507 292 1550 moris
313 1511 397 1560 est,
421 1507 568 1549 dictus
593 1507 634 1549 d.
656 1510 816 1549 noster
839 1507 1010 1549 sedens
1036 1507 1081 1547 in
1105 1519 1187 1548 sua
1210 1506 1429 1548 cathedra
1452 1505 1563 1547 fecit
1586 1517 1848 1548 sermonem

82 1578 319 1621 recitando
344 1578 439 1632 illa,
464 1590 552 1631 que
579 1578 699 1620 facta
723 1578 915 1619 fuerunt
939 1578 983 1618 in
1010 1577 1203 1619 concilio
1229 1577 1399 1619 Pisano
1422 1579 1468 1618 et
1493 1576 1724 1630 quomodo
1746 1579 1850 1629 post

81 1649 324 1691 decessum
350 1649 608 1690 Alexandri
635 1649 986 1701 predecessoris
1013 1649 1082 1690 sui
1111 1649 1212 1701 ipso
1237 1648 1387 1690 electo
1411 1648 1573 1689 volens
1599 1647 1850 1700 complere,

82 1732 171 1772 que
198 1720 382 1773 incepta
411 1719 615 1772 fuerunt,
646 1732 695 1762 se
725 1719 960 1761 transtulit
989 1719 1178 1760 Romam
1207 1731 1293 1772 pro
1322 1719 1682 1772 recuperacione
1713 1717 1851 1771 patri-

82 1790 222 1832 monii
248 1791 446 1833 ecclesie
476 1790 742 1843 ibidemque
771 1790 918 1832 tenuit
944 1791 1105 1842 plures
1134 1790 1385 1842 sessiones,
1412 1792 1550 1842 prout
1575 1792 1850 1831 conventum

82 1863 183 1904 erat
205 1861 255 1903 ¹in
282 1861 401 1903 dicto
427 1861 622 1903 concilio
647 1861 831 1903 Pisano.
871 1861 926 1903 Et
952 1861 1060 1914 quia
1086 1863 1277 1913 propter
1305 1860 1577 1902 distanciam
1606 1859 1692 1902 loci
1716 1859 1851 1912 pauci

84 1930 297 1974 adierant
322 1935 367 1973 et
393 1935 708 1974 convenerant
733 1935 779 1973 et
804 1932 949 1973 eciam
976 1932 1017 1973 d.
1046 1931 1299 1985 imperator
1325 1931 1627 1973 mandaverat
1654 1930 1742 1973 sibi
1767 1942 1853 1983 per

85 2002 352 2056 solempnes
376 2002 752 2055 ambassiatores,
776 2003 898 2055 quod
922 2002 1065 2044 vellet
1086 2002 1464 2044 condescendere
1489 2002 1546 2044 ad
1570 2002 1852 2043 eleccionem
1883 2010 1886 2011 ’

85 2074 186 2127 1001,
218 2073 342 2116 misit
373 2073 431 2116 ad
463 2072 667 2115 eundum
702 2073 743 2116 d,
776 2073 1105 2126 imperatorem
1139 2073 1180 2114 d.
1213 2072 1500 2115 cardinalem
1534 2072 1852 2114 Florentinum

86 2147 131 2186 et
150 2144 208 2186 de
231 2144 463 2187 Chalanco
483 2156 585 2186 cum
605 2144 746 2197 plena
767 2147 994 2197 potestate
1018 2143 1324 2186 conveniendi
1350 2143 1406 2185 de
1429 2144 1541 2186 1000.
1575 2142 1852 2196 Quiquidem

87 2214 129 2256 d.
152 2214 415 2257 cardinales
439 2218 756 2257 convenerunt
780 2215 836 2256 de
862 2215 961 2257 loco
984 2214 1273 2257 Constancia.
1310 2215 1365 2257 Et
1385 2227 1473 2267 pro
1494 2213 1854 2256 confirmacione

87 2283 193 2327 dicti
227 2285 313 2327 loci
345 2285 467 2327 idem
501 2286 542 2327 d.
575 2288 734 2327 noster
767 2298 816 2328 se
848 2286 1086 2328 transtulit
1115 2285 1173 2328 ad
1205 2286 1435 2327 civitatem
1467 2285 1776 2337 Laudensem,
1808 2284 1855 2325 in

87 2367 177 2408 qua
203 2368 288 2409 pro
314 2359 421 2397 tunc
448 2359 547 2398 erat
575 2357 616 2398 d.
644 2356 909 2408 imperator.
953 2355 1223 2409 Ibidemque
1253 2356 1503 2398 ratificavit
1527 2368 1613 2409 per
1640 2355 1681 2397 d.
1710 2354 1855 2397 cardi-

88 2425 220 2469 nales
252 2427 297 2468 in
328 2426 514 2480 publico
545 2426 832 2480 consistorio,
862 2427 940 2468 ubi
973 2426 1224 2480 assignavit
1255 2427 1503 2468 terminum
1536 2429 1580 2468 et
1611 2426 1733 2468 diem
1763 2427 1856 2479 pri-

90 2487 208 2538 ni'am
233 2497 407 2540 mensis
431 2497 703 2540 Novembris
727 2510 814 2550 pro
839 2498 959 2539 dicto
983 2497 1177 2539 concilio
1201 2498 1409 2550 generali
1436 2497 1652 2539 tenendo.
1692 2497 1746 2539 Et
1768 2496 1857 2537 fuit

67 2563 323 2621 ‘assignata
345 2567 436 2610 alia
457 2568 605 2611 sessio
626 2568 922 2610 celebranda.

209 2638 293 2680 Die
314 2639 474 2682 martis
494 2639 633 2681 XXV.
658 2638 928 2680 Decembris
949 2639 1023 2680 die
1045 2638 1295 2681 nativitatis
1316 2638 1489 2680 domini
1509 2639 1630 2680 circa
1650 2639 1855 2691 quintam

92 2707 251 2751 horam
277 2709 465 2752 intravit
487 2709 528 2751 d.
556 2710 807 2763 imperator
831 2709 1059 2751 civitatem
1086 2708 1496 2752 Constanciensem
1523 2721 1622 2750 cum
1649 2721 1731 2750 sua
1755 2721 1857 2749 con-

94 2782 230 2821 sorte.
279 2779 484 2821 Fuerunt
522 2779 566 2821 in
605 2780 840 2822 matutinis
877 2783 921 2821 et
957 2780 1154 2822 servicio
1190 2780 1336 2822 tocius
1373 2779 1463 2821 diei
1502 2779 1738 2821 celebrato
1773 2791 1857 2831 per

93 2860 259 2901 papam
292 2849 337 2891 in
369 2850 565 2892 ecclesia
599 2849 963 2892 Constanciensi.

202 2995 231 3013 nu
258 2989 308 3014 11³.
331 2989 420 3014 ineis!
443 2988 695 3015 a111bacia¹‹›r0·>.
753 2989 783 3015 l»
807 2990 860 3014 ΙΙκ.
883 2988 1005 3020 cessio-⁸
1026 2998 1060 3015 sn
1082 2990 1220 3022 nliimlifs.

214 3049 244 3089 ¹)
274 3048 412 3082 Sozceit
437 3048 506 3082 der
533 3049 623 3082 Tem!
650 3049 764 3083 sehon
792 3059 860 3082 (ωδ
886 3048 1116 3082 Cerretanus
1144 3050 1218 3083 und
1246 3048 1423 3083 Fillaslre
1452 3048 1616 3081 bekannt
1645 3048 1702 3088 ist,
1728 3045 1859 3079 wurdt»

98 3114 139 3137 er
163 3105 246 3139 hier
272 3105 526 3149 ilberqanqen.
