2227 3434
568 190 605 224 B.
644 190 721 225 Der
744 189 844 225 liber
866 192 1058 234 gestorum
1084 189 1153 224 des
1177 189 1418 224 Cerretanus.
1792 191 1876 234 203

109 311 242 362 parte
268 307 387 351 sacri
409 307 594 361 collegii
619 307 707 360 ipsi
733 307 775 349 d.
802 307 900 360 regi
926 306 1155 360 exposuit,
1181 306 1317 359 quod,
1344 306 1451 360 quia
1475 319 1534 348 ex
1560 310 1750 360 captura
1775 321 1878 360 pre-

109 379 334 420 dictorum
364 391 440 421 ser
472 378 656 420 Martini
686 381 731 420 et
760 378 831 419 sui
862 378 972 419 socii
1003 390 1211 418 murmur
1242 378 1563 420 insurrexerat
1593 378 1639 418 in
1670 378 1877 429 concilio,

109 449 232 502 quod
256 449 450 491 libertas
474 449 521 490 in
545 461 601 490 eo
625 461 717 491 non
741 451 855 501 erat,
881 448 988 490 item
1013 461 1114 490 cum
1139 451 1297 490 contra
1323 448 1590 501 magistrum
1616 448 1876 490 Johannem

107 519 207 562 Hus
241 520 300 562 de
333 519 490 562 heresi
525 518 819 561 diffamatum
856 531 998 572 super
1031 519 1240 561 doctrina
1276 518 1478 571 reproba
1512 530 1597 572 per
1632 531 1737 560 eum
1773 519 1878 572 dog-

108 590 320 633 matizata
349 602 597 644 processus
629 589 854 632 formatus
886 592 1024 641 esset,
1055 589 1217 642 plures
1248 592 1407 631 contra
1435 601 1542 631 eum
1573 589 1878 642 deponerent,

107 660 198 703 nisi
226 664 352 703 metu
379 660 609 702 minarum
639 660 707 703 eis
735 661 968 702 illatarum
1000 672 1049 701 se
1079 659 1392 711 retraherent3
1424 659 1532 701 item
1559 672 1661 702 cum
1689 672 1747 702 ex
1776 672 1879 702 con-

108 731 313 774 fluencia
343 731 636 773 veniencium
668 731 726 773 ad
756 731 1001 772 concilium
1034 734 1078 772 et
1107 742 1333 784 equorum
1365 731 1566 773 maxime
1596 730 1782 773 caristia
1814 731 1879 772 in-

108 802 442 855 supportabilis
471 804 564 844 tam
595 802 642 843 in
673 801 886 845 domibus
918 813 1055 854 quam
1087 802 1133 842 in
1163 801 1440 844 victualibus
1472 792 1520 843 in
1550 801 1731 843 civitate
1764 801 1879 844 Con-

108 873 282 915 stancie
315 872 482 915 cotidie
514 875 759 925 cresceret,
789 871 1049 925 qu0d‚‚ni,si
1082 871 1423 925 provideretur,
1457 871 1700 914 accomode
1733 872 1878 914 conci-

108 943 220 986 lium
244 944 318 985 hic
340 943 450 985 fieri
473 955 566 985 non
591 946 766 996 posset3
794 946 1045 996 propterea
1070 943 1348 995 supplicavit
1372 942 1525 984 eidem
1552 943 1592 984 d.
1618 943 1730 996 regi,
1756 942 1878 996 quod

107 1013 164 1056 de
190 1014 406 1057 libertate
433 1013 600 1067 standi,
626 1013 783 1066 eundi,
809 1013 1039 1055 redeundi
1066 1026 1116 1055 ac
1143 1013 1364 1066 loquendi
1390 1026 1475 1055 nec
1500 1026 1592 1055 non
1618 1014 1674 1056 de
1701 1013 1877 1056 habun-

108 1085 265 1127 dantia
303 1084 571 1127 victualium
609 1088 655 1127 et
693 1084 928 1127 taxatione
967 1085 1245 1137 competenti
1288 1084 1528 1126 domorum
1569 1087 1613 1126 et
1654 1085 1875 1126 lectorum

106 1159 243 1209 atque
276 1156 631 1198 transmissione
665 1167 891 1208 equorum
926 1155 984 1197 ad
1019 1156 1118 1197 loca
1153 1155 1244 1197 alia
1277 1155 1526 1208 providere
1560 1158 1606 1197 et
1638 1155 1875 1208 provideri

107 1225 264 1269 facere
296 1225 580 1280 dignaretur.
625 1226 710 1269 Cui
738 1226 782 1268 d.
814 1238 899 1267 rex
929 1225 1138 1279 graciose
1170 1225 1426 1279 respondit,
1457 1225 1580 1279 quod
1610 1238 1635 1267 a
1667 1225 1756 1278 die,
1787 1238 1877 1278 quo

107 1309 208 1339 cum
236 1296 393 1338 revmis
421 1297 462 1339 d.
491 1297 543 1339 A.
573 1297 629 1338 de
660 1296 875 1339 Challant
902 1300 948 1338 et
975 1297 1022 1338 F.
1053 1296 1322 1338 Florentino
1351 1310 1385 1338 s,
1415 1296 1463 1338 R.
1492 1309 1531 1338 e.
1561 1296 1877 1338 cardinalibus

107 1367 153 1410 in
176 1368 410 1411 montibus
432 1367 712 1410 Lombardie
737 1367 905 1420 fuerat,
929 1380 1029 1409 cum
1054 1367 1215 1420 eisque
1240 1367 1469 1409 civitatem
1494 1367 1769 1409 Constancie
1791 1380 1877 1420 pro

106 1439 206 1481 loco
239 1438 421 1481 concilii
456 1439 677 1493 elegerat,
713 1451 900 1492 semper
933 1442 1178 1480 vacaverat
1213 1441 1257 1480 et
1293 1438 1495 1480 assiduis
1530 1438 1695 1481 studiis
1730 1438 1876 1479 inten-

107 1509 239 1552 derat
266 1509 385 1552 circa
414 1509 509 1562 illa,
538 1522 628 1562 que
655 1509 1027 1551 celebracionem
1055 1509 1193 1550 huius
1222 1509 1340 1551 sacri
1369 1509 1551 1551 concilii
1580 1508 1877 1551 reform‘acio·

106 1593 305 1634 nemque
329 1580 535 1622 Romane
560 1580 759 1622 ecclesie
783 1580 1126 1622 concernebant
1150 1583 1195 1622 et
1219 1580 1265 1621 in
1288 1580 1374 1622 hoc
1396 1579 1462 1621 nil
1486 1579 1687 1622 scienter
1711 1580 1876 1622 omise-

105 1654 189 1703 rat,
227 1651 384 1704 sicque
423 1655 582 1694 autore
622 1651 809 1694 domino
844 1652 1118 1693 continuare
1156 1651 1448 1704 proponebat
1486 1651 1532 1692 in
1570 1650 1791 1703 futurum,
1829 1654 1875 1692 et

105 1722 260 1764 taliter
307 1721 363 1764 de
411 1714 642 1774 libertate,
689 1726 797 1764 taxa
845 1722 1099 1774 domorum,
1147 1721 1472 1764 habundancia
1519 1721 1785 1763 victualium
1832 1724 1877 1762 et

105 1792 460 1836 transmissione
484 1805 712 1846 equorum
738 1793 987 1846 providere
1017 1792 1301 1845 intendebat,
1329 1792 1452 1845 quod
1480 1792 1722 1834 concilium
1750 1794 1876 1845 pote-

105 1864 165 1906 rit
198 1863 362 1906 merito
396 1864 666 1906 contentari.
713 1864 864 1917 Super
899 1864 1067 1916 quibus
1103 1876 1298 1905 unacum
1335 1863 1468 1905 dictis
1502 1864 1664 1905 electis
1697 1866 1743 1905 et
1776 1863 1874 1905 suis

103 1934 383 1977 consiliariis
411 1936 656 1976 consulere
684 1938 728 1976 et
757 1935 1006 1987 providere
1037 1935 1222 1976 volebat
1248 1938 1293 1976 et
1322 1935 1410 1976 iam
1439 1947 1540 1975 cum
1570 1934 1748 1975 eisdem
1778 1935 1874 1976 suis

106 2005 386 2048 consiliariis
408 2018 550 2058 super
572 2006 661 2047 hiis
685 2006 765 2047 illo
787 2018 921 2047 mane
945 2006 1225 2058 colloquium
1249 2005 1489 2047 habuerat.
1525 2004 1715 2046 Addidit
1737 2005 1874 2046 etiam

105 2075 204 2129 ipse
236 2088 334 2129 rex,
366 2076 489 2129 quod
519 2076 689 2118 factum
721 2076 949 2119 Johannis
980 2076 1076 2118 Hus
1106 2079 1152 2118 et
1183 2076 1274 2118 alia
1306 2076 1485 2118 minora
1516 2088 1608 2118 non
1640 2074 1873 2117 debebant

107 2146 495 2189 reformacionem
515 2147 713 2189 ecclesie
734 2151 779 2189 et
799 2147 992 2189 Romani
1015 2147 1199 2200 imperii
1222 2146 1465 2200 impedire,
1488 2146 1611 2199 quod
1631 2149 1731 2188 erat
1751 2146 1876 2199 prin-

105 2217 270 2271 cipale,
291 2231 377 2271 pro
397 2231 487 2271 quo
508 2217 662 2260 fuerat
683 2218 926 2259 concilium
949 2221 1290 2271 congregatum.
1324 2218 1453 2259 Hanc
1476 2217 1662 2270 quidem
1684 2229 1875 2269 respon-

107 2289 284 2331 sionem
323 2289 538 2330 omnibus
576 2289 886 2342 gratissimam
925 2301 1019 2330 rev.
1061 2290 1106 2330 in
1148 2288 1252 2331 Chr.
1293 2301 1335 2341 p.
1377 2288 1418 2330 d.
1458 2289 1705 2341 episcopus
1746 2288 1874 2329 Pata-

105 2358 277 2402 viensis
305 2360 402 2402 suis
431 2360 688 2402 rationibus
715 2359 984 2401 fortificavit
1011 2363 1057 2401 et
1085 2360 1391 2400 confirmavit.

222 2431 259 2472 A
288 2430 590 2473 serenissima
617 2430 856 2473 maiestate
886 2430 1014 2484 regia
1042 2430 1099 2472 ad
1128 2431 1401 2472 instanciam
1430 2439 1661 2471 revmorum
1692 2430 1737 2471 in
1767 2429 1871 2471 Chr.

105 2512 148 2553 p.
174 2503 220 2543 et
245 2501 287 2544 d.
315 2501 541 2543 Johannis
568 2501 686 2543 tituli
717 2502 861 2543 sancti
888 2501 1004 2544 Sixti
1034 2501 1297 2554 presbyteri
1327 2500 1592 2553 cardinalis,
1621 2499 1871 2553 apostolice

105 2571 231 2615 sedis
259 2572 412 2625 legati,
441 2585 492 2614 ac
520 2572 746 2614 ,Iohannis
775 2571 1273 2624 Constantinopolitani
1303 2572 1454 2623 electi,
1483 2574 1715 2613 oratorum
1747 2583 1872 2612 sanc-

106 2641 269 2684 tissimi
292 2642 339 2684 in
362 2642 547 2685 Christo
568 2643 712 2695 patris
734 2646 779 2684 et
802 2643 842 2686 d.
868 2643 908 2684 d.
933 2642 1146 2695 Gregorii
1170 2642 1288 2694 XII.,
1313 2642 1610 2695 infrascripta
1634 2644 1869 2694 petuntur:

223 2712 377 2755 Primo
423 2713 660 2755 insinuant
705 2712 858 2754 eidem
905 2713 1032 2766 regie
1078 2712 1304 2755 maiestati
1353 2712 1601 2754 adventum
1648 2724 1780 2753 suum
1827 2710 1870 2752 in

107 2781 404 2836 Oberlinghe,
428 2784 505 2825 ubi
531 2787 760 2825 venerunt
785 2787 829 2826 et
855 2784 982 2825 iussu
1007 2787 1051 2825 et
1072 2783 1338 2836 conductoa)
1364 2783 1523 2825 habito
1546 2786 1590 2824 et
1616 2785 1801 2834 recepto
1826 2781 1869 2822 in

108 2852 323 2907 Roclinge
360 2867 384 2896 a
420 2854 539 2896 dicta
574 2855 830 2906 maiestate,
865 2854 1050 2907 quando
1084 2854 1367 2896 ascendebat
1401 2853 1458 2896 ad
1492 2853 1610 2895 hanc
1644 2852 1869 2893 civitatem

108 2921 530 2967 Constanciensem.
582 2924 693 2966 Item
729 2937 830 2982 cum
862 2924 1051 2978 quidam
1088 2924 1354 2966 detinentur
1389 2923 1570 2976 captivi,
1605 2923 1682 2975 qui
1716 2925 1869 2964 tamen

108 2993 192 3035 sub
226 2995 353 3047 regie
389 2995 643 3037 maiestatis
678 2995 924 3037 securitate
961 2995 1145 3037 venisse
1181 2995 1409 3045 dicuntur,
1444 2997 1489 3035 et
1524 2993 1662 3034 iidem
1698 2992 1868 3034 domini

210 3103 239 3126 a!
263 3098 299 3130 B,
321 3098 357 3124 C:
379 3097 541 3124 condivto.
