2227 3434
520 175 562 209 Α.
605 174 801 210 Fillastres
831 177 945 210 Gesta
973 177 1122 211 concilii
1151 177 1464 213 Constantiensis.
1819 182 1876 224 49

109 294 335 336 tractandi
365 298 411 336 et
440 294 750 337 concordandi
779 308 881 337 cum
913 296 1032 338 dicto
1064 309 1173 349 rege
1205 297 1470 350 Aragonum
1502 302 1547 340 et
1578 299 1625 340 P.
1657 299 1714 340 de
1747 300 1875 341 Luna

111 377 195 417 pro
232 365 358 407 felici
397 366 760 413 t'uturaunione
799 367 996 408 ecclesie
1034 371 1079 408 et
1115 368 1302 410 decreta
1340 372 1477 421 atque
1515 382 1748 422 concessa,
1786 383 1875 423 que

111 438 347 478 secuntur:

227 506 527 550 Sacros-ancta
555 541 563 549 .
600 541 607 549 .
644 542 651 549 .
681 508 794 550 Cum
822 508 992 550 Christi
1019 510 1190 551 fideles
1221 545 1228 552 .
1265 544 1272 551 .
1309 544 1317 552 .
1345 511 1682 565 assignande.¹)
1713 512 1766 553 Et
1792 525 1877 565 ego

109 578 339 621 Antonius
363 578 610 632 episcopus
635 579 993 622 Concordiensis
1021 582 1081 622 ita
1106 581 1197 633 legi
1222 585 1267 622 et
1291 583 1592 634 pronunciavi
1620 583 1666 623 in
1692 583 1876 635 publica

110 649 319 691 sessione
351 650 587 703 generalis
618 651 798 692 concilii
831 652 1221 704 Constanciensis,
1252 656 1387 705 prout
1419 653 1481 694 ibi
1513 655 1772 695 continetur
1803 654 1878 695 die

110 720 220 762 lune
251 720 346 763 XV.
380 720 489 762 Julii
523 733 645 763 anno
676 721 848 763 domini
884 722 1176 764 MCCCCXV.
1224 724 1275 764 ln
1307 724 1436 766 cuius
1468 724 1535 765 rei
1566 724 1875 766 testimonium

109 791 181 833 hic
207 804 346 833 manu
372 804 475 833 mea
499 792 689 845 propria
715 805 787 833 me
816 793 1071 846 subscripsi
1098 794 1145 834 in
1171 794 1337 835 eadem
1363 795 1630 849 sessionefl)

227 863 364 905 Lecta
393 863 557 905 cedula
590 863 854 916 supradicta
886 876 1163 916 responsum
1194 865 1280 907 fuit
1310 878 1395 918 per
1426 866 1670 919 deputatos
1702 880 1726 908 a
1758 868 1878 908 naci—

110 933 294 977 onibus:
322 934 491 976 Placet.
529 934 583 976 Et
606 938 712 976 tunc
737 935 778 976 d.
805 935 872 977 Jo.
898 936 1161 988 patriarcha
1185 936 1534 979 Anthiochenus
1560 937 1669 990 legit
1693 950 1762 989 ea,
1788 950 1877 990 que

109 1008 352 1058 sequntur:

225 1077 341 1128 Quia
370 1076 558 1130 dignum
587 1080 657 1119 est
687 1111 694 1118 .
731 1111 738 1118 .
775 1111 782 1118 .
814 1078 1002 1131 solita.²)

227 1148 282 1190 Et
305 1149 365 1190 ita
386 1148 473 1190 fuit
495 1148 766 1190 solemniter
787 1149 1082 1191 observatum
1105 1153 1150 1191 et
1171 1151 1215 1190 in
1239 1151 1380 1192 missa
1402 1163 1556 1192 sermo
1577 1153 1621 1191 et
1641 1150 1878 1203 processio

109 1219 229 1261 facta
263 1220 308 1261 in
342 1219 626 1273 pluvialibus
660 1223 704 1261 et
738 1220 886 1262 mitris
917 1224 962 1261 et
996 1221 1052 1261 ad
1087 1221 1241 1262 omnia
1274 1221 1461 1262 decreta
1495 1221 1758 1274 supradicta
1791 1220 1878 1262 fuit

110 1302 387 1343 responsum
409 1303 494 1344 per
522 1291 614 1332 IIII
636 1304 694 1332 ex
718 1294 849 1344 parte
872 1291 1135 1332 nacionum:
1173 1292 1330 1333 Placet
1352 1295 1396 1333 et
1419 1305 1503 1344 per
1527 1292 1568 1333 d.
1592 1292 1876 1334 cardinalem

108 1361 387 1404 Ostiensem:
429 1362 599 1404 Placet.

228 1433 282 1475 Et
319 1433 572 1486 sciendum,
610 1434 733 1486 quod
772 1434 877 1475 licet
914 1434 1003 1475 fuit
1038 1434 1264 1476 terminus
1302 1435 1629 1475 convencionis
1668 1434 1714 1474 in
1752 1433 1877 1474 Nicia

110 1504 371 1558 assignatus
392 1517 476 1558 per
497 1508 637 1546 totum
660 1517 867 1547 mensem
889 1505 1030 1557 Junii,
1051 1505 1137 1546 suit
1157 1508 1319 1558 postea
1340 1505 1396 1546 de
1418 1517 1648 1546 consensu
1668 1505 1876 1557 parcium

110 1578 386 1629 prorogatus
422 1588 507 1629 per
544 1578 687 1617 totum
726 1589 933 1618 mensem
971 1575 1096 1617 Julii.
1136 1576 1233 1617 Rex
1272 1579 1425 1617 autem
1463 1575 1549 1617 iter
1587 1575 1783 1628 arripuit
1822 1575 1877 1616 de

110 1646 386 1689 Constancia
416 1647 489 1688 die
519 1647 652 1688 XVII
682 1647 857 1688 mensis
886 1647 998 1688 Julii
1029 1650 1074 1688 et
1102 1647 1270 1699 prelati
1301 1660 1352 1688 ac
1381 1646 1535 1687 nuncii
1566 1646 1746 1687 concilii
1776 1658 1879 1687 con-

111 1721 362 1771 sequenter
390 1717 576 1771 quidam
606 1721 726 1770 ante,
755 1718 943 1770 quidam
973 1721 1089 1770 post,
1118 1721 1255 1770 prout
1283 1717 1530 1769 unicuique
1561 1716 1727 1759 melius
1756 1716 1880 1758 vide-

110 1788 259 1841 batur,
291 1792 601 1831 recesserunt.
1158 1788 1163 1792 ”

227 1860 326 1901 Rex
357 1861 404 1902 in
436 1874 518 1902 suo
550 1872 738 1902 recessu
770 1861 946 1912 rogavit
977 1859 1222 1912 deputatos
1251 1859 1500 1912 generales
1531 1858 1726 1910 concilii,
1757 1858 1879 1911 quod

110 1931 212 1984 ipso
254 1932 447 1974 absente
489 1932 833 1973 deliberaretur
875 1931 933 1972 de
975 1931 1316 1972 reformacione
1359 1931 1571 1982 ecclesie,
1614 1932 1683 1971 set
1724 1933 1877 1970 tamen

110 2002 251 2045 nichil
291 2002 647 2045 concluderetur
684 2014 837 2054 neque
876 2005 1171 2054 statueretur,
1210 2002 1356 2043 donec
1393 2004 1520 2043 esset
1558 2013 1795 2051 reversus;
1836 2002 1879 2040 et

111 2074 311 2115 maxime
339 2076 559 2126 quantum
587 2073 643 2115 ad
672 2086 864 2126 regnum
893 2086 1026 2115 suum
1054 2073 1289 2125 Hungarie
1316 2072 1456 2113 nichil
1485 2072 1819 2113 immutaretur.

234 2145 284 2186 In
308 2157 497 2187 recessu
522 2145 645 2197 regis
670 2144 965 2186 nesciebatur
989 2145 1153 2186 saltem
1178 2144 1364 2196 publice
1389 2144 1516 2185 locus
1540 2141 1880 2192 convencionis‚

113 2216 222 2268 quia
253 2216 299 2257 in
331 2216 457 2258 Nicia
489 2217 587 2257 loco
617 2216 768 2269 primo
799 2218 1025 2256 convento
1056 2218 1101 2257 et
1131 2215 1177 2255 in
1208 2217 1300 2256 tota
1334 2213 1576 2255 Provincia
1607 2216 1706 2254 erat
1736 2211 1881 2265 pestis

62 2298 66 2303 ’
111 2287 278 2340 gravis.
338 2287 639 2329 Nesciebatur
668 2287 828 2339 eciam,
860 2299 943 2339 per
973 2299 1109 2338 quam
1141 2287 1262 2327 viam
1292 2285 1526 2327 transiret.
1570 2284 1668 2325 Rex
1698 2283 1880 2325 dixerat

112 2359 237 2400 enim
273 2358 404 2412 prius
441 2371 490 2401 se
528 2359 650 2399 velle
691 2359 757 2399 ire
794 2370 879 2410 per
915 2357 1171 2409 Franciam,
1209 2358 1354 2398 eciam
1394 2355 1599 2397 Parisius
1636 2357 1681 2396 et
1717 2354 1878 2395 videre

115 2442 271 2483 regem
304 2430 512 2472 Francie.
556 2430 648 2470 Alii
679 2428 1026 2482 presumebant,
1058 2428 1181 2480 quod
1214 2429 1301 2469 iret
1330 2439 1415 2480 per
1446 2425 1737 2469 Sabaudiam.
1783 2424 1880 2465 Rex

114 2503 266 2543 autem
293 2501 474 2543 celabat
501 2500 812 2542 intencionem
843 2512 973 2542 suam
1001 2499 1058 2540 de
1088 2499 1160 2540 via
1188 2501 1379 2551 propter
1407 2497 1571 2539 ducem
1599 2494 1880 2549 Burgundie,

114 2571 161 2613 in
189 2583 279 2625 quo
308 2584 400 2614 non
431 2572 544 2614 satis
573 2571 852 2622 confidebat,
883 2573 1074 2623 propter
1105 2569 1395 2622 suspiciones
1425 2571 1470 2609 et
1500 2567 1724 2620 quasdam
1755 2565 1881 2607 mali-

116 2643 351 2685 volencias
377 2642 498 2684 inter
524 2643 650 2695 ipsos
676 2645 800 2683 ortas
826 2655 883 2683 ex
910 2640 1076 2693 causis,
1103 2641 1160 2682 de
1187 2640 1355 2692 quibus
1382 2651 1537 2692 supra.
1578 2638 1703 2679 Fecit
1727 2640 1881 2678 tamen

117 2713 204 2756 iter
227 2726 359 2756 suum
385 2726 471 2767 per
496 2713 792 2764 Sabaudiam,
819 2712 897 2753 ubi
922 2724 1007 2765 per
1032 2711 1241 2752 comitem
1269 2713 1313 2752 et
1339 2710 1561 2763 populum
1588 2721 1689 2749 cum
1716 2719 1880 2760 magna

117 2784 407 2827 exultacione
430 2784 473 2825 in
497 2784 696 2825 diversis
718 2783 829 2825 locis
851 2786 1065 2835 receptus
1086 2785 1156 2823 est
1177 2785 1221 2823 et
1242 2782 1382 2822 visus.
1416 2781 1541 2833 Rege
1562 2781 1710 2821 stante
1733 2778 1880 2820 adhuc

119 2855 163 2896 in
195 2855 441 2907 Sabaudia,
477 2855 603 2896 venit
636 2854 694 2896 ad
728 2866 833 2895 eum
868 2854 1064 2894 nuncius
1100 2865 1211 2893 suus
1247 2851 1441 2893 veniens
1475 2850 1532 2891 de
1568 2848 1881 2902 Parpigniano

194 2939 316 2986 ⁴3⁷1&
335 2979 341 2984 .
365 2979 391 2985 ..
418 2957 566 2985 sessione
588 2958 667 2991 fehlt
691 2958 727 2984 Ι),

236 3007 267 3050 ¹)
296 3007 358 3041 Bis
383 3006 538 3041 hiet-her
561 3006 762 3049 gedruckc:
789 3005 908 3039 Har-de
933 3004 998 3046 IV,
1021 3004 1202 3045 474-79;
1231 3003 1355 3036 Mansi
1380 3001 1536 3042 XXVII,
1562 3000 1733 3035 777—80.

233 3066 266 3108 ²)
291 3065 412 3100 Hardt
436 3065 502 3106 IV,
525 3064 641 3108 4817‚·
669 3064 793 3098 Mansi
818 3062 887 3097 XX
900 3062 976 3104 1111,
1002 3063 1069 3097 780
1082 3062 1108 3106 f.

184 3133 325 3168 Finke‚
345 3134 426 3161 Acta
447 3133 582 3162 concilil
605 3133 882 3162 Constanciensis.
903 3132 941 3159 ΙΙ.
1643 3118 1671 3157 4
