<?xml version="1.0" encoding="UTF-8"?>
<!DOCTYPE html PUBLIC "-//W3C//DTD XHTML 1.0 Transitional//EN"
    "http://www.w3.org/TR/xhtml1/DTD/xhtml1-transitional.dtd">
<html xmlns="http://www.w3.org/1999/xhtml" xml:lang="en" lang="en">
 <head>
  <title>
</title>
<meta http-equiv="Content-Type" content="text/html;charset=utf-8" />
  <meta name='ocr-system' content='tesseract 3.04.00' />
  <meta name='ocr-capabilities' content='ocr_page ocr_carea ocr_par ocr_line ocrx_word'/>
</head>
<body>
  <div class='ocr_page' id='page_1' title='image "./actaconciliicons02counuoft_0158.png"; bbox 0 0 2102 3444; ppageno 0'>
   <div class='ocr_carea' id='block_1_1' title="bbox 269 116 1504 162">
    <p class='ocr_par' dir='ltr' id='par_1_1' title="bbox 269 116 1504 162">
     <span class='ocr_line' id='line_1_1' title="bbox 269 116 1504 162; baseline 0.001 -11"><span class='ocrx_word' id='word_1_1' title='bbox 269 117 353 160; x_wconf 86' lang='lat'>144</span> <span class='ocrx_word' id='word_1_2' title='bbox 802 117 827 151; x_wconf 88' lang='lat' dir='ltr'>I.</span> <span class='ocrx_word' id='word_1_3' title='bbox 854 117 1064 152; x_wconf 81' lang='lat' dir='ltr'>Abschnitt.</span> <span class='ocrx_word' id='word_1_4' title='bbox 1103 116 1504 162; x_wconf 80' lang='lat' dir='ltr'>Konzilstagebiicher.</span> 
     </span>
    </p>
   </div>
   <div class='ocr_carea' id='block_1_2' title="bbox 218 233 2080 2917">
    <p class='ocr_par' dir='ltr' id='par_1_2' title="bbox 267 233 2039 842">
     <span class='ocr_line' id='line_1_2' title="bbox 267 233 2039 290; baseline -0.001 -13"><span class='ocrx_word' id='word_1_5' title='bbox 267 235 529 277; x_wconf 82' lang='lat' dir='ltr'>Johannem</span> <span class='ocrx_word' id='word_1_6' title='bbox 558 235 731 278; x_wconf 89' lang='lat' dir='ltr'>XXIII.</span> <span class='ocrx_word' id='word_1_7' title='bbox 762 236 925 277; x_wconf 89' lang='lat' dir='ltr'>venire</span> <span class='ocrx_word' id='word_1_8' title='bbox 955 237 1044 278; x_wconf 94' lang='lat' dir='ltr'>huc</span> <span class='ocrx_word' id='word_1_9' title='bbox 1073 236 1130 278; x_wconf 88' lang='lat' dir='ltr'>ad</span> <span class='ocrx_word' id='word_1_10' title='bbox 1161 235 1403 278; x_wconf 91' lang='lat' dir='ltr'>concilium</span> <span class='ocrx_word' id='word_1_11' title='bbox 1433 236 1671 290; x_wconf 89' lang='lat' dir='ltr'>generale,</span> <span class='ocrx_word' id='word_1_12' title='bbox 1702 238 1751 277; x_wconf 91' lang='lat' dir='ltr'>ut</span> <span class='ocrx_word' id='word_1_13' title='bbox 1780 235 1863 277; x_wconf 92' lang='lat' dir='ltr'>illa</span> <span class='ocrx_word' id='word_1_14' title='bbox 1891 233 2039 277; x_wconf 83' lang='lat' dir='ltr'>refor-</span> 
     </span>
     <span class='ocr_line' id='line_1_3' title="bbox 268 305 2038 359; baseline 0 -12"><span class='ocrx_word' id='word_1_15' title='bbox 268 309 520 347; x_wconf 88' lang='lat' dir='ltr'>marentur.</span> <span class='ocrx_word' id='word_1_16' title='bbox 568 306 656 348; x_wconf 89' lang='lat' dir='ltr'>Pro</span> <span class='ocrx_word' id='word_1_17' title='bbox 692 318 781 359; x_wconf 89' lang='lat' dir='ltr'>qua</span> <span class='ocrx_word' id='word_1_18' title='bbox 816 306 1155 348; x_wconf 89' lang='lat' dir='ltr'>reformacione</span> <span class='ocrx_word' id='word_1_19' title='bbox 1191 307 1297 359; x_wconf 92' lang='lat' dir='ltr'>plus</span> <span class='ocrx_word' id='word_1_20' title='bbox 1332 306 1500 349; x_wconf 89' lang='lat' dir='ltr'>ceteris</span> <span class='ocrx_word' id='word_1_21' title='bbox 1536 306 1867 348; x_wconf 90' lang='lat' dir='ltr'>laboraverunt</span> <span class='ocrx_word' id='word_1_22' title='bbox 1900 308 1946 348; x_wconf 91' lang='lat' dir='ltr'>et</span> <span class='ocrx_word' id='word_1_23' title='bbox 1979 305 2038 347; x_wconf 92' lang='lat' dir='ltr'>de</span> 
     </span>
     <span class='ocr_line' id='line_1_4' title="bbox 269 375 2037 430; baseline 0.001 -13"><span class='ocrx_word' id='word_1_24' title='bbox 269 379 389 418; x_wconf 88' lang='lat' dir='ltr'>statu</span> <span class='ocrx_word' id='word_1_25' title='bbox 413 390 496 419; x_wconf 92' lang='lat' dir='ltr'>suo</span> <span class='ocrx_word' id='word_1_26' title='bbox 520 376 821 418; x_wconf 84' lang='lat' dir='ltr'>reformando</span> <span class='ocrx_word' id='word_1_27' title='bbox 845 376 981 430; x_wconf 90' lang='lat' dir='ltr'>primi</span> <span class='ocrx_word' id='word_1_28' title='bbox 1005 380 1049 418; x_wconf 91' lang='lat' dir='ltr'>et</span> <span class='ocrx_word' id='word_1_29' title='bbox 1073 377 1159 419; x_wconf 93' lang='lat' dir='ltr'>soli</span> <span class='ocrx_word' id='word_1_30' title='bbox 1184 389 1233 419; x_wconf 90' lang='lat' dir='ltr'>se</span> <span class='ocrx_word' id='word_1_31' title='bbox 1258 377 1523 419; x_wconf 91' lang='lat' dir='ltr'>obtulerant</span> <span class='ocrx_word' id='word_1_32' title='bbox 1544 380 1590 419; x_wconf 92' lang='lat' dir='ltr'>et</span> <span class='ocrx_word' id='word_1_33' title='bbox 1614 375 1867 419; x_wconf 83' lang='lat' dir='ltr'>concordes</span> <span class='ocrx_word' id='word_1_34' title='bbox 1889 378 2037 418; x_wconf 87' lang='lat' dir='ltr'>erant.</span> 
     </span>
     <span class='ocr_line' id='line_1_5' title="bbox 268 435 2039 500; baseline 0 -12"><span class='ocrx_word' id='word_1_35' title='bbox 268 446 360 488; x_wconf 84' lang='lat' dir='ltr'>Sed</span> <span class='ocrx_word' id='word_1_36' title='bbox 384 450 631 500; x_wconf 89' lang='lat' dir='ltr'>utrumque</span> <span class='ocrx_word' id='word_1_37' title='bbox 659 447 794 489; x_wconf 89' lang='lat' dir='ltr'>simul</span> <span class='ocrx_word' id='word_1_38' title='bbox 823 448 930 489; x_wconf 85' lang='lat' dir='ltr'>fieri</span> <span class='ocrx_word' id='word_1_39' title='bbox 958 450 1139 500; x_wconf 91' lang='lat' dir='ltr'>poterat</span> <span class='ocrx_word' id='word_1_40' title='bbox 1166 450 1210 489; x_wconf 93' lang='lat' dir='ltr'>et</span> <span class='ocrx_word' id='word_1_41' title='bbox 1238 448 1309 500; x_wconf 90' lang='lat' dir='ltr'>agi</span> <span class='ocrx_word' id='word_1_42' title='bbox 1338 448 1395 489; x_wconf 92' lang='lat' dir='ltr'>de</span> <span class='ocrx_word' id='word_1_43' title='bbox 1423 447 1779 499; x_wconf 84' lang='lat' dir='ltr'>reformacione‚</span> <span class='ocrx_word' id='word_1_44' title='bbox 1805 445 1929 499; x_wconf 92' lang='lat' dir='ltr'>quod</span> <span class='ocrx_word' id='word_1_45' title='bbox 1953 435 2039 488; x_wconf 83' lang='lat' dir='ltr'>fie-</span> 
     </span>
     <span class='ocr_line' id='line_1_6' title="bbox 268 517 2037 571; baseline 0 -13"><span class='ocrx_word' id='word_1_46' title='bbox 268 517 345 559; x_wconf 91' lang='lat' dir='ltr'>bat</span> <span class='ocrx_word' id='word_1_47' title='bbox 370 529 456 571; x_wconf 91' lang='lat' dir='ltr'>per</span> <span class='ocrx_word' id='word_1_48' title='bbox 483 518 742 571; x_wconf 90' lang='lat' dir='ltr'>deputatos,</span> <span class='ocrx_word' id='word_1_49' title='bbox 770 521 814 559; x_wconf 87' lang='lat' dir='ltr'>et</span> <span class='ocrx_word' id='word_1_50' title='bbox 842 518 899 559; x_wconf 92' lang='lat' dir='ltr'>de</span> <span class='ocrx_word' id='word_1_51' title='bbox 929 518 1064 559; x_wconf 93' lang='lat' dir='ltr'>modo</span> <span class='ocrx_word' id='word_1_52' title='bbox 1091 517 1295 571; x_wconf 91' lang='lat' dir='ltr'>eligendi</span> <span class='ocrx_word' id='word_1_53' title='bbox 1325 530 1493 571; x_wconf 90' lang='lat' dir='ltr'>papam</span> <span class='ocrx_word' id='word_1_54' title='bbox 1520 530 1605 571; x_wconf 90' lang='lat' dir='ltr'>per</span> <span class='ocrx_word' id='word_1_55' title='bbox 1634 517 1750 559; x_wconf 91' lang='lat' dir='ltr'>alios</span> <span class='ocrx_word' id='word_1_56' title='bbox 1779 517 2037 570; x_wconf 87' lang='lat' dir='ltr'>deputatos.</span> 
     </span>
     <span class='ocr_line' id='line_1_7' title="bbox 270 586 2038 641; baseline -0.001 -12"><span class='ocrx_word' id='word_1_57' title='bbox 270 588 336 630; x_wconf 91' lang='lat' dir='ltr'>De</span> <span class='ocrx_word' id='word_1_58' title='bbox 364 601 455 641; x_wconf 89' lang='lat' dir='ltr'>quo</span> <span class='ocrx_word' id='word_1_59' title='bbox 482 588 707 641; x_wconf 77' lang='lat' dir='ltr'>rogabant</span> <span class='ocrx_word' id='word_1_60' title='bbox 733 588 880 630; x_wconf 90' lang='lat' dir='ltr'>adhuc</span> <span class='ocrx_word' id='word_1_61' title='bbox 907 592 951 630; x_wconf 91' lang='lat' dir='ltr'>et</span> <span class='ocrx_word' id='word_1_62' title='bbox 977 588 1100 641; x_wconf 89' lang='lat' dir='ltr'>quod</span> <span class='ocrx_word' id='word_1_63' title='bbox 1128 589 1209 630; x_wconf 93' lang='lat' dir='ltr'>illa</span> <span class='ocrx_word' id='word_1_64' title='bbox 1236 589 1369 630; x_wconf 91' lang='lat' dir='ltr'>nacio</span> <span class='ocrx_word' id='word_1_65' title='bbox 1396 589 1701 630; x_wconf 82' lang='lat' dir='ltr'>misereretur</span> <span class='ocrx_word' id='word_1_66' title='bbox 1728 586 1924 629; x_wconf 84' lang='lat' dir='ltr'>ecclesie</span> <span class='ocrx_word' id='word_1_67' title='bbox 1954 586 2038 628; x_wconf 91' lang='lat' dir='ltr'>Dei</span> 
     </span>
     <span class='ocr_line' id='line_1_8' title="bbox 268 657 2038 712; baseline 0 -13"><span class='ocrx_word' id='word_1_68' title='bbox 268 658 314 699; x_wconf 92' lang='lat' dir='ltr'>in</span> <span class='ocrx_word' id='word_1_69' title='bbox 338 662 429 700; x_wconf 90' lang='lat' dir='ltr'>tam</span> <span class='ocrx_word' id='word_1_70' title='bbox 453 658 670 701; x_wconf 86' lang='lat' dir='ltr'>diuturna</span> <span class='ocrx_word' id='word_1_71' title='bbox 695 660 941 701; x_wconf 84' lang='lat' dir='ltr'>vacacione</span> <span class='ocrx_word' id='word_1_72' title='bbox 965 662 1011 701; x_wconf 95' lang='lat' dir='ltr'>et</span> <span class='ocrx_word' id='word_1_73' title='bbox 1035 662 1307 712; x_wconf 81' lang='lat' dir='ltr'>rumperent</span> <span class='ocrx_word' id='word_1_74' title='bbox 1330 659 1527 711; x_wconf 91' lang='lat' dir='ltr'>vincula,</span> <span class='ocrx_word' id='word_1_75' title='bbox 1552 659 1720 711; x_wconf 91' lang='lat' dir='ltr'>quibus</span> <span class='ocrx_word' id='word_1_76' title='bbox 1744 657 2038 710; x_wconf 89' lang='lat' dir='ltr'>tenebantur,</span> 
     </span>
     <span class='ocr_line' id='line_1_9' title="bbox 268 728 2037 783; baseline 0 -13"><span class='ocrx_word' id='word_1_77' title='bbox 268 732 313 771; x_wconf 93' lang='lat' dir='ltr'>et</span> <span class='ocrx_word' id='word_1_78' title='bbox 333 730 440 782; x_wconf 91' lang='lat' dir='ltr'>plus</span> <span class='ocrx_word' id='word_1_79' title='bbox 462 729 707 772; x_wconf 89' lang='lat' dir='ltr'>obedirent</span> <span class='ocrx_word' id='word_1_80' title='bbox 731 730 829 771; x_wconf 91' lang='lat' dir='ltr'>Deo</span> <span class='ocrx_word' id='word_1_81' title='bbox 851 742 987 783; x_wconf 90' lang='lat' dir='ltr'>quam</span> <span class='ocrx_word' id='word_1_82' title='bbox 1012 729 1292 782; x_wconf 89' lang='lat' dir='ltr'>hominibus,</span> <span class='ocrx_word' id='word_1_83' title='bbox 1315 730 1437 783; x_wconf 93' lang='lat' dir='ltr'>quod</span> <span class='ocrx_word' id='word_1_84' title='bbox 1462 729 1810 783; x_wconf 81' lang='lat' dir='ltr'>intelligebatur</span> <span class='ocrx_word' id='word_1_85' title='bbox 1832 728 1890 770; x_wconf 92' lang='lat' dir='ltr'>de</span> <span class='ocrx_word' id='word_1_86' title='bbox 1912 741 2037 782; x_wconf 88' lang='lat' dir='ltr'>rege.</span> 
     </span>
     <span class='ocr_line' id='line_1_10' title="bbox 268 800 752 842; baseline 0.002 -1"><span class='ocrx_word' id='word_1_87' title='bbox 268 800 322 842; x_wconf 90' lang='lat' dir='ltr'>Et</span> <span class='ocrx_word' id='word_1_88' title='bbox 350 800 411 842; x_wconf 92' lang='lat' dir='ltr'>ita</span> <span class='ocrx_word' id='word_1_89' title='bbox 441 803 752 842; x_wconf 88' lang='lat' dir='ltr'>recesserunt.</span> 
     </span>
    </p>

    <p class='ocr_par' dir='ltr' id='par_1_3' title="bbox 255 869 2040 1562">
     <span class='ocr_line' id='line_1_11' title="bbox 384 869 2038 924; baseline 0 -13"><span class='ocrx_word' id='word_1_90' title='bbox 384 871 492 913; x_wconf 81' lang='lat' dir='ltr'>Hiis.</span> <span class='ocrx_word' id='word_1_91' title='bbox 517 870 682 913; x_wconf 90' lang='lat' dir='ltr'>diebus</span> <span class='ocrx_word' id='word_1_92' title='bbox 713 883 908 924; x_wconf 90' lang='lat' dir='ltr'>magnus</span> <span class='ocrx_word' id='word_1_93' title='bbox 938 874 1090 913; x_wconf 90' lang='lat' dir='ltr'>terror</span> <span class='ocrx_word' id='word_1_94' title='bbox 1121 875 1166 913; x_wconf 88' lang='lat' dir='ltr'>et</span> <span class='ocrx_word' id='word_1_95' title='bbox 1197 872 1406 913; x_wconf 91' lang='lat' dir='ltr'>turbacio</span> <span class='ocrx_word' id='word_1_96' title='bbox 1437 874 1537 913; x_wconf 89' lang='lat' dir='ltr'>erat</span> <span class='ocrx_word' id='word_1_97' title='bbox 1569 871 1615 912; x_wconf 92' lang='lat' dir='ltr'>in</span> <span class='ocrx_word' id='word_1_98' title='bbox 1647 870 1854 912; x_wconf 92' lang='lat' dir='ltr'>concilio.</span> <span class='ocrx_word' id='word_1_99' title='bbox 1898 869 2038 912; x_wconf 84' lang='lat' dir='ltr'>Fama</span> 
     </span>
     <span class='ocr_line' id='line_1_12' title="bbox 267 940 2040 995; baseline 0 -13"><span class='ocrx_word' id='word_1_100' title='bbox 267 942 390 982; x_wconf 90' lang='lat' dir='ltr'>enim</span> <span class='ocrx_word' id='word_1_101' title='bbox 420 945 520 984; x_wconf 90' lang='lat' dir='ltr'>erat</span> <span class='ocrx_word' id='word_1_102' title='bbox 548 942 803 984; x_wconf 89' lang='lat' dir='ltr'>communis</span> <span class='ocrx_word' id='word_1_103' title='bbox 831 945 875 984; x_wconf 91' lang='lat' dir='ltr'>et</span> <span class='ocrx_word' id='word_1_104' title='bbox 903 942 1034 984; x_wconf 91' lang='lat' dir='ltr'>multi</span> <span class='ocrx_word' id='word_1_105' title='bbox 1065 942 1266 985; x_wconf 90' lang='lat' dir='ltr'>scientes</span> <span class='ocrx_word' id='word_1_106' title='bbox 1294 942 1351 984; x_wconf 92' lang='lat' dir='ltr'>de</span> <span class='ocrx_word' id='word_1_107' title='bbox 1381 941 1588 984; x_wconf 90' lang='lat' dir='ltr'>consiliis</span> <span class='ocrx_word' id='word_1_108' title='bbox 1618 942 1742 995; x_wconf 91' lang='lat' dir='ltr'>regis</span> <span class='ocrx_word' id='word_1_109' title='bbox 1771 944 1818 984; x_wconf 94' lang='lat' dir='ltr'>et</span> <span class='ocrx_word' id='word_1_110' title='bbox 1844 940 2040 983; x_wconf 91' lang='lat' dir='ltr'>adhere-</span> 
     </span>
     <span class='ocr_line' id='line_1_13' title="bbox 266 1012 2039 1066; baseline 0 -13"><span class='ocrx_word' id='word_1_111' title='bbox 266 1012 384 1053; x_wconf 92' lang='lat' dir='ltr'>cium</span> <span class='ocrx_word' id='word_1_112' title='bbox 420 1012 507 1054; x_wconf 91' lang='lat' dir='ltr'>sibi</span> <span class='ocrx_word' id='word_1_113' title='bbox 545 1012 764 1054; x_wconf 88' lang='lat' dir='ltr'>dixerunt</span> <span class='ocrx_word' id='word_1_114' title='bbox 799 1013 972 1065; x_wconf 91' lang='lat' dir='ltr'>amicis,</span> <span class='ocrx_word' id='word_1_115' title='bbox 1009 1013 1132 1065; x_wconf 91' lang='lat' dir='ltr'>quod</span> <span class='ocrx_word' id='word_1_116' title='bbox 1166 1025 1250 1054; x_wconf 85' lang='lat' dir='ltr'>rex</span> <span class='ocrx_word' id='word_1_117' title='bbox 1284 1013 1576 1066; x_wconf 88' lang='lat' dir='ltr'>proponebat</span> <span class='ocrx_word' id='word_1_118' title='bbox 1611 1015 1656 1054; x_wconf 93' lang='lat' dir='ltr'>et</span> <span class='ocrx_word' id='word_1_119' title='bbox 1691 1012 2039 1054; x_wconf 85' lang='lat' dir='ltr'>deliberaverat</span> 
     </span>
     <span class='ocr_line' id='line_1_14' title="bbox 266 1083 2039 1137; baseline 0 -13"><span class='ocrx_word' id='word_1_120' title='bbox 266 1083 518 1136; x_wconf 92' lang='lat' dir='ltr'>aliquando</span> <span class='ocrx_word' id='word_1_121' title='bbox 544 1095 714 1136; x_wconf 88' lang='lat' dir='ltr'>capere</span> <span class='ocrx_word' id='word_1_122' title='bbox 742 1095 904 1126; x_wconf 89' lang='lat' dir='ltr'>omnes</span> <span class='ocrx_word' id='word_1_123' title='bbox 933 1083 1211 1125; x_wconf 90' lang='lat' dir='ltr'>cardinales.</span> <span class='ocrx_word' id='word_1_124' title='bbox 1254 1084 1307 1125; x_wconf 89' lang='lat' dir='ltr'>Et</span> <span class='ocrx_word' id='word_1_125' title='bbox 1335 1087 1496 1137; x_wconf 92' lang='lat' dir='ltr'>postea</span> <span class='ocrx_word' id='word_1_126' title='bbox 1527 1083 1767 1125; x_wconf 86' lang='lat' dir='ltr'>restrinxit</span> <span class='ocrx_word' id='word_1_127' title='bbox 1795 1083 1854 1126; x_wconf 89' lang='lat' dir='ltr'>ad</span> <span class='ocrx_word' id='word_1_128' title='bbox 1882 1095 1967 1125; x_wconf 86' lang='lat' dir='ltr'>sex</span> <span class='ocrx_word' id='word_1_129' title='bbox 1994 1085 2039 1124; x_wconf 89' lang='lat' dir='ltr'>et</span> 
     </span>
     <span class='ocr_line' id='line_1_15' title="bbox 255 1153 2039 1207; baseline 0 -12"><span class='ocrx_word' id='word_1_130' title='bbox 255 1156 608 1207; x_wconf 72' lang='lat' dir='ltr'>&#39;consequenter</span> <span class='ocrx_word' id='word_1_131' title='bbox 640 1154 795 1207; x_wconf 92' lang='lat' dir='ltr'>posuit</span> <span class='ocrx_word' id='word_1_132' title='bbox 830 1157 929 1196; x_wconf 89' lang='lat' dir='ltr'>octo</span> <span class='ocrx_word' id='word_1_133' title='bbox 963 1157 1009 1196; x_wconf 90' lang='lat' dir='ltr'>et</span> <span class='ocrx_word' id='word_1_134' title='bbox 1042 1154 1158 1197; x_wconf 91' lang='lat' dir='ltr'>alios</span> <span class='ocrx_word' id='word_1_135' title='bbox 1193 1154 1412 1207; x_wconf 89' lang='lat' dir='ltr'>prelatos.</span> <span class='ocrx_word' id='word_1_136' title='bbox 1461 1155 1515 1196; x_wconf 92' lang='lat' dir='ltr'>Et</span> <span class='ocrx_word' id='word_1_137' title='bbox 1549 1154 1618 1195; x_wconf 93' lang='lat' dir='ltr'>illi</span> <span class='ocrx_word' id='word_1_138' title='bbox 1653 1156 1786 1196; x_wconf 91' lang='lat' dir='ltr'>erant</span> <span class='ocrx_word' id='word_1_139' title='bbox 1820 1153 1878 1195; x_wconf 93' lang='lat' dir='ltr'>de</span> <span class='ocrx_word' id='word_1_140' title='bbox 1911 1156 2039 1196; x_wconf 88' lang='lat' dir='ltr'>nota-</span> 
     </span>
     <span class='ocr_line' id='line_1_16' title="bbox 265 1223 2038 1278; baseline -0.001 -12"><span class='ocrx_word' id='word_1_141' title='bbox 265 1225 513 1267; x_wconf 92' lang='lat' dir='ltr'>bilioribus</span> <span class='ocrx_word' id='word_1_142' title='bbox 538 1225 802 1278; x_wconf 88' lang='lat' dir='ltr'>proscripti,</span> <span class='ocrx_word' id='word_1_143' title='bbox 827 1228 876 1266; x_wconf 92' lang='lat' dir='ltr'>ut</span> <span class='ocrx_word' id='word_1_144' title='bbox 902 1225 1183 1267; x_wconf 88' lang='lat' dir='ltr'>ducerentur</span> <span class='ocrx_word' id='word_1_145' title='bbox 1209 1225 1268 1267; x_wconf 93' lang='lat' dir='ltr'>ad</span> <span class='ocrx_word' id='word_1_146' title='bbox 1293 1225 1480 1267; x_wconf 90' lang='lat' dir='ltr'>diversa</span> <span class='ocrx_word' id='word_1_147' title='bbox 1506 1225 1618 1267; x_wconf 91' lang='lat' dir='ltr'>loca.</span> <span class='ocrx_word' id='word_1_148' title='bbox 1656 1224 1748 1267; x_wconf 90' lang='lat' dir='ltr'>Sed</span> <span class='ocrx_word' id='word_1_149' title='bbox 1774 1223 2038 1267; x_wconf 88' lang='lat' dir='ltr'>cardinales</span> 
     </span>
     <span class='ocr_line' id='line_1_17' title="bbox 265 1295 2039 1349; baseline 0.001 -13"><span class='ocrx_word' id='word_1_150' title='bbox 265 1298 310 1338; x_wconf 92' lang='lat' dir='ltr'>et</span> <span class='ocrx_word' id='word_1_151' title='bbox 337 1295 432 1349; x_wconf 93' lang='lat' dir='ltr'>alii,</span> <span class='ocrx_word' id='word_1_152' title='bbox 461 1295 518 1337; x_wconf 92' lang='lat' dir='ltr'>de</span> <span class='ocrx_word' id='word_1_153' title='bbox 548 1308 745 1349; x_wconf 92' lang='lat' dir='ltr'>quorum</span> <span class='ocrx_word' id='word_1_154' title='bbox 773 1295 918 1337; x_wconf 92' lang='lat' dir='ltr'>eciam</span> <span class='ocrx_word' id='word_1_155' title='bbox 947 1295 1294 1349; x_wconf 89' lang='lat' dir='ltr'>proscripcione</span> <span class='ocrx_word' id='word_1_156' title='bbox 1324 1295 1578 1349; x_wconf 84' lang='lat' dir='ltr'>dicebatur,</span> <span class='ocrx_word' id='word_1_157' title='bbox 1608 1298 1874 1338; x_wconf 88' lang='lat' dir='ltr'>constantes</span> <span class='ocrx_word' id='word_1_158' title='bbox 1903 1297 2039 1338; x_wconf 88' lang='lat' dir='ltr'>stete-</span> 
     </span>
     <span class='ocr_line' id='line_1_18' title="bbox 266 1365 2037 1420; baseline 0 -12"><span class='ocrx_word' id='word_1_159' title='bbox 266 1369 373 1408; x_wconf 91' lang='lat' dir='ltr'>runt</span> <span class='ocrx_word' id='word_1_160' title='bbox 405 1379 491 1408; x_wconf 92' lang='lat' dir='ltr'>nec</span> <span class='ocrx_word' id='word_1_161' title='bbox 525 1366 814 1408; x_wconf 89' lang='lat' dir='ltr'>obmiserunt</span> <span class='ocrx_word' id='word_1_162' title='bbox 850 1366 977 1419; x_wconf 89' lang='lat' dir='ltr'>loqui</span> <span class='ocrx_word' id='word_1_163' title='bbox 1010 1370 1055 1409; x_wconf 92' lang='lat' dir='ltr'>et</span> <span class='ocrx_word' id='word_1_164' title='bbox 1087 1367 1325 1420; x_wconf 86' lang='lat' dir='ltr'>prosequi,</span> <span class='ocrx_word' id='word_1_165' title='bbox 1361 1379 1451 1420; x_wconf 93' lang='lat' dir='ltr'>que</span> <span class='ocrx_word' id='word_1_166' title='bbox 1486 1367 1606 1409; x_wconf 91' lang='lat' dir='ltr'>iusta</span> <span class='ocrx_word' id='word_1_167' title='bbox 1639 1366 1709 1409; x_wconf 91' lang='lat' dir='ltr'>eis</span> <span class='ocrx_word' id='word_1_168' title='bbox 1743 1365 2037 1408; x_wconf 85' lang='lat' dir='ltr'>videbantur.</span> 
     </span>
     <span class='ocr_line' id='line_1_19' title="bbox 265 1435 2036 1491; baseline -0.001 -11"><span class='ocrx_word' id='word_1_169' title='bbox 265 1437 416 1480; x_wconf 87' lang='lat' dir='ltr'>Causa</span> <span class='ocrx_word' id='word_1_170' title='bbox 447 1440 600 1480; x_wconf 88' lang='lat' dir='ltr'>autem</span> <span class='ocrx_word' id='word_1_171' title='bbox 632 1437 726 1480; x_wconf 88' lang='lat' dir='ltr'>odii</span> <span class='ocrx_word' id='word_1_172' title='bbox 757 1438 882 1491; x_wconf 90' lang='lat' dir='ltr'>regis</span> <span class='ocrx_word' id='word_1_173' title='bbox 914 1438 962 1479; x_wconf 93' lang='lat' dir='ltr'>in</span> <span class='ocrx_word' id='word_1_174' title='bbox 992 1450 1074 1480; x_wconf 93' lang='lat' dir='ltr'>eos</span> <span class='ocrx_word' id='word_1_175' title='bbox 1105 1437 1360 1491; x_wconf 88' lang='lat' dir='ltr'>dicebatur,</span> <span class='ocrx_word' id='word_1_176' title='bbox 1390 1438 1499 1491; x_wconf 93' lang='lat' dir='ltr'>quia</span> <span class='ocrx_word' id='word_1_177' title='bbox 1529 1449 1615 1479; x_wconf 87' lang='lat' dir='ltr'>rex</span> <span class='ocrx_word' id='word_1_178' title='bbox 1644 1436 1830 1479; x_wconf 89' lang='lat' dir='ltr'>volebat</span> <span class='ocrx_word' id='word_1_179' title='bbox 1859 1435 2036 1479; x_wconf 90' lang='lat' dir='ltr'>habere</span> 
     </span>
     <span class='ocr_line' id='line_1_20' title="bbox 265 1507 1786 1562; baseline 0.002 -13"><span class='ocrx_word' id='word_1_180' title='bbox 265 1520 433 1561; x_wconf 85' lang='lat' dir='ltr'>papam</span> <span class='ocrx_word' id='word_1_181' title='bbox 462 1508 520 1551; x_wconf 90' lang='lat' dir='ltr'>ad</span> <span class='ocrx_word' id='word_1_182' title='bbox 546 1509 833 1550; x_wconf 88' lang='lat' dir='ltr'>voluntatem</span> <span class='ocrx_word' id='word_1_183' title='bbox 860 1521 991 1551; x_wconf 91' lang='lat' dir='ltr'>suam</span> <span class='ocrx_word' id='word_1_184' title='bbox 1019 1511 1064 1550; x_wconf 93' lang='lat' dir='ltr'>et</span> <span class='ocrx_word' id='word_1_185' title='bbox 1093 1508 1188 1551; x_wconf 91' lang='lat' dir='ltr'>illis</span> <span class='ocrx_word' id='word_1_186' title='bbox 1216 1507 1445 1550; x_wconf 91' lang='lat' dir='ltr'>stantibus</span> <span class='ocrx_word' id='word_1_187' title='bbox 1473 1521 1566 1550; x_wconf 92' lang='lat' dir='ltr'>non</span> <span class='ocrx_word' id='word_1_188' title='bbox 1592 1510 1786 1562; x_wconf 89' lang='lat' dir='ltr'>poterat.</span> 
     </span>
    </p>

    <p class='ocr_par' dir='ltr' id='par_1_4' title="bbox 264 1589 2080 1717">
     <span class='ocr_line' id='line_1_21' title="bbox 383 1589 2080 1644; baseline -0.001 -12"><span class='ocrx_word' id='word_1_189' title='bbox 383 1591 590 1633; x_wconf 88' lang='lat' dir='ltr'>Tandem</span> <span class='ocrx_word' id='word_1_190' title='bbox 611 1591 752 1644; x_wconf 89' lang='lat' dir='ltr'>legati</span> <span class='ocrx_word' id='word_1_191' title='bbox 773 1591 899 1644; x_wconf 90' lang='lat' dir='ltr'>regis</span> <span class='ocrx_word' id='word_1_192' title='bbox 918 1591 1088 1644; x_wconf 91' lang='lat' dir='ltr'>Anglie</span> <span class='ocrx_word' id='word_1_193' title='bbox 1109 1593 1213 1644; x_wconf 91' lang='lat' dir='ltr'>post</span> <span class='ocrx_word' id='word_1_194' title='bbox 1233 1590 1408 1633; x_wconf 93' lang='lat' dir='ltr'>obitum</span> <span class='ocrx_word' id='word_1_195' title='bbox 1429 1590 1636 1644; x_wconf 83' lang='lat' dir='ltr'>episcopi</span> <span class='ocrx_word' id='word_1_196' title='bbox 1656 1589 2080 1642; x_wconf 49' lang='lat' dir='ltr'>Sarisberiensis‚2</span> 
     </span>
     <span class='ocr_line' id='line_1_22' title="bbox 264 1660 2038 1717; baseline -0.001 -14"><span class='ocrx_word' id='word_1_197' title='bbox 264 1661 482 1703; x_wconf 89' lang='lat' dir='ltr'>videlicet</span> <span class='ocrx_word' id='word_1_198' title='bbox 514 1661 857 1715; x_wconf 89' lang='lat' dir='ltr'>Bathoniensis,</span> <span class='ocrx_word' id='word_1_199' title='bbox 892 1661 1281 1714; x_wconf 78' lang='lat' dir='ltr'>Lichefeldensis,</span> <span class='ocrx_word' id='word_1_200' title='bbox 1315 1661 1515 1703; x_wconf 90' lang='lat' dir='ltr'>Thomas</span> <span class='ocrx_word' id='word_1_201' title='bbox 1548 1661 1754 1717; x_wconf 61' lang='lat' dir='ltr'>Peltonss)</span> <span class='ocrx_word' id='word_1_202' title='bbox 1788 1660 2038 1714; x_wconf 91' lang='lat' dir='ltr'>prothono-</span> 
     </span>
    </p>

    <p class='ocr_par' dir='ltr' id='par_1_5' title="bbox 218 1719 2038 2702">
     <span class='ocr_line' id='line_1_23' title="bbox 218 1719 2036 1786; baseline -0.001 -12"><span class='ocrx_word' id='word_1_203' title='bbox 218 1719 411 1775; x_wconf 48' lang='lat' dir='ltr'>‘tarius</span> <span class='ocrx_word' id='word_1_204' title='bbox 433 1735 477 1774; x_wconf 94' lang='lat' dir='ltr'>et</span> <span class='ocrx_word' id='word_1_205' title='bbox 500 1733 721 1786; x_wconf 90' lang='lat' dir='ltr'>magister</span> <span class='ocrx_word' id='word_1_206' title='bbox 742 1732 1001 1774; x_wconf 88' lang='lat' dir='ltr'>Richardus</span> <span class='ocrx_word' id='word_1_207' title='bbox 1026 1732 1254 1786; x_wconf 91' lang='lat' dir='ltr'>Flamingi</span> <span class='ocrx_word' id='word_1_208' title='bbox 1277 1732 1499 1785; x_wconf 90' lang='lat' dir='ltr'>magister</span> <span class='ocrx_word' id='word_1_209' title='bbox 1522 1732 1569 1773; x_wconf 95' lang='lat' dir='ltr'>in</span> <span class='ocrx_word' id='word_1_210' title='bbox 1592 1731 1825 1785; x_wconf 85' lang='lat' dir='ltr'>theologia</span> <span class='ocrx_word' id='word_1_211' title='bbox 1845 1743 1939 1774; x_wconf 91' lang='lat' dir='ltr'>una</span> <span class='ocrx_word' id='word_1_212' title='bbox 1960 1731 2036 1772; x_wconf 92' lang='lat' dir='ltr'>die</span> 
     </span>
     <span class='ocr_line' id='line_1_24' title="bbox 263 1801 2038 1856; baseline -0.001 -12"><span class='ocrx_word' id='word_1_213' title='bbox 263 1806 494 1845; x_wconf 90' lang='lat' dir='ltr'>venerunt</span> <span class='ocrx_word' id='word_1_214' title='bbox 523 1803 582 1845; x_wconf 93' lang='lat' dir='ltr'>ad</span> <span class='ocrx_word' id='word_1_215' title='bbox 610 1802 856 1856; x_wconf 84' lang='lat' dir='ltr'>collegium</span> <span class='ocrx_word' id='word_1_216' title='bbox 887 1802 1194 1845; x_wconf 90' lang='lat' dir='ltr'>cardinalium</span> <span class='ocrx_word' id='word_1_217' title='bbox 1224 1802 1445 1856; x_wconf 91' lang='lat' dir='ltr'>dicentes,</span> <span class='ocrx_word' id='word_1_218' title='bbox 1476 1802 1613 1856; x_wconf 90' lang='lat' dir='ltr'>quod,</span> <span class='ocrx_word' id='word_1_219' title='bbox 1644 1803 1683 1845; x_wconf 92' lang='lat' dir='ltr'>si</span> <span class='ocrx_word' id='word_1_220' title='bbox 1710 1802 1920 1856; x_wconf 88' lang='lat' dir='ltr'>placeret</span> <span class='ocrx_word' id='word_1_221' title='bbox 1947 1801 2038 1844; x_wconf 88' lang='lat' dir='ltr'>col—</span> 
     </span>
     <span class='ocr_line' id='line_1_25' title="bbox 265 1872 2037 1927; baseline -0.001 -12"><span class='ocrx_word' id='word_1_222' title='bbox 265 1874 400 1927; x_wconf 88' lang='lat' dir='ltr'>legio,</span> <span class='ocrx_word' id='word_1_223' title='bbox 435 1874 523 1927; x_wconf 91' lang='lat' dir='ltr'>ipsi</span> <span class='ocrx_word' id='word_1_224' title='bbox 557 1874 913 1927; x_wconf 90' lang='lat' dir='ltr'>interponerent</span> <span class='ocrx_word' id='word_1_225' title='bbox 945 1887 994 1916; x_wconf 92' lang='lat' dir='ltr'>se</span> <span class='ocrx_word' id='word_1_226' title='bbox 1028 1886 1114 1926; x_wconf 94' lang='lat' dir='ltr'>pro</span> <span class='ocrx_word' id='word_1_227' title='bbox 1144 1886 1259 1927; x_wconf 91' lang='lat' dir='ltr'>pace</span> <span class='ocrx_word' id='word_1_228' title='bbox 1292 1876 1337 1915; x_wconf 93' lang='lat' dir='ltr'>et</span> <span class='ocrx_word' id='word_1_229' title='bbox 1370 1873 1616 1915; x_wconf 91' lang='lat' dir='ltr'>concordia</span> <span class='ocrx_word' id='word_1_230' title='bbox 1648 1872 1769 1915; x_wconf 91' lang='lat' dir='ltr'>inter</span> <span class='ocrx_word' id='word_1_231' title='bbox 1801 1885 1960 1926; x_wconf 92' lang='lat' dir='ltr'>regem</span> <span class='ocrx_word' id='word_1_232' title='bbox 1991 1874 2037 1914; x_wconf 92' lang='lat' dir='ltr'>et</span> 
     </span>
     <span class='ocr_line' id='line_1_26' title="bbox 263 1943 2036 1997; baseline 0 -12"><span class='ocrx_word' id='word_1_233' title='bbox 263 1944 541 1987; x_wconf 89' lang='lat' dir='ltr'>cardinales.</span> <span class='ocrx_word' id='word_1_234' title='bbox 577 1944 662 1996; x_wconf 83' lang='lat' dir='ltr'>Qui</span> <span class='ocrx_word' id='word_1_235' title='bbox 688 1944 1047 1997; x_wconf 90' lang='lat' dir='ltr'>responderunt,</span> <span class='ocrx_word' id='word_1_236' title='bbox 1072 1944 1196 1997; x_wconf 91' lang='lat' dir='ltr'>quod</span> <span class='ocrx_word' id='word_1_237' title='bbox 1219 1957 1321 1986; x_wconf 92' lang='lat' dir='ltr'>cum</span> <span class='ocrx_word' id='word_1_238' title='bbox 1346 1956 1457 1997; x_wconf 90' lang='lat' dir='ltr'>rege</span> <span class='ocrx_word' id='word_1_239' title='bbox 1481 1944 1658 1986; x_wconf 93' lang='lat' dir='ltr'>nullam</span> <span class='ocrx_word' id='word_1_240' title='bbox 1683 1943 1921 1986; x_wconf 91' lang='lat' dir='ltr'>habebant</span> <span class='ocrx_word' id='word_1_241' title='bbox 1945 1943 2036 1985; x_wconf 91' lang='lat' dir='ltr'>dis-</span> 
     </span>
     <span class='ocr_line' id='line_1_27' title="bbox 263 2013 2035 2068; baseline -0.001 -12"><span class='ocrx_word' id='word_1_242' title='bbox 263 2015 481 2068; x_wconf 89' lang='lat' dir='ltr'>cordiam,</span> <span class='ocrx_word' id='word_1_243' title='bbox 510 2027 596 2056; x_wconf 92' lang='lat' dir='ltr'>nec</span> <span class='ocrx_word' id='word_1_244' title='bbox 626 2015 715 2057; x_wconf 88' lang='lat' dir='ltr'>sibi</span> <span class='ocrx_word' id='word_1_245' title='bbox 745 2015 963 2056; x_wconf 90' lang='lat' dir='ltr'>volebant</span> <span class='ocrx_word' id='word_1_246' title='bbox 991 2014 1081 2056; x_wconf 92' lang='lat' dir='ltr'>nisi</span> <span class='ocrx_word' id='word_1_247' title='bbox 1109 2015 1307 2067; x_wconf 88' lang='lat' dir='ltr'>gloriam</span> <span class='ocrx_word' id='word_1_248' title='bbox 1335 2018 1380 2057; x_wconf 92' lang='lat' dir='ltr'>et</span> <span class='ocrx_word' id='word_1_249' title='bbox 1408 2015 1647 2057; x_wconf 91' lang='lat' dir='ltr'>honorem.</span> <span class='ocrx_word' id='word_1_250' title='bbox 1689 2013 1737 2056; x_wconf 89' lang='lat' dir='ltr'>Si</span> <span class='ocrx_word' id='word_1_251' title='bbox 1765 2017 1921 2056; x_wconf 90' lang='lat' dir='ltr'>tamen</span> <span class='ocrx_word' id='word_1_252' title='bbox 1950 2025 2035 2055; x_wconf 84' lang='lat' dir='ltr'>rex</span> 
     </span>
     <span class='ocr_line' id='line_1_28' title="bbox 262 2084 2035 2138; baseline -0.001 -11"><span class='ocrx_word' id='word_1_253' title='bbox 262 2085 458 2127; x_wconf 92' lang='lat' dir='ltr'>haberet</span> <span class='ocrx_word' id='word_1_254' title='bbox 491 2085 695 2138; x_wconf 90' lang='lat' dir='ltr'>aliquam</span> <span class='ocrx_word' id='word_1_255' title='bbox 728 2085 1102 2138; x_wconf 86' lang='lat' dir='ltr'>indignacionem</span> <span class='ocrx_word' id='word_1_256' title='bbox 1136 2088 1295 2128; x_wconf 90' lang='lat' dir='ltr'>contra</span> <span class='ocrx_word' id='word_1_257' title='bbox 1327 2098 1422 2137; x_wconf 89' lang='lat' dir='ltr'>eos,</span> <span class='ocrx_word' id='word_1_258' title='bbox 1456 2088 1592 2138; x_wconf 90' lang='lat' dir='ltr'>prout</span> <span class='ocrx_word' id='word_1_259' title='bbox 1626 2084 1880 2138; x_wconf 89' lang='lat' dir='ltr'>dicebatur,</span> <span class='ocrx_word' id='word_1_260' title='bbox 1913 2085 2035 2127; x_wconf 91' lang='lat' dir='ltr'>bene</span> 
     </span>
     <span class='ocr_line' id='line_1_29' title="bbox 263 2155 2035 2209; baseline -0.001 -11"><span class='ocrx_word' id='word_1_261' title='bbox 263 2157 452 2209; x_wconf 89' lang='lat' dir='ltr'>vellent,</span> <span class='ocrx_word' id='word_1_262' title='bbox 484 2156 607 2209; x_wconf 89' lang='lat' dir='ltr'>quod</span> <span class='ocrx_word' id='word_1_263' title='bbox 639 2156 767 2197; x_wconf 91' lang='lat' dir='ltr'>illam</span> <span class='ocrx_word' id='word_1_264' title='bbox 798 2156 1058 2197; x_wconf 89' lang='lat' dir='ltr'>remitteret</span> <span class='ocrx_word' id='word_1_265' title='bbox 1084 2159 1132 2197; x_wconf 89' lang='lat' dir='ltr'>et</span> <span class='ocrx_word' id='word_1_266' title='bbox 1161 2159 1421 2208; x_wconf 90' lang='lat' dir='ltr'>pacaretur.</span> <span class='ocrx_word' id='word_1_267' title='bbox 1465 2155 1520 2198; x_wconf 93' lang='lat' dir='ltr'>Et</span> <span class='ocrx_word' id='word_1_268' title='bbox 1550 2156 1607 2197; x_wconf 94' lang='lat' dir='ltr'>de</span> <span class='ocrx_word' id='word_1_269' title='bbox 1638 2155 1724 2198; x_wconf 88' lang='lat' dir='ltr'>hoc</span> <span class='ocrx_word' id='word_1_270' title='bbox 1754 2158 2035 2208; x_wconf 87' lang='lat' dir='ltr'>rogaverunt</span> 
     </span>
     <span class='ocr_line' id='line_1_30' title="bbox 263 2225 2034 2280; baseline -0.001 -11"><span class='ocrx_word' id='word_1_271' title='bbox 263 2240 343 2269; x_wconf 89' lang='lat' dir='ltr'>eos</span> <span class='ocrx_word' id='word_1_272' title='bbox 367 2227 691 2280; x_wconf 90' lang='lat' dir='ltr'>dederuntque</span> <span class='ocrx_word' id='word_1_273' title='bbox 715 2226 979 2268; x_wconf 91' lang='lat' dir='ltr'>cardinales</span> <span class='ocrx_word' id='word_1_274' title='bbox 1002 2229 1199 2279; x_wconf 88' lang='lat' dir='ltr'>quatuor</span> <span class='ocrx_word' id='word_1_275' title='bbox 1221 2239 1282 2268; x_wconf 89' lang='lat' dir='ltr'>ex</span> <span class='ocrx_word' id='word_1_276' title='bbox 1302 2227 1373 2268; x_wconf 87' lang='lat' dir='ltr'>eis</span> <span class='ocrx_word' id='word_1_277' title='bbox 1397 2226 1642 2279; x_wconf 92' lang='lat' dir='ltr'>deputatos</span> <span class='ocrx_word' id='word_1_278' title='bbox 1664 2225 1723 2268; x_wconf 93' lang='lat' dir='ltr'>ad</span> <span class='ocrx_word' id='word_1_279' title='bbox 1745 2225 2034 2268; x_wconf 83' lang='lat' dir='ltr'>tractandum</span> 
     </span>
     <span class='ocr_line' id='line_1_31' title="bbox 262 2295 2035 2350; baseline -0.001 -11"><span class='ocrx_word' id='word_1_280' title='bbox 262 2310 364 2339; x_wconf 87' lang='lat' dir='ltr'>cum</span> <span class='ocrx_word' id='word_1_281' title='bbox 395 2297 490 2340; x_wconf 93' lang='lat' dir='ltr'>illis</span> <span class='ocrx_word' id='word_1_282' title='bbox 521 2297 579 2339; x_wconf 92' lang='lat' dir='ltr'>de</span> <span class='ocrx_word' id='word_1_283' title='bbox 609 2296 815 2339; x_wconf 91' lang='lat' dir='ltr'>amicicia</span> <span class='ocrx_word' id='word_1_284' title='bbox 847 2309 949 2338; x_wconf 92' lang='lat' dir='ltr'>cum</span> <span class='ocrx_word' id='word_1_285' title='bbox 980 2308 1103 2349; x_wconf 92' lang='lat' dir='ltr'>rege.</span> <span class='ocrx_word' id='word_1_286' title='bbox 1147 2296 1231 2348; x_wconf 88' lang='lat' dir='ltr'>Qui</span> <span class='ocrx_word' id='word_1_287' title='bbox 1262 2299 1577 2338; x_wconf 89' lang='lat' dir='ltr'>tractaverunt</span> <span class='ocrx_word' id='word_1_288' title='bbox 1607 2299 1652 2339; x_wconf 92' lang='lat' dir='ltr'>et</span> <span class='ocrx_word' id='word_1_289' title='bbox 1681 2308 1767 2338; x_wconf 84' lang='lat' dir='ltr'>rex</span> <span class='ocrx_word' id='word_1_290' title='bbox 1796 2295 2035 2350; x_wconf 90' lang='lat' dir='ltr'>deputavit</span> 
     </span>
     <span class='ocr_line' id='line_1_32' title="bbox 264 2366 2033 2422; baseline -0.001 -12"><span class='ocrx_word' id='word_1_291' title='bbox 264 2369 460 2422; x_wconf 87' lang='lat' dir='ltr'>aliquos,</span> <span class='ocrx_word' id='word_1_292' title='bbox 496 2368 574 2421; x_wconf 93' lang='lat' dir='ltr'>qui</span> <span class='ocrx_word' id='word_1_293' title='bbox 610 2367 876 2421; x_wconf 91' lang='lat' dir='ltr'>petiverunt</span> <span class='ocrx_word' id='word_1_294' title='bbox 913 2380 998 2420; x_wconf 92' lang='lat' dir='ltr'>pro</span> <span class='ocrx_word' id='word_1_295' title='bbox 1035 2379 1144 2420; x_wconf 92' lang='lat' dir='ltr'>rege</span> <span class='ocrx_word' id='word_1_296' title='bbox 1183 2370 1397 2409; x_wconf 91' lang='lat' dir='ltr'>contenta</span> <span class='ocrx_word' id='word_1_297' title='bbox 1433 2366 1479 2408; x_wconf 93' lang='lat' dir='ltr'>in</span> <span class='ocrx_word' id='word_1_298' title='bbox 1517 2366 1696 2420; x_wconf 92' lang='lat' dir='ltr'>cedula,</span> <span class='ocrx_word' id='word_1_299' title='bbox 1733 2366 1863 2410; x_wconf 90' lang='lat' dir='ltr'>cuius</span> <span class='ocrx_word' id='word_1_300' title='bbox 1899 2370 2033 2409; x_wconf 91' lang='lat' dir='ltr'>tenor</span> 
     </span>
     <span class='ocr_line' id='line_1_33' title="bbox 263 2437 2033 2492; baseline -0.002 -11"><span class='ocrx_word' id='word_1_301' title='bbox 263 2440 487 2492; x_wconf 87' lang='lat' dir='ltr'>sequitur,</span> <span class='ocrx_word' id='word_1_302' title='bbox 519 2442 563 2480; x_wconf 87' lang='lat' dir='ltr'>et</span> <span class='ocrx_word' id='word_1_303' title='bbox 596 2439 719 2492; x_wconf 85' lang='lat' dir='ltr'>quod</span> <span class='ocrx_word' id='word_1_304' title='bbox 751 2438 1015 2480; x_wconf 89' lang='lat' dir='ltr'>cardinales</span> <span class='ocrx_word' id='word_1_305' title='bbox 1048 2437 1371 2490; x_wconf 87' lang='lat' dir='ltr'>promitterent</span> <span class='ocrx_word' id='word_1_306' title='bbox 1403 2437 1501 2491; x_wconf 88' lang='lat' dir='ltr'>regi</span> <span class='ocrx_word' id='word_1_307' title='bbox 1535 2438 1616 2480; x_wconf 89' lang='lat' dir='ltr'>illa</span> <span class='ocrx_word' id='word_1_308' title='bbox 1648 2437 1772 2491; x_wconf 90' lang='lat' dir='ltr'>apud</span> <span class='ocrx_word' id='word_1_309' title='bbox 1805 2449 2033 2480; x_wconf 91' lang='lat' dir='ltr'>summum</span> 
     </span>
     <span class='ocr_line' id='line_1_34' title="bbox 262 2507 2032 2563; baseline -0.001 -11"><span class='ocrx_word' id='word_1_310' title='bbox 262 2509 533 2563; x_wconf 85' lang='lat' dir='ltr'>pontificem</span> <span class='ocrx_word' id='word_1_311' title='bbox 560 2520 827 2562; x_wconf 91' lang='lat' dir='ltr'>procurare.</span> <span class='ocrx_word' id='word_1_312' title='bbox 868 2508 923 2550; x_wconf 90' lang='lat' dir='ltr'>Et</span> <span class='ocrx_word' id='word_1_313' title='bbox 949 2508 1143 2561; x_wconf 90' lang='lat' dir='ltr'>insuper</span> <span class='ocrx_word' id='word_1_314' title='bbox 1169 2508 1292 2560; x_wconf 91' lang='lat' dir='ltr'>quod</span> <span class='ocrx_word' id='word_1_315' title='bbox 1317 2507 1457 2550; x_wconf 82' lang='lat' dir='ltr'>fieret</span> <span class='ocrx_word' id='word_1_316' title='bbox 1484 2508 1691 2550; x_wconf 88' lang='lat' dir='ltr'>amicicia</span> <span class='ocrx_word' id='word_1_317' title='bbox 1717 2511 1762 2550; x_wconf 90' lang='lat' dir='ltr'>et</span> <span class='ocrx_word' id='word_1_318' title='bbox 1786 2507 2032 2550; x_wconf 91' lang='lat' dir='ltr'>concordia</span> 
     </span>
     <span class='ocr_line' id='line_1_35' title="bbox 263 2578 2032 2633; baseline -0.001 -10"><span class='ocrx_word' id='word_1_319' title='bbox 263 2581 381 2623; x_wconf 87' lang='lat' dir='ltr'>alias</span> <span class='ocrx_word' id='word_1_320' title='bbox 404 2583 610 2633; x_wconf 89' lang='lat' dir='ltr'>tractata,</span> <span class='ocrx_word' id='word_1_321' title='bbox 634 2579 764 2621; x_wconf 92' lang='lat' dir='ltr'>cuius</span> <span class='ocrx_word' id='word_1_322' title='bbox 788 2582 922 2621; x_wconf 94' lang='lat' dir='ltr'>tenor</span> <span class='ocrx_word' id='word_1_323' title='bbox 947 2591 1088 2632; x_wconf 90' lang='lat' dir='ltr'>supra</span> <span class='ocrx_word' id='word_1_324' title='bbox 1113 2578 1328 2620; x_wconf 88' lang='lat' dir='ltr'>scribitur</span> <span class='ocrx_word' id='word_1_325' title='bbox 1353 2579 1399 2619; x_wconf 94' lang='lat' dir='ltr'>in</span> <span class='ocrx_word' id='word_1_326' title='bbox 1424 2590 1585 2621; x_wconf 90' lang='lat' dir='ltr'>mense</span> <span class='ocrx_word' id='word_1_327' title='bbox 1609 2578 1737 2632; x_wconf 84' lang='lat' dir='ltr'>Julii,</span> <span class='ocrx_word' id='word_1_328' title='bbox 1760 2579 1901 2632; x_wconf 92' lang='lat' dir='ltr'>paulo</span> <span class='ocrx_word' id='word_1_329' title='bbox 1925 2581 2032 2621; x_wconf 90' lang='lat' dir='ltr'>ante</span> 
     </span>
     <span class='ocr_line' id='line_1_36' title="bbox 262 2648 1637 2702; baseline -0.001 -9"><span class='ocrx_word' id='word_1_330' title='bbox 262 2651 409 2693; x_wconf 93' lang='lat' dir='ltr'>XXII.</span> <span class='ocrx_word' id='word_1_331' title='bbox 437 2651 561 2692; x_wconf 92' lang='lat' dir='ltr'>diem</span> <span class='ocrx_word' id='word_1_332' title='bbox 587 2650 700 2692; x_wconf 76' lang='lat' dir='ltr'>Julii</span> <span class='ocrx_word' id='word_1_333' title='bbox 725 2652 770 2692; x_wconf 95' lang='lat' dir='ltr'>et</span> <span class='ocrx_word' id='word_1_334' title='bbox 796 2649 973 2702; x_wconf 90' lang='lat' dir='ltr'>incipit:</span> <span class='ocrx_word' id='word_1_335' title='bbox 1014 2648 1130 2700; x_wconf 84' lang='lat' dir='ltr'>Quia</span> <span class='ocrx_word' id='word_1_336' title='bbox 1156 2648 1383 2690; x_wconf 92' lang='lat' dir='ltr'>bonorum</span> <span class='ocrx_word' id='word_1_337' title='bbox 1411 2649 1637 2691; x_wconf 91' lang='lat' dir='ltr'>laborum.</span> 
     </span>
    </p>

    <p class='ocr_par' dir='ltr' id='par_1_6' title="bbox 261 2719 2032 2917">
     <span class='ocr_line' id='line_1_37' title="bbox 378 2719 2031 2774; baseline -0.001 -10"><span class='ocrx_word' id='word_1_338' title='bbox 378 2723 475 2774; x_wconf 86' lang='lat' dir='ltr'>Que</span> <span class='ocrx_word' id='word_1_339' title='bbox 502 2721 657 2764; x_wconf 89' lang='lat' dir='ltr'>omnia</span> <span class='ocrx_word' id='word_1_340' title='bbox 682 2723 874 2774; x_wconf 87' lang='lat' dir='ltr'>propter</span> <span class='ocrx_word' id='word_1_341' title='bbox 901 2722 1072 2761; x_wconf 85' lang='lat' dir='ltr'>metum</span> <span class='ocrx_word' id='word_1_342' title='bbox 1098 2719 1236 2772; x_wconf 90' lang='lat' dir='ltr'>regis,</span> <span class='ocrx_word' id='word_1_343' title='bbox 1264 2722 1308 2761; x_wconf 87' lang='lat' dir='ltr'>et</span> <span class='ocrx_word' id='word_1_344' title='bbox 1333 2722 1380 2761; x_wconf 95' lang='lat' dir='ltr'>ut</span> <span class='ocrx_word' id='word_1_345' title='bbox 1406 2720 1724 2762; x_wconf 90' lang='lat' dir='ltr'>accelerarent</span> <span class='ocrx_word' id='word_1_346' title='bbox 1748 2719 2031 2763; x_wconf 91' lang='lat' dir='ltr'>eleccionem</span> 
     </span>
     <span class='ocr_line' id='line_1_38' title="bbox 261 2789 2032 2846; baseline -0.002 -11"><span class='ocrx_word' id='word_1_347' title='bbox 261 2805 396 2846; x_wconf 90' lang='lat' dir='ltr'>pape,</span> <span class='ocrx_word' id='word_1_348' title='bbox 425 2805 561 2846; x_wconf 90' lang='lat' dir='ltr'>quam</span> <span class='ocrx_word' id='word_1_349' title='bbox 589 2791 858 2844; x_wconf 82' lang='lat' dir='ltr'>differebat,</span> <span class='ocrx_word' id='word_1_350' title='bbox 885 2793 929 2832; x_wconf 90' lang='lat' dir='ltr'>et</span> <span class='ocrx_word' id='word_1_351' title='bbox 954 2790 1013 2832; x_wconf 90' lang='lat' dir='ltr'>ad</span> <span class='ocrx_word' id='word_1_352' title='bbox 1039 2789 1320 2832; x_wconf 90' lang='lat' dir='ltr'>obviandum</span> <span class='ocrx_word' id='word_1_353' title='bbox 1347 2789 1582 2833; x_wconf 90' lang='lat' dir='ltr'>scandalis</span> <span class='ocrx_word' id='word_1_354' title='bbox 1604 2793 1653 2832; x_wconf 92' lang='lat' dir='ltr'>et</span> <span class='ocrx_word' id='word_1_355' title='bbox 1677 2790 1902 2844; x_wconf 91' lang='lat' dir='ltr'>periculis</span> <span class='ocrx_word' id='word_1_356' title='bbox 1927 2803 2032 2844; x_wconf 88' lang='lat' dir='ltr'>pre-</span> 
     </span>
     <span class='ocr_line' id='line_1_39' title="bbox 262 2860 2031 2917; baseline -0.001 -12"><span class='ocrx_word' id='word_1_357' title='bbox 262 2863 408 2917; x_wconf 89' lang='lat' dir='ltr'>dictis,</span> <span class='ocrx_word' id='word_1_358' title='bbox 444 2876 530 2917; x_wconf 92' lang='lat' dir='ltr'>per</span> <span class='ocrx_word' id='word_1_359' title='bbox 567 2875 656 2916; x_wconf 92' lang='lat' dir='ltr'>que</span> <span class='ocrx_word' id='word_1_360' title='bbox 692 2864 874 2916; x_wconf 89' lang='lat' dir='ltr'>poterat</span> <span class='ocrx_word' id='word_1_361' title='bbox 909 2863 1051 2902; x_wconf 92' lang='lat' dir='ltr'>totum</span> <span class='ocrx_word' id='word_1_362' title='bbox 1089 2860 1332 2902; x_wconf 90' lang='lat' dir='ltr'>concilium</span> <span class='ocrx_word' id='word_1_363' title='bbox 1368 2863 1415 2902; x_wconf 88' lang='lat' dir='ltr'>et</span> <span class='ocrx_word' id='word_1_364' title='bbox 1448 2860 1558 2902; x_wconf 93' lang='lat' dir='ltr'>unio</span> <span class='ocrx_word' id='word_1_365' title='bbox 1594 2860 1792 2904; x_wconf 90' lang='lat' dir='ltr'>ecclesie</span> <span class='ocrx_word' id='word_1_366' title='bbox 1827 2861 2031 2904; x_wconf 91' lang='lat' dir='ltr'>totaliter</span> 
     </span>
    </p>
   </div>
   <div class='ocr_carea' id='block_1_3' title="bbox 365 3013 620 3049">
    <p class='ocr_par' dir='ltr' id='par_1_7' title="bbox 365 3013 620 3049">
     <span class='ocr_line' id='line_1_40' title="bbox 365 3013 620 3049; baseline -0.008 -7"><span class='ocrx_word' id='word_1_367' title='bbox 365 3020 395 3049; x_wconf 78' lang='lat' dir='ltr'>a)</span> <span class='ocrx_word' id='word_1_368' title='bbox 416 3015 444 3041; x_wconf 86' lang='lat' dir='ltr'><em>B</em></span> <span class='ocrx_word' id='word_1_369' title='bbox 464 3013 620 3042; x_wconf 84' lang='lat' dir='ltr'>Perchon.</span> 
     </span>
    </p>
   </div>
  </div>
 </body>
</html>
