2227 3434
522 209 567 245 A.
606 209 806 245 Fillastres
834 208 951 245 Gesta
976 209 1127 245 concilii
1153 208 1470 246 Constantiensis.
1797 210 1878 253 151

115 328 345 384 eligendo,
366 330 587 382 quantum
609 327 844 370 sexdecim
867 327 1130 370 cardinales
1150 330 1196 370 et
1215 331 1392 370 tantum
1412 331 1509 370 tres
1529 328 1586 370 de
1606 328 1880 371 nacionibus

114 399 162 442 in
185 398 483 453 impediendo
506 401 728 451 quantum
753 401 853 441 octo
876 398 1153 440 cardinales.
1189 398 1289 441 Hiis
1314 398 1560 452 disputatis
1583 401 1881 442 recesserunt

114 469 321 523 deputati
354 469 402 511 in
433 468 685 511 crastinum
718 469 971 510 reversuri.

230 539 315 581 Die
341 539 521 582 sabbati
545 539 718 582 XXIII.
743 538 953 582 Octobris
979 540 1026 581 in
1050 539 1273 593 predictis
1299 539 1533 592 deputatis
1557 539 1721 582 modus
1746 539 1881 581 datus

112 622 172 652 ex
199 613 333 664 parte
362 610 571 652 nacionis
601 609 842 652 Gallicane
873 609 961 652 fuit
992 613 1254 663 acceptatus
1283 621 1369 663 per
1399 609 1643 663 deputatos
1672 609 1881 652 nacionis

113 680 404 734 Germanice,
427 693 483 723 eo
506 680 706 723 maxime
730 683 948 734 pretextu
970 681 1093 723 ultra
1116 681 1329 722 raciones
1354 680 1498 723 dictas
1521 693 1606 734 per
1630 680 1882 734 archiepis-

112 763 276 804 copum
302 751 623 793 Turonensem
650 750 818 804 pridie,
845 751 970 804 quod
995 763 1082 804 per
1107 750 1294 793 modum
1321 751 1477 793 datum
1505 764 1590 804 per
1615 751 1880 793 cardinales

111 824 212 864 erat
238 821 286 863 in
314 824 542 875 potestate
572 822 782 864 nacionis
811 821 991 864 Ytalice
1019 821 1196 864 habere
1225 834 1395 875 papam
1425 821 1668 864 Ytalicum.
1710 821 1881 864 Proba-

111 891 261 946 batur,
295 892 403 945 quia
438 895 545 935 sunt
577 892 661 934 XV
694 892 958 935 cardinales
994 892 1161 934 Ytalici
1196 895 1241 934 et
1274 895 1434 935 essent
1467 893 1673 946 quinque
1707 892 1765 935 de
1798 892 1881 935 illa

111 963 306 1005 nacione
338 961 545 1016 deputati
577 966 623 1005 et
653 963 717 1005 sic
748 962 845 1005 XX.
889 963 1010 1016 Ergo
1041 962 1098 1004 de
1131 963 1224 1005 alia
1252 963 1448 1005 nacione
1481 975 1755 1016 quacunque
1786 975 1880 1005 non

112 1036 304 1087 possent
324 1045 432 1075 esse
456 1033 547 1076 due
570 1037 743 1087 partes,
767 1046 870 1075 cum
893 1046 987 1075 non
1011 1036 1170 1076 essent
1193 1033 1240 1075 in
1264 1036 1358 1076 toto
1379 1033 1472 1076 nisi
1495 1034 1654 1076 XLVI.
1691 1033 1784 1077 Sed
1805 1034 1879 1076 hic

111 1107 181 1146 est
207 1102 411 1157 fallacia,
442 1103 551 1157 quia
580 1104 726 1157 iungit
755 1103 1019 1146 cardinales
1051 1117 1152 1146 cum
1183 1104 1417 1157 deputatis
1446 1104 1655 1146 nacionis
1686 1104 1880 1157 Ytche,

111 1187 226 1229 quos
252 1175 392 1218 debet
417 1174 628 1217 dividere
653 1188 739 1229 per
764 1175 963 1217 formam
991 1175 1169 1227 cedule,
1196 1187 1297 1217 cum
1324 1174 1587 1218 cardinales
1614 1188 1700 1229 pro
1726 1188 1776 1218 se
1803 1175 1880 1218 de-

110 1245 252 1288 beant
277 1245 434 1288 facere
465 1245 581 1289 duas
608 1249 767 1299 partes
795 1249 840 1288 et
870 1246 1077 1299 deputati
1106 1245 1352 1288 nacionum
1381 1245 1510 1288 duas.
1554 1246 1659 1289 Fuit
1687 1246 1767 1288 diu
1793 1258 1880 1300 per

110 1317 272 1370 plures
294 1328 437 1370 super
456 1316 542 1359 hoc
565 1316 849 1370 disputatum
872 1320 918 1358 et
940 1316 1062 1358 inter
1083 1320 1239 1359 cetera
1262 1317 1446 1369 dictum,
1471 1316 1594 1370 quod
1615 1316 1879 1359 cardinales

111 1386 345 1430 debebant
369 1387 649 1440 consentire,
676 1387 799 1440 quod
827 1388 898 1430 ius
925 1400 1086 1429 eorum
1112 1387 1368 1429 secundum
1394 1399 1525 1429 suam
1552 1387 1765 1430 cedulam
1791 1387 1879 1429 sal-

109 1469 217 1500 vum
239 1457 525 1500 remanebat.
1619 1464 1621 1466 “

227 1528 312 1571 Cui
338 1528 426 1570 fuit
452 1540 745 1582 responsum,
772 1528 898 1582 quod
923 1541 1029 1582 ymo
1055 1528 1314 1581 ledebatur,
1344 1528 1451 1581 quia
1478 1540 1565 1582 per
1591 1528 1720 1571 illam
1748 1540 1879 1571 suam

110 1599 232 1642 viam
251 1598 515 1642 cardinales
533 1599 764 1641 haberent
786 1599 987 1641 mediam
1006 1602 1188 1652 partem
1209 1599 1256 1641 in
1279 1599 1527 1652 eleccione,
1551 1599 1634 1642 sed
1655 1611 1741 1652 per
1760 1599 1879 1641 hanc

110 1669 230 1712 viam
263 1682 358 1712 non
393 1669 624 1712 haberent
657 1670 747 1712 nisi
785 1673 963 1713 sextam
1000 1673 1047 1712 et
1081 1673 1257 1712 tantum
1293 1673 1452 1723 posset
1489 1670 1697 1723 quelibet
1731 1670 1878 1722 nacio,

111 1740 283 1784 scilicet
314 1753 399 1784 sex
431 1741 488 1782 de
522 1741 730 1794 qualibet
760 1742 971 1793 nacione,
1005 1744 1226 1794 quantum
1261 1753 1422 1784 omnes
1456 1740 1720 1783 cardinales
1752 1743 1799 1783 et
1830 1741 1878 1782 in

110 1810 284 1854 effectu
312 1811 562 1854 eleccionis
591 1815 788 1865 quatuor
817 1811 1038 1864 deputati,
1069 1814 1291 1865 quantum
1321 1810 1572 1864 sexdecim,
1602 1824 1708 1865 ymo
1738 1823 1879 1865 quan-

109 1884 204 1924 tum
236 1894 398 1924 omnes
431 1882 694 1925 cardinales
729 1882 775 1924 in
809 1881 1040 1935 eligendo,
1074 1885 1119 1924 et
1151 1885 1247 1924 tres
1283 1881 1490 1935 deputati
1525 1885 1746 1935 quantum
1779 1885 1879 1925 octo

111 1952 372 1995 cardinales
403 1953 450 1994 in
480 1952 852 1995 contradicendo.
896 1953 1005 1996 Post
1031 1953 1117 1995 hec
1147 1965 1385 1995 recessum
1415 1956 1498 1996 est.

226 2022 312 2065 Die
356 2024 467 2066 lune
512 2023 652 2066 XXV.
698 2023 908 2066 Octobris
952 2023 1094 2065 nichil
1139 2023 1311 2066 factum
1358 2026 1442 2076 est,
1487 2023 1579 2066 nisi
1624 2023 1877 2077 disputare,

111 2093 308 2136 maxime
332 2097 486 2136 utrum
509 2094 750 2136 concilium
776 2095 924 2148 potuit
947 2094 1174 2147 derogare
1200 2094 1380 2137 iuribus
1405 2094 1569 2137 edictis
1595 2107 1737 2147 super
1760 2094 1878 2136 elec-

111 2163 240 2206 cione
264 2177 386 2218 pape
412 2164 487 2207 vel
513 2164 593 2207 illa
620 2165 802 2218 tollere,
829 2168 1020 2218 propter
1046 2165 1169 2218 quod
1196 2165 1387 2207 dubium
1414 2165 1678 2207 cardinales
1704 2164 1877 2207 dudum

112 2234 376 2278 obtulerant
397 2235 584 2278 modum
608 2235 908 2289 sepedictum.

227 2305 312 2349 Die
333 2308 494 2349 martis
516 2307 681 2349 XXVI.
705 2306 914 2350 Octobris
937 2306 1143 2360 deputati
1166 2306 1376 2349 nacionis
1398 2307 1664 2360 Hyspanice
1687 2318 1878 2360 respon—

112 2374 291 2429 derunt,
324 2377 448 2430 quod
484 2377 774 2420 adherebant
808 2378 881 2419 vie
918 2377 1023 2419 date
1059 2389 1144 2431 per
1181 2376 1384 2420 Gallicos
1420 2379 1465 2419 et
1500 2377 1756 2431 approbate
1791 2389 1877 2430 per

113 2444 382 2490 Germanos.
419 2447 476 2490 Et
498 2448 560 2490 ita
586 2450 691 2490 sunt
714 2451 811 2491 tres
834 2448 1056 2490 naciones
1080 2460 1165 2501 pro
1190 2447 1271 2490 illa
1295 2447 1382 2490 via.

226 2515 515 2570 Cardinales,
540 2518 704 2561 saltem
728 2519 875 2561 maior
898 2531 1008 2571 pars
1033 2522 1076 2560 et
1101 2521 1259 2571 preter
1283 2517 1531 2560 admodum
1553 2531 1739 2571 paucos,
1764 2518 1876 2559 mul-

111 2588 206 2628 tum
228 2587 609 2631 contradixerunt
634 2589 701 2630 illi
727 2588 880 2631 modo:
919 2591 1014 2630 tum
1040 2589 1147 2642 quia
1172 2588 1357 2630 videtur
1381 2588 1450 2631 eis
1474 2592 1690 2642 respectu
1715 2601 1873 2630 eorum

113 2655 296 2710 iniquus
323 2669 411 2712 per
441 2658 653 2702 raciones
685 2660 1041 2712 suprascriptas,
1074 2663 1169 2701 tum
1201 2659 1308 2712 quia
1342 2658 1541 2702 maxime
1575 2658 1786 2700 difficilis
1819 2657 1877 2700 ad

112 2727 400 2770 concordiam
436 2729 684 2772 eleccionis
719 2733 911 2783 propter
946 2729 1242 2772 diversitates
1276 2743 1381 2782 ymo
1416 2729 1722 2772 adversitates
1756 2729 1876 2770 naci-

113 2807 263 2840 onum.
295 2798 431 2841 Nulla
451 2800 575 2841 enim
597 2799 730 2842 nacio
752 2803 911 2853 preter
932 2800 1158 2842 Ytalicam
1179 2801 1322 2842 vellet
1345 2800 1587 2842 Ytalicum.
1624 2800 1677 2841 Et
1698 2799 1784 2841 ista
1807 2802 1875 2840 est

112 2866 331 2921 precipua
366 2881 505 2912 causa
539 2882 796 2913 consensus
831 2871 1029 2913 aliarum
1064 2870 1322 2913 nacionum.
1372 2870 1537 2913 Gallici
1574 2883 1665 2912 non
1700 2869 1877 2911 vellent

112 2934 352 2990 Anglicum
381 2943 573 2993 propter
604 2939 872 2983 inimicicias
904 2953 1154 2994 regnorum
1185 2953 1337 2994 neque
1371 2941 1654 2983 Germanum
1685 2942 1875 2993 propter

114 3003 381 3052 inimicicias
404 3010 528 3063 regis
549 3011 860 3053 Romanorum
886 3011 945 3054 ad
967 3024 1125 3065 regem
1149 3014 1195 3053 et
1218 3023 1412 3065 regnum
1437 3010 1630 3053 Francie
1656 3023 1740 3063 pro
1765 3021 1873 3062 rege

113 3075 299 3131 Anglie;
338 3091 493 3134 neque
533 3081 714 3135 Anglici
757 3081 985 3125 Gallicum
1027 3081 1192 3125 eadem
1234 3081 1435 3135 racione,
1477 3081 1700 3135 nullaque
1741 3080 1875 3122 nacio
