2227 3434
260 145 299 180 C.
339 146 417 180 Der
442 146 681 182 literarische
710 147 852 190 Kampf
876 157 938 180 urn
967 147 1030 181 die
1056 146 1230 191 Stellung
1255 147 1323 181 des
1349 147 1508 191 Papstes
1533 158 1617 181 zum
1645 146 1791 182 Konzil.
1825 148 1906 190 741

143 275 236 307 non
256 263 307 305 in
329 263 540 306 sessione
563 264 751 317 publica
773 264 964 307 fuerunt
987 264 1194 318 deputati
1218 265 1278 306 ad
1299 264 1587 307 tractandum
1612 277 1713 306 cum
1737 264 1910 306 Karolo

142 332 199 374 de
238 333 490 377 Malatestis
523 337 569 376 et
601 334 801 376 feliciter
831 335 1074 390 negocium
1107 335 1467 388 expediverunt;
1503 347 1614 388 ergo
1646 347 1739 377 non
1773 335 1910 387 valet,

143 402 249 455 quia
285 415 378 445 non
416 403 607 446 suerunt
643 404 817 446 decreti
855 405 901 446 in
939 405 1164 447 sessione.
1212 405 1449 458 Advertat‚
1487 406 1565 458 qui
1602 405 1765 458 arguit,
1802 417 1911 458 quo-

142 473 278 516 modo
307 473 503 516 sem-inat
531 474 751 517 zizaniam
781 475 827 516 in
857 488 968 528 agro
995 475 1238 519 dominico.
1280 475 1552 528 Quitplura‘?
1597 475 1760 518 Omnia
1788 487 1910 529 pene

140 546 271 596 gesta
295 543 342 585 in
368 544 453 587 hoc
479 557 611 587 sacro
635 545 827 587 concilio
854 549 960 587 sunt
981 548 1114 598 gesta
1138 549 1184 588 et
1208 546 1485 588 concordata
1508 558 1597 599 per
1619 545 1840 589 naciones
1867 549 1911 588 et

143 612 327 656 demum
359 614 546 657 decreta
578 615 624 656 in
656 616 881 668 sessione,
915 628 1003 668 que
1036 617 1225 658 omnino
1255 629 1340 669 per
1370 616 1489 658 hanc
1520 617 1642 659 viam
1672 616 1912 658 anichilla-

142 687 317 726 rentur.
356 685 477 728 Sane
503 689 566 728 tot
591 685 744 727 littere
771 688 927 738 totque
952 689 1081 739 gesta
1108 689 1213 729 sunt
1237 691 1283 729 et
1307 686 1527 739 expedita
1553 687 1599 728 in
1624 686 1911 739 nacionibus,

143 753 200 796 de
225 754 393 808 quibu-s
414 767 651 808 nunquam
675 755 761 798 fuit
784 756 978 798 verbum
1000 756 1048 798 in
1071 756 1281 799 sessione
1304 757 1503 810 publica.
1539 757 1629 799 Per
1650 757 1769 799 hanc
1791 757 1911 799 viam

140 825 296 867 omnia
318 824 439 868 falsa
462 824 786 868 redderentur.
823 826 1070 869 Oblocucio
1092 826 1231 880 igitur
1254 827 1390 870 sileat
1412 830 1571 870 contra
1593 828 1910 870 auctoritatem

140 894 321 937 concilii
350 907 436 938 nec
465 896 508 938 vi
539 899 917 949 argumentorum
948 897 1240 940 scismatibus
1268 900 1314 939 et
1343 897 1575 941 scandalis
1604 898 1678 940 via
1706 901 1910 951 paretur.
