2227 3434
0 0 87 97 ff
113 24 118 28 ,

0 132 13 272 ἒ
594 199 634 234 Β.
657 198 905 233 Avisamente
926 198 995 232 der
1015 196 1333 231 Reformatorien.
1762 196 1843 238 661

0 302 5 311 ’
80 329 218 370 quem
238 320 366 359 tenet
386 316 435 358 in
456 317 653 368 titulum,
677 328 952 368 quacunque
975 314 1217 357 oblacione
1241 314 1330 356 sibi
1353 313 1495 355 invito
1518 313 1734 355 facienda
1755 325 1847 354 non

80 387 306 440 obstante,
335 399 472 440 quam
497 385 888 439 protestacionem
918 385 1113 427 facimus
1140 397 1199 426 ex
1229 383 1676 436 superhabundanti.

197 457 382 500 Domini
421 456 687 499 cardinales
726 469 909 508 quoque
951 455 1183 507 abbacias,
1224 455 1473 507 prioratus,
1512 454 1849 507 preposituras,

0 523 20 575 Ξ,
79 528 332 570 decanatus
344 527 589 580 regulares
604 527 936 568 conventuales
951 527 1025 567 vel
1041 538 1133 567 non
1150 524 1482 566 conventuales
1495 524 1724 566 habentes
1737 522 1852 564 inte-

0 599 13 650 '1
80 598 167 640 rim
193 601 240 640 et
265 611 326 640 ex
352 610 474 639 nunc
501 600 749 640 teneantur
776 600 820 638 et
846 596 1050 638 debeant
1076 608 1218 637 unum
1247 595 1516 648 religiosum
1546 594 1603 636 ad
1631 594 1716 636 hoc
1743 593 1850 646 ydo-

81 681 222 712 neum
237 668 451 711 eiusdem
472 668 653 710 ordinis
673 679 756 709 seu
777 667 1017 719 religionis
1038 666 1101 707 ibi
1121 678 1298 719 ponere
1322 666 1380 707 ad
1396 678 1556 707 curam
1576 668 1623 706 et
1643 664 1850 717 regimen

81 739 407 792 religiosorum
445 739 565 780 circa
602 737 953 780 observanciam
992 737 1257 789 regularem
1295 739 1341 777 et
1377 736 1522 778 tocius
1561 734 1852 777 administra-

10 813 11 816 ’
81 809 227 852 cionis
260 808 598 851 beneficiorum
630 808 854 860 ipsorum,
888 808 1036 849 eciam
1073 806 1110 850 si
1145 806 1205 848 ad
1238 806 1423 847 firmam
1458 808 1739 847 censeantur
1769 804 1851 846 illa

83 879 184 922 dari
218 879 357 933 velle,
390 882 441 921 ut
475 878 650 921 scilicet
684 891 777 920 non
815 878 1014 920 seculari
1052 880 1123 919 set
1158 876 1380 929 religioso
1412 875 1677 917 huiusmodi
1713 875 1851 916 firma

82 949 230 992 detur.
271 949 519 991 Tenebunt
546 949 609 990 ibi
636 961 880 990 numerum
911 947 1116 989 debitum
1145 946 1471 999 religiosorum
1501 946 1546 987 in
1575 945 1780 988 abbaciis
1809 947 1853 986 et

13 1063 18 1066 .
80 1019 304 1073 predictis
335 1019 598 1072 beneficiis,
632 1018 887 1062 secundum
921 1018 1045 1071 quod
1078 1017 1271 1059 abbates
1306 1018 1380 1058 vel
1414 1016 1679 1058 huiusmodi
1713 1015 1854 1056 bene-

9 1145 12 1150 ·
82 1090 295 1133 fioiorum
317 1091 487 1144 prelati
509 1093 557 1132 et
581 1089 798 1132 intitulati
822 1089 997 1131 habere
1021 1091 1284 1140 teneantur,
1308 1087 1518 1140 ipsisque
1542 1087 1746 1128 monacis
1770 1098 1854 1127 seu

83 1160 316 1215 religiosis
357 1160 415 1203 de
456 1160 684 1202 fructibus
726 1159 1066 1201 beneficiorum
1106 1158 1421 1212 providebunt
1459 1157 1769 1199 condecenter
1810 1160 1854 1198 et

83 1231 292 1284 honeste,
338 1235 385 1274 et
432 1230 687 1273 secundum
735 1230 1087 1272 observanciam
1135 1229 1415 1282 regularem,
1464 1226 1853 1280 quemadmodum

83 1301 277 1345 abbates
305 1304 352 1344 et
378 1301 458 1344 alii
487 1301 756 1344 beneficiati
785 1300 1050 1342 huiusmodi
1079 1299 1419 1341 beneficiorum
1446 1299 1616 1351 prelati
1645 1297 1855 1339 facerent

84 1385 169 1415 seu
200 1371 360 1415 facere
393 1371 633 1416 deberent.
682 1371 985 1413 Tenebuntur
1019 1371 1165 1412 eciam
1199 1373 1360 1412 tenere
1395 1368 1736 1422 hospitalitates
1769 1380 1855 1420 pro

84 1442 318 1496 religiosis
348 1445 397 1485 et
428 1441 718 1496 pauperibus
751 1447 797 1485 et
830 1441 1102 1484 elimosinas
1136 1441 1345 1483 tribuere
1381 1439 1635 1481 secundum
1670 1438 1854 1480 modum

85 1513 143 1556 ab
164 1513 367 1566 antiquo,
389 1513 566 1555 scilicet
584 1516 832 1566 antequam
855 1512 913 1555 ad
935 1525 1098 1554 manus
1121 1511 1163 1553 d.
1185 1510 1490 1553 cardinalium
1512 1510 1854 1563 pervenissent,

5 1581 27 1624 ἶ
85 1583 368 1626 tenebantur
396 1586 443 1626 et
471 1583 622 1626 teneri
650 1587 698 1626 et
727 1583 835 1625 fieri
869 1582 1157 1636 debebant.¹)

376 1735 416 1779 4.
448 1736 518 1779 De
549 1735 817 1789 provisione
851 1737 997 1778 status
1028 1746 1150 1788 pape
1180 1736 1227 1778 et
1258 1733 1565 1776 cardinalium

87 1819 293 1862 Romano
332 1819 541 1872 pontifici
581 1823 628 1862 et
669 1833 703 1862 s.
745 1819 795 1860 R.
837 1831 877 1860 e.
919 1817 1238 1860 cardinalibus
1276 1830 1364 1870 pro
1403 1816 1589 1858 illorum
1631 1817 1858 1857 sustenta-

87 1888 218 1932 cione
248 1923 258 1931 .
292 1922 302 1931 .
337 1889 388 1943 .²)

725 1959 747 1983 *
1194 1959 1217 1983 *

960 2005 982 2029 ιιι

88 2085 210 2130 XXI.
250 2087 287 2130 1.
311 2087 421 2141 De3)
447 2086 759 2140 indulgenciis
782 2089 827 2129 et
851 2086 1096 2139 questibus
1119 2088 1164 2129 et
1187 2085 1413 2128 abusibus
1439 2097 1599 2128 eorum
1624 2083 1856 2126 tollendis.

89 2169 382 2223 Propositum
410 2169 484 2211 die
516 2169 731 2211 Mercurii
758 2169 842 2210 XX
869 2169 943 2210 die
971 2168 1260 2221 Septembris
1287 2168 1343 2209 de
1372 2180 1521 2209 mane.

207 2251 431 2294 Dominus
465 2251 793 2294 Bathoniensis
825 2251 1068 2304 proposuit
1102 2251 1159 2292 de
1195 2250 1506 2303 indulgenciis
1540 2254 1584 2292 et
1619 2248 1859 2302 questibus

31 2356 43 2367 .
92 2321 368 2365 inordinatis
406 2326 455 2364 et
496 2322 786 2364 scandalosis
827 2325 873 2363 et
916 2322 1039 2374 quod
1078 2321 1420 2374 *providendum
1464 2323 1591 2362 esset
1633 2319 1858 2361 adversus

90 2391 374 2445 scandalum,
411 2392 534 2445 quod
569 2405 628 2434 ex
666 2392 889 2434 abusibus
926 2404 1086 2434 eorum
1122 2391 1350 2445 provenit.
1401 2391 1456 2433 Et
1491 2390 1705 2432 scrutatis
1741 2389 1859 2431 votis

89 2462 254 2505 maiori
283 2463 404 2516 parti
433 2463 620 2515 placuit,
649 2463 771 2515 quod
801 2462 1114 2515 indulgencie,
1144 2475 1235 2515 que
1264 2461 1323 2503 de
1351 2474 1474 2515 pena
1503 2464 1547 2503 et
1576 2461 1726 2513 culpa,
1754 2472 1858 2512 per-

90 2535 230 2586 petue
267 2536 314 2575 et
354 2533 412 2576 ad
452 2533 599 2575 instar
637 2534 834 2575 aliarum
876 2532 1277 2586 indulgenciarum
1319 2534 1608 2573 revocentur.
1661 2531 1859 2582 Questus

90 2615 202 2645 vero
241 2615 333 2645 non
373 2603 648 2645 vendantur.
701 2603 793 2646 Sed
832 2603 1160 2645 nichilominus
1200 2603 1495 2645 commissum
1535 2605 1606 2643 est
1646 2601 1859 2643 Camera-

90 2673 232 2726 censi,
259 2673 454 2716 Aretino
476 2677 525 2716 et
548 2673 694 2726 priori
723 2673 1079 2726 Celestinarum,
1106 2676 1154 2715 ut
1181 2672 1352 2714 faciant
1378 2672 1573 2714 formam
1602 2671 1859 2713 constituci-

92 2743 207 2797 onis,
231 2755 322 2797 que
343 2747 507 2797 postea
532 2744 578 2786 in
603 2743 965 2797 congregacione
990 2744 1264 2797 recitetur.³)

196 2918 226 2948 a)
247 2917 306 2943 Am
333 2917 464 2944 Raude:
486 2916 712 2943 Deliberatum
735 2918 770 2943 ut
791 2923 901 2951 supra.

211 2977 243 3019 ¹)
269 2977 323 3011 Ob
346 2976 602 3019 vollsliinclifj?
630 2987 670 3011 es
693 2975 823 3019 folqen
848 2976 951 3010 leere
977 2975 1128 3010 liliiller.

211 3035 243 3077 ²)
274 3034 354 3069 Ans
381 3035 452 3069 der
478 3033 725 3077 Reformakle
753 3034 914 3068 Martius
952 3034 998 3075 V„
1025 3033 1174 3068 Hiibler
1203 3035 1266 3068 151
1293 3033 1337 3076 ῘῘ.

210 3092 242 3136 ³)
269 3093 350 3127 Nur
374 3091 463 3127 Cod.
498 3092 533 3127 V.
