2102 3444
188 141 272 184 434
543 142 586 175 ΙΙ.
620 141 830 176 Abschnitt.
873 137 1077 175 Sermones
1107 140 1257 175 concilii
1287 139 1607 176 constanciensis.

188 260 397 302 valemus
432 272 512 302 eos
546 261 835 301 convincere.
882 260 957 300 Hii
995 263 1101 301 sunt
1135 260 1357 314 seditiosi,
1393 273 1484 302 non
1519 273 1766 313 possumus
1801 264 1957 304 contra

187 343 268 374 eos
297 332 559 384 convalere,
590 332 676 384 ipsi
706 331 879 373 habent
909 331 1076 373 multas
1105 331 1385 384 sepulturas,
1415 331 1624 375 infinitas
1652 335 1960 374 consecuntur

189 403 456 444 oblaciones
482 405 526 443 et
549 402 846 453 elemosinas,
873 402 961 454 ipsi
989 406 1093 444 sunt
1117 401 1260 454 ditati,
1286 415 1370 444 nos
1395 415 1505 444 vero
1529 403 1786 456 pauperati.
1823 403 1959 456 Audi,

190 473 227 513 si
251 474 490 523 tacuisses,
515 472 821 524 philosophus
846 473 1114 514 mansisses.
1156 473 1246 526 Ipsi
1271 476 1542 515 construunt
1565 474 1725 516 domos
1750 477 1794 516 et
1815 475 1960 516 eccle-

190 544 297 596 sias,
324 557 404 585 vos
432 546 584 585 autem
613 543 763 585 sinitis
790 555 929 584 ruere
959 544 1048 585 iam
1076 547 1375 596 constructas,
1406 544 1491 597 ipsi
1521 545 1712 586 laudant
1740 545 1887 586 Deum
1914 545 1960 586 in

191 614 377 667 organis
399 617 443 655 et
467 614 620 666 choro,
644 627 725 656 vos
749 617 902 656 autem
928 614 972 655 in
996 615 1166 667 plateis
1188 618 1234 657 et
1257 615 1371 657 foro.
1412 616 1505 668 Ipsi
1531 619 1637 657 sunt
1663 616 1707 656 in
1731 616 1960 657 continuis

191 685 430 727 laboribus
463 688 507 726 et
540 684 724 737 vigiliis,
757 698 837 727 vos
871 688 1023 727 autem
1057 687 1102 727 in
1136 685 1532 728 oblectacionibus
1563 690 1608 728 et
1641 686 1839 740 solaciis,
1872 686 1959 739 ipsi

190 755 410 808 supplent
443 756 782 808 negligenciam
819 759 1021 798 vestram
1058 757 1104 797 in
1140 757 1517 799 confessionibus
1553 760 1597 798 et
1631 757 1963 810 predicacioni-

193 827 291 878 bus,
315 840 397 869 vos
420 830 573 868 autem
597 828 770 869 vacatis
794 830 885 869 tota
910 827 985 869 die
1011 827 1056 868 in
1079 828 1546 870 commessationibus
1570 831 1615 870 et
1637 827 1961 879 ebrietat'ibus3

191 897 277 950 ipsi
311 901 417 939 sunt
448 897 663 939 continue
697 898 743 938 in
775 898 972 940 ecclesia
1005 901 1050 939 et
1081 899 1296 950 claustro,
1330 912 1409 940 vos
1443 901 1594 940 autem
1627 903 1854 951 perpetue
1887 901 1963 941 aut

146 1014 150 1017 ,
191 968 249 1009 ad
276 969 443 1010 multos
471 980 617 1010 annos
644 969 780 1021 longe
808 968 921 1011 estis
949 969 1006 1010 ab
1034 981 1102 1011 ea,
1146 969 1240 1022 Ipsi
1269 982 1368 1010 cum
1397 969 1693 1011 mendicitate
1722 982 1805 1012 sua
1832 969 1964 1011 deco-

192 1042 295 1080 rant
318 1039 579 1091 ecclesiam,
604 1052 686 1082 vos
713 1043 865 1081 autem
892 1052 993 1081 cum
1021 1041 1164 1081 multo
1189 1040 1360 1082 Christi
1387 1040 1664 1093 patrimonio
1690 1040 1964 1082 deformatis

191 1113 234 1151 et
268 1110 482 1151 laceratis
513 1122 629 1152 eam.
679 1110 770 1162 Ipsi
803 1114 955 1152 autem
987 1110 1211 1152 edificant
1243 1111 1301 1152 ad
1331 1112 1542 1164 patriam,
1575 1124 1656 1153 vos
1686 1123 1801 1152 vero
1829 1110 1964 1152 edifi—

192 1181 303 1222 catis
339 1180 396 1222 ad
429 1180 706 1233 gehennam.
756 1181 821 1222 Ve
858 1181 996 1234 igitur
1030 1181 1176 1234 vobis,
1212 1181 1289 1234 qui
1324 1181 1474 1224 dicitis
1509 1182 1679 1223 malum
1716 1183 1886 1224 bonum
1920 1185 1966 1223 et

192 1251 362 1292 bonum
393 1252 564 1293 malum
597 1285 605 1293 .
642 1288 647 1295 .
686 1285 693 1293 .
737 1251 1019 1304 Simpliciter
1050 1255 1202 1294 autem
1234 1252 1384 1294 fateor
1416 1253 1593 1294 caritati
1626 1255 1779 1295 vestre
1811 1265 1964 1294 coram

194 1322 380 1364 domino
406 1323 504 1364 Deo
528 1325 701 1375 nostro,
727 1323 805 1375 qui
831 1323 962 1365 testis
987 1327 1058 1365 est
1083 1335 1225 1376 super
1252 1323 1452 1365 animam
1478 1336 1641 1376 meam,
1667 1336 1726 1364 ex
1752 1335 1843 1376 quo
1868 1323 1966 1365 Deo

194 1393 371 1435 servire
405 1394 522 1446 cepi,
555 1393 785 1446 quomodo
820 1393 1018 1435 difficile
1052 1397 1276 1447 expertus
1311 1407 1411 1436 sum
1447 1393 1666 1436 meliores
1700 1406 1793 1436 non
1826 1405 1965 1447 posse

195 1463 409 1517 inveniri,
437 1476 575 1516 quam
603 1464 680 1517 qui
709 1464 755 1505 in
784 1465 1068 1506 monasterio
1096 1464 1412 1518 profecerunt,
1443 1465 1503 1507 ita
1530 1477 1623 1506 non
1651 1477 1750 1507 sum
1779 1465 1966 1518 peiores

194 1538 431 1588 expertus,
457 1547 594 1587 quam
618 1535 695 1587 qui
721 1535 767 1576 in
792 1535 1076 1577 monasterio
1100 1535 1387 1577 defecerunt.
1415 1569 1422 1577 .
1459 1570 1467 1577 .
1503 1570 1511 1577 .
1549 1536 1641 1577 Alii
1669 1534 1971 1577 contemnunt

194 1605 386 1647 clericos
421 1609 465 1647 et
502 1606 768 1648 sacerdotes
805 1606 893 1648 sibi
929 1606 1174 1659 subiectos,
1211 1618 1327 1659 quos
1362 1610 1597 1659 tamquam
1632 1609 1779 1648 mater
1814 1606 1966 1648 filium

195 1676 392 1730 diligere
421 1680 640 1719 tenentur
669 1677 937 1719 cordialiter
967 1680 1011 1719 et
1041 1678 1147 1720 illos
1177 1677 1408 1730 venerari,
1439 1690 1635 1730 quorum
1665 1677 1846 1730 aliquos
1874 1689 1967 1718 non

195 1747 476 1789 erubescunt
499 1748 697 1801 turpiter
722 1749 1029 1790 incarcerare.
1066 1748 1197 1790 Alios
1220 1761 1333 1790 vero
1356 1761 1448 1790 non
1474 1748 1685 1791 dubitant
1709 1747 1968 1790 inhumani-

196 1821 266 1859 ter
304 1821 537 1872 torquere,
577 1818 692 1861 alios
731 1822 884 1861 autem
924 1819 1219 1872 impudenter
1258 1819 1576 1872 exaccionare,
1616 1819 1733 1861 alios
1770 1831 1883 1861 vero
1921 1818 1968 1859 in

196 1889 443 1930 multarum
472 1889 619 1931 litium
647 1889 948 1933 amfractibus
978 1891 1218 1938 involvere
1243 1903 1337 1931 non
1363 1894 1603 1942 verentur,
1634 1889 1822 1942 quidam
1849 1890 1969 1942 ipso-

196 1971 297 2000 rum
325 1972 352 2002 a
376 1960 524 2013 capite
552 1959 776 2013 dividunt,
804 1961 881 2003 alii
912 1962 1037 2014 ipsos
1064 1961 1366 2013 presbyteros
1393 1964 1438 2002 et
1462 1961 1656 2002 clericos
1685 1961 1967 2002 inhonorare

197 2043 289 2071 non
333 2030 628 2083 erubescunt,
671 2043 763 2073 non
806 2034 1022 2074 curantes
1065 2036 1111 2074 et
1153 2031 1273 2073 forte
1319 2031 1600 2085 ignorantes,
1644 2031 1767 2084 quod
1810 2030 1969 2073 scribit

198 2101 361 2143 beatus
384 2101 685 2144 Jheronimus
710 2115 851 2155 super
874 2102 1072 2155 epistola
1096 2102 1153 2144 ad
1176 2102 1338 2155 Tytum
1364 2137 1371 2144 .
1408 2137 1415 2144 .
1453 2136 1460 2143 .
1497 2102 1611 2144 Cum
1635 2102 1772 2155 igitur
1798 2102 1843 2143 in
1865 2114 1970 2155 pre-

198 2171 301 2214 latis
336 2173 508 2214 nostris
544 2176 589 2214 et
624 2173 728 2215 aliis
766 2173 823 2216 sit
858 2173 994 2215 valde
1030 2174 1298 2215 necessaria
1336 2173 1585 2226 sapiencia,
1620 2173 1830 2215 exclamo
1866 2185 1968 2214 sen-

197 2243 408 2296 tenciam,
434 2255 523 2296 que
548 2255 698 2296 nuper
723 2244 994 2286 cantabatur
1021 2245 1066 2285 in
1093 2244 1309 2286 ecclesia:
1350 2244 1384 2286 Ο
1411 2243 1662 2297 sapiencia,
1687 2256 1777 2297 que
1802 2256 1861 2285 ex
1887 2255 1967 2285 ore

199 2313 412 2355 altissimi
438 2314 648 2366 prodisti,
675 2314 906 2367 attingens
933 2327 958 2356 a
984 2315 1081 2356 fine
1107 2327 1255 2367 usque
1283 2314 1341 2356 ad
1367 2314 1511 2356 finem
1538 2314 1722 2356 fortiter
1747 2316 1792 2356 et
1818 2314 1970 2367 dispo-

198 2396 315 2425 nens
351 2385 505 2426 omnia
541 2384 758 2437 suaviter,
793 2385 898 2426 veni
936 2385 993 2427 ad
1028 2385 1287 2427 docendum
1322 2398 1406 2427 nos
1442 2385 1562 2427 viam
1598 2385 1867 2438 prudencie.
1917 2384 1971 2426 Et

199 2455 282 2496 hoc
313 2455 369 2497 de
399 2455 555 2497 tercio.
597 2455 631 2497 O
665 2456 801 2508 igitur
832 2456 1139 2498 celeberrima
1170 2456 1342 2510 concio,
1373 2469 1399 2497 o
1429 2455 1701 2498 felicissima
1729 2458 1775 2497 et
1803 2455 1970 2497 decora

199 2527 515 2579 congregacio,
554 2526 748 2568 obsecro
786 2539 866 2568 vos
904 2539 987 2579 per
1025 2526 1203 2568 viscera
1242 2526 1562 2568 misericordie
1600 2527 1746 2568 Jhesu
1785 2525 1970 2578 Christi,

201 2597 315 2638 sicut
340 2609 424 2650 per
451 2597 688 2638 caritatem
714 2596 898 2649 fervidi,
926 2609 1026 2638 cum
1053 2610 1214 2639 omnes
1241 2597 1340 2639 sitis
1366 2597 1538 2639 fratres
1565 2598 1612 2639 in
1639 2596 1836 2649 Christo,
1863 2596 1970 2649 quia

200 2668 371 2709 fratres
401 2668 516 2709 sicut
544 2679 629 2721 per
657 2667 954 2720 pacienciam,
984 2668 1091 2719 quia
1121 2667 1321 2709 libenter
1351 2667 1708 2720 suffertis,·sitis
1738 2679 1822 2720 per
1851 2666 1971 2719 paci·

201 2739 378 2780 enciam
420 2738 616 2791 providi,
657 2741 705 2779 ut
744 2741 976 2790 tamquam
1018 2739 1284 2790 exemplum
1325 2741 1368 2779 et
1412 2738 1544 2780 iubar
1585 2737 1851 2791 appareatis
1891 2736 1969 2779 toti

203 2809 386 2860 mundo,
414 2822 514 2850 cum
544 2808 642 2851 sitis
672 2809 759 2862 ipsi
788 2808 1038 2861 sapientes,
1067 2811 1110 2850 et
1137 2810 1279 2850 ceteri
1308 2809 1570 2850 christicole
1599 2808 1777 2861 possint
1805 2808 1862 2850 ad
1889 2820 1970 2849 vos

202 2880 534 2921 convenienter
586 2880 741 2922 thema
796 2882 1027 2932 sumptum
1083 2879 1300 2932 dirigere,
1356 2880 1688 2921 convenienter
1742 2878 1967 2920 dicentes:

204 2950 404 3002 Fratres,
432 2950 633 2992 libenter
660 2949 888 3002 suffertis,
914 2962 1014 2991 cum
1041 2949 1140 2992 sitis
1168 2950 1255 3002 ipsi
1283 2950 1520 3003 sapientes
1547 2984 1555 2991 .
1591 2983 1599 2991 .
1635 2983 1643 2991 .
1683 2949 1865 2991 Currite
1893 2947 1971 3001 igi-

203 3023 275 3061 tur
295 3021 351 3062 ad
372 3021 597 3072 bravium,
619 3022 725 3073 quia
747 3021 835 3063 iam
857 3020 1078 3073 attingitis
1098 3021 1398 3073 triumphum,
1419 3023 1669 3073 properate
1691 3019 1748 3062 ad
1769 3019 1970 3073 palmam

2085 2520 2102 2548 2„
2086 2367 2102 2500 ,ΕΔ-ιμή-
2096 2319 2102 2331 ,.
2091 2260 2102 2289 -ι,
2098 2153 2102 2202 Α..
2100 2088 2102 2093 .
2098 2026 2102 2053 „.
2084 1928 2102 1970 2„
2099 1868 2102 1875 .
