2102 3444
257 181 341 223 696
692 177 757 210 Ill.
791 174 999 209 Absrhnitt.
1044 174 1195 207 Reform
1229 172 1305 205 und
1339 171 1588 216 Versassung.

258 300 427 349 rantes,
458 309 572 348 quos
604 294 788 346 dignum
820 295 920 333 erat
950 290 1217 332 conversari
1248 302 1349 331 cum
1378 290 1505 331 omni
1534 293 1811 343 *paupertate
1843 294 1890 333 et
1919 291 2024 334 sub-

261 368 460 409 iect-mne
517 366 573 407 ad
617 376 791 414 omnes,
836 361 1034 403 maxime
1079 361 1136 402 ad
1180 361 1387 413 prelatos
1432 361 1643 413 ecclesie,
1686 365 1778 403 tam
1823 361 2023 404 maiore-s

256 438 567 490 apostolorum
609 445 914 485 successores,
956 445 1070 484 quos
1107 432 1353 483 episcopos
1393 431 1603 483 dicimus,
1642 444 1779 484 quam
1819 432 2024 476 minores

255 507 584 559 discipulorum
648 503 816 546 Christi
879 514 1188 554 successores,
1250 514 1366 554 quos
1427 502 1652 555 curatos²¹)
1716 502 2023 546 nominamus.

256 588 335 622 Non
372 587 607 621 verebuntur
641 596 681 619 se
717 586 902 618 adversus
938 594 1003 618 eos
1040 583 1323 625 contumaciter,
1367 572 1482 615 Sicut
1519 573 1609 614 iam
1646 572 1834 626 faciunt,
1861 579 2022 628 erigere,

250 657 530 699 ralumpniosas
558 655 822 689 accusat-iones
852 664 921 697 per
949 654 1046 688 hanc
1075 653 1221 688 bullam
1252 653 1460 687 terrificam
1502 641 1719 697 faeereb),
1755 665 1850 698 quos
1864 646 2022 686 'tamen

253 718 468 758 oportuerat
496 725 564 757 per
590 714 691 756 ipsos
718 715 865 751 fratres,
891 713 923 746 si
947 714 1185 754 vocarentur,
1209 712 1344 746 sedulo
1371 712 1591 747 coadiuvari
1616 713 1655 747 in
1681 723 1806 748 messe
1831 711 2022 748 dominica

254 778 297 815 ei
335 786 434 828 apud
474 784 668 819 subditum
706 784 890 827 populum
931 783 1110 817 colendos
1147 785 1182 817 et
1220 783 1405 816 amandos
1443 784 1619 826 reddere,
1658 784 1731 827 ipsi
1762 786 1874 815 verto
1912 773 2018 815 illos

249 866 295 889 cx
319 857 479 889 adverso
503 855 752 897 spernendos,
776 855 1012 888 deserendos
1036 856 1069 888 et
1096 856 1314 897 sequendos
1337 855 1463 898 palam
1491 843 1746 897 affirmant,
1769 844 1893 886 unde
1918 857 2021 886 COn-

251 914 396 966 surgit:
429 913 565 955 facile
601 926 767 966 magna
802 913 914 955 cleri
950 916 996 955 et
1025 914 1190 966 populi
1225 914 1521 956 conturbacio
1558 927 1593 959 et
1628 925 1698 959 hoc
1731 925 1888 968 inpune,
1922 926 2022 969 quod

248 983 531 1026 iniquissimum
563 983 733 1017 omnium
766 986 832 1017 est.
878 984 971 1017 Nam
1003 984 1035 1017 si
1067 983 1152 1027 quis
1182 984 1346 1018 aliorum
1377 986 1543 1018 statuum
1575 983 1732 1018 obviare
1765 983 2020 1027 temptaverit,

245 1055 408 1087 at'l'ertur
423 1054 596 1096 protinus
612 1054 650 1087 in
667 1054 834 1088 medium
852 1054 957 1087 bulla
974 1054 1045 1087 ista
1060 1055 1347 1097 condempnans
1363 1056 1412 1088 tot
1429 1054 1642 1097 articulos¹)
1657 1046 1814 1096 totque
1829 1043 2022 1086 horren-

249 1112 331 1154 das
363 1116 407 1154 et
439 1112 706 1154 tremendas
739 1112 995 1155 fulminans
1023 1113 1304 1155 sentencias.
1349 1113 1461 1154 Nam
1492 1125 1606 1167 illico,
1640 1125 1705 1168 qui
1736 1124 2021 1166 contradixerit,

246 1181 437 1215 hereticus
477 1181 832 1223 anathematizatus,
875 1193 960 1224 ymo
1003 1182 1296 1217 interficiendus
1340 1183 1427 1227 igne
1471 1186 1507 1217 et
1549 1183 1677 1227 gladio
1720 1193 1790 1226 per
1830 1182 2019 1218 auxilium

247 1240 391 1273 blachii
437 1241 622 1274 secularis
665 1240 916 1283 accusabitur,
961 1241 1217 1284 convincetur,
1262 1242 1544 1285 dampnabitur.
1603 1242 1761 1285 Experti
1805 1241 2018 1286 loquimur3
2076 1245 2080 1249 '

249 1309 347 1341 nam,
372 1300 403 1332 si
430 1299 466 1333 in
494 1299 608 1333 viridi
632 1299 703 1334 hoc
729 1300 882 1341 iaciunt,
910 1300 947 1333 id
973 1303 1029 1334 est
1055 1300 1238 1342 Parisius,
1264 1300 1331 1334 ubi
1356 1301 1469 1334 sedes
1495 1301 1612 1345 regia,
1638 1300 1704 1334 ubi
1728 1302 1833 1335 cetus
1858 1303 1909 1335 tot
1935 1309 2020 1344 pre-

246 1370 407 1405 latorum
432 1362 477 1401 et·
504 1371 697 1404 doctorum
722 1359 768 1400 in
793 1359 1028 1411 theologia
1052 1363 1099 1402 et
1126 1360 1307 1403 iuribus
1332 1360 1522 1410 residet,
1551 1371 1590 1405 in
1613 1371 1722 1406 arido
1749 1370 1841 1415 quid
1866 1370 2018 1411 facient,

254 1439 289 1474 id
317 1443 372 1474 est
399 1442 500 1483 apud
527 1441 712 1483 subditOS,
740 1441 887 1484 ydiotas
914 1444 949 1475 et
977 1442 1199 1485 simplices?
1234 1431 1288 1473 Et
1312 1431 1398 1472 hee
1426 1431 1578 1483 qualis
1607 1435 1652 1474 et
1678 1443 1816 1484 quiam
1839 1429 2021 1484 pericu-

248 1500 345 1541 losa
370 1500 435 1542 *sit
463 1500 671 1542 turbacio
700 1501 862 1542 videre
892 1501 1100 1554 potestis.
1143 1502 1241 1543 Non
1273 1502 1397 1544 enim
1426 1505 1656 1555 putamus,
1687 1514 1793 1555 ymo
1821 1514 1907 1544 nos
1936 1501 2021 1544 sci-

247 1582 347 1612 mus
378 1570 549 1614 fratres
586 1571 902 1615 Mendicantes
935 1572 998 1614 sic
1030 1585 1123 1614 non
1156 1585 1261 1615 esse
1289 1573 1527 1615 institutio-s
1557 1586 1645 1626 per
1675 1573 1837 1615 beatos
1868 1572 2021 1626 Augu-

246 1642 473 1695 stinunr'),
516 1643 806 1684 Dominicum
848 1646 895 1685 et
936 1643 1247 1697 Franciscum,
1288 1644 1366 1697 qui
1406 1644 1549 1686 nichil
1591 1644 1822 1698 agendum
1864 1643 2020 1687 invitis

247 1712 444 1754 dominis
488 1713 588 1755 suis
631 1740 687 1745 —
733 1714 795 1756 ita
839 1714 963 1756 enim
1008 1714 1253 1767 episcopos
1295 1718 1343 1757 ei
1386 1718 1570 1757 curatos
1616 1715 1920 1768 appellabant
1963 1741 2019 1746 —

246 1784 479 1837 nichilque
505 1784 551 1825 in
575 1797 736 1826 eorum
757 1785 1070 1838 'preiudicium
1096 1786 1429 1839 acceptandum
1456 1786 1674 1829 dixerunt
1697 1789 1742 1828 et
1763 1787 2018 1829 iusserunt.

245 1855 443 1897 Rursum
475 1859 519 1897 et
549 1859 714 1908 quarto
744 1856 863 1898 dicta
896 1856 1208 1900 intolerabilis
1239 1857 1368 1899 bulla
1400 1857 1555 1900 turbat
1584 1861 1629 1899 et
1660 1857 1885 1910 inquietat
1915 1869 2019 1910 pre-

248 1926 364 1969 latos
383 1929 430 1968 et
448 1930 633 1969 curatos
656 1928 702 1968 in
721 1927 820 1969 suis
839 1928 1114 1970 auctoritate
1134 1931 1183 1970 et
1204 1928 1441 1981 dignitate.
1475 1928 1618 1981 Quod,
1642 1941 1779 1981 quam
1801 1928 2018 1971 intolera-

245 1996 340 2038 bile
371 1997 440 2050 sit,
471 1997 687 2040 iudicate!
734 1999 916 2041 Etenim
949 1999 1053 2051 quis
1085 1999 1287 2042 tolerare
1321 2032 1328 2041 .
1365 2032 1373 2040 .
1409 2033 1418 2041 .
1449 2001 1621 2052 posset,
1649 1999 1864 2041 *homines
1896 2000 2018 2042 ultro

246 2068 509 2111 mendicare
555 2081 725 2121 panem
773 2082 799 2111 a
843 2070 1031 2122 populis
1078 2073 1123 2112 et
1168 2083 1194 2112 a
1236 2070 1564 2122 superioribus
1610 2070 1800 2112 auferre
1845 2069 2017 2112 iurium

246 2152 433 2180 suorum
467 2139 1013 2193 preeminenciarumque
1050 2140 1334 2194 dignitatem.
1381 2141 1618 2192 Quomodo
1650 2144 1806 2184 tamen
1838 2141 1886 2183 id
1918 2141 2017 2196 fiat,
2079 2173 2082 2177 .

245 2210 466 2252 attendite
492 2211 663 2253 fratres
689 2212 1089 2254 reverendissimi!
1129 2212 1269 2254 Jubet
1293 2213 1417 2253 enim
1441 2223 1644 2257 decretalis
1676 2213 1757 2255 illa
1781 2223 1825 2267 ,D
1841 2224 1943 2258 udu
1959 2223 2018 2266 m‘,

241 2293 288 2325 de
318 2302 391 2335 qua
420 2302 460 2326 se
489 2295 687 2335 tantopere
716 2294 853 2327 fratres
883 2293 1034 2337 iactant,
1063 2304 1248 2337 personas
1276 2294 1475 2338 eligendas
1505 2303 1591 2328 esse
1630 2283 1752 2325 inter
1777 2296 1859 2327 eOS
1883 2282 2016 2326 Suffi-

248 2351 422 2393 cientes
447 2355 491 2393 et
511 2352 732 2405 ydoneas,
757 2353 848 2395 vita
865 2365 1056 2407 probatas,
1082 2353 1316 2396 mod—estas
1338 2357 1477 2406 *atque
1501 2353 1678 2406 Pffl‘stass
1702 2366 1911 2399 secundum
1934 2360 2013 2400 exi'-

241 2433 412 2475 genciam
445 2434 536 2467 cleri
569 2436 603 2468 et
636 2434 768 2477 populi
798 2427 843 2465 et
875 2436 967 2465 non
1006 2445 1076 2477 per
1108 2435 1392 2468 multitudinem
1426 2435 1720 2478 intemperatam
1753 2437 1790 2469 et
1821 2434 2017 2475 incertam,

246 2505 490 2534 onerosam
528 2506 669 2546 supra
706 2494 910 2546 modum;
951 2506 1086 2548 quales
1123 2505 1256 2549 utique
1291 2507 1520 2547 personas
1563 2515 1639 2539 non
1667 2505 1924 2549 repellendas,
1950 2505 2016 2540 sed

247 2575 458 2607 evocandas
494 2576 795 2609 remunerandas
830 2578 865 2609 et
900 2576 1086 2610 fovendas
1122 2565 1247 2607 infra
1282 2565 1434 2606 Sinum
1469 2565 1758 2618 prelatorum
1791 2572 2017 2610 iudicamus,

251 2642 295 2676 At
320 2654 409 2677 vere
434 2644 585 2687 longum
612 2648 711 2679 esset
738 2635 899 2676 'talium
938 2647 1122 2681 bonorum
1161 2649 1196 2681 et
1236 2648 1495 2681 modestorum
1534 2647 1611 2681 vita
1648 2647 1696 2680 ab
1734 2646 1813 2689 illa,
1852 2645 2004 2690 qualem

245 2702 518 2744 descripsimus
542 2703 878 2745 insufficiendum,
902 2704 1131 2747 ineptorum,
1153 2704 1460 2747 indiscretorum,
1481 2705 1564 2739 sine
1588 2704 1788 2746 modestia,
1810 2704 1894 2739 sine
1916 2703 2015 2748 peri-

244 2771 293 2804 tia
332 2772 459 2806 omnia
497 2783 565 2815 per
601 2777 842 2817 arrogantem
884 2764 1180 2806 intlliCffiOnem
1217 2768 1265 2806 e't
1304 2764 1420 2807 alias
1464 2775 1729 2817 intrusionem,
1765 2774 1882 2809 nichil
1901 2775 2013 2805 VOI'O

243 2851 311 2883 per
334 2841 529 2876 licenciam
556 2832 712 2873 facere
738 2844 972 2887 conancium,
996 2847 1029 2879 et
1056 2845 1120 2888 qui
1143 2856 1184 2880 se
1207 2856 1323 2889 supra
1345 2856 1548 2880 numerum
1574 2845 1839 2889 multiplicant,
1862 2844 2013 2889 quibus,

348 3010 378 3034 a)
402 3004 455 3030 Sin
478 3007 618 3036 creatos,
690 3006 721 3039 h)
744 3006 829 3033 Fehlt
849 3008 913 3033 Seu.
991 3009 1018 3040 c)
1040 3008 1126 3035 Feltlt
1150 3009 1186 3036 B.
1207 3009 1271 3036 Sta.

361 3064 392 3107 ¹)
422 3065 487 3099 Bec'
514 3065 669 3110 Deniflc
694 3067 788 3111 y'olyl
814 3068 961 3103 ‘zi-leder
988 3069 1074 3104 eine
1100 3069 1353 3114 Auslassuny.
