2227 3434
519 191 557 224 Β.
604 190 682 226 Der
713 190 812 226 liber
844 192 1038 235 gestorum
1073 190 1141 224 des
1174 188 1416 224 Cerretanus.
1749 190 1832 232 297

67 310 211 351 tatum
234 308 282 350 in
308 307 461 350 medio
485 320 586 350 cum
613 308 846 351 canonicis
872 308 1017 351 sancti
1044 308 1167 350 Petri
1195 308 1280 350 sub
1306 307 1461 349 colore
1484 307 1686 360 pietatis,
1712 307 1833 360 quod

69 378 110 421 d.
145 378 423 421 Benedictus
457 379 673 431 cupiebat
707 391 867 421 eorum
903 379 1147 420 ecclesiam
1183 390 1406 431 reparare
1442 381 1487 420 et
1521 378 1664 420 multa
1700 391 1834 431 spon-

68 449 198 492 dens.
242 449 533 502 Responsum
566 449 667 501 fuit,
701 449 836 502 quod,
871 451 907 492 si
941 448 1050 491 talia
1084 449 1217 491 daret
1248 449 1374 491 velut
1405 461 1607 502 persona
1640 449 1833 501 privata,

69 523 362 574 acceptarent
381 520 685 562 elemosinam
708 521 754 561 in
777 520 1010 571 absencia,
1033 520 1071 562 si
1094 523 1246 561 autem
1269 520 1397 561 velut
1417 532 1538 572 papa
1559 522 1604 561 et
1624 532 1710 572 per
1732 532 1834 572 pre-

68 591 286 643 senciam,
315 591 437 644 quod
465 590 707 632 recederet
737 590 782 632 in
812 591 934 633 malo
963 594 1131 643 puncto
1161 603 1256 632 suo.
1300 590 1354 632 Et
1383 589 1447 631 sic
1476 589 1697 632 conclusit
1724 593 1835 632 tota-

68 661 174 704 liter
194 661 240 703 in
260 662 442 704 baroco.
476 662 544 703 Ex
564 661 655 704 hiis
676 662 886 703 misimus
907 661 968 703 ibi
991 661 1224 714 quendam
1246 662 1515 714 magistrum
1536 661 1583 702 in
1602 661 1834 714 theologia

66 732 322 775 Romanum
349 732 407 774 de
433 732 597 774 ordine
628 732 854 774 Minorum
881 745 981 773 cum
1010 732 1178 774 litteris
1205 732 1390 783 nostris,
1418 731 1495 784 qui
1520 732 1751 774 Romanos
1778 731 1834 773 de

67 803 281 846 omnibus
303 802 585 845 informavit.
622 803 717 845 Hec
741 806 860 855 sunt,
886 815 974 856 que
1000 803 1268 856 peregimus
1293 815 1441 855 usque
1467 802 1616 855 modo,
1640 802 1704 844 hii
1730 805 1835 845 sunt

66 873 212 916 nostri
235 873 421 916 labores
444 877 490 916 et
511 873 698 916 assidue
722 874 881 927 vigilie
905 886 1003 915 rem
1026 873 1257 926 inceptam
1277 885 1364 926 per
1388 886 1568 915 sacrum
1592 873 1834 916 concilium

67 943 300 987 deducere
326 944 383 987 ad
409 944 645 986 effectum.
684 944 768 986 Die
794 947 949 986 tamen
975 943 1219 986 undecima
1250 943 1355 986 Maii
1383 944 1441 985 de
1467 944 1677 986 Venetiis
1704 943 1836 985 rede-

67 1018 202 1058 untes
225 1027 388 1058 versus
410 1015 695 1058 Florentiam
718 1015 839 1057 inter
861 1015 1006 1068 Alpes
1028 1014 1118 1057 fuit
1138 1015 1274 1057 nobis
1297 1014 1461 1057 obvius
1484 1028 1644 1057 cursor
1666 1015 1835 1057 missus

67 1099 92 1129 a
128 1086 169 1129 d.
206 1099 316 1140 rege
351 1086 549 1129 Alfonso
582 1099 705 1128 nunc
740 1086 940 1128 feliciter
976 1088 1200 1139 regnante
1238 1086 1406 1127 multas
1441 1085 1576 1128 nobis
1612 1085 1835 1127 deferens

68 1158 243 1209 literas,
263 1170 350 1211 per
372 1170 488 1210 quas
509 1160 704 1199 mortem
728 1158 797 1200 sui
821 1158 1046 1210 genitoris
1068 1156 1203 1199 nobis
1226 1156 1468 1199 intimabat
1489 1159 1535 1198 et
1555 1156 1837 1198 confirmati-

66 1241 200 1270 onem
225 1228 505 1271 ambassiate
528 1241 726 1282 precans
748 1231 793 1270 et
815 1228 1056 1280 mandans,
1080 1228 1203 1280 quod
1226 1227 1466 1270 ardentius
1489 1227 1706 1270 daremus
1729 1240 1836 1280 ope-

66 1311 163 1342 ram
195 1302 240 1341 et
272 1303 493 1353 quantum
525 1298 758 1352 possimus
788 1299 835 1340 in
867 1299 1061 1341 materia
1093 1298 1293 1351 unionis,
1325 1311 1425 1340 cum
1458 1299 1558 1352 ipse
1590 1298 1680 1341 iam
1713 1298 1835 1352 apud

67 1370 390 1414 Constanciam
411 1383 519 1413 suos
541 1370 882 1413 transmittebat
903 1369 1265 1412 ambassiatores
1284 1373 1329 1411 et
1349 1381 1510 1412 omnes
1529 1369 1736 1423 prelatos
1757 1370 1836 1411 im-

67 1441 275 1495 pellebat
295 1441 354 1485 ad
374 1440 590 1485 eundum.
627 1441 695 1483 De
716 1441 885 1494 quibus
906 1441 1052 1494 gavisi
1075 1441 1256 1483 litteras
1276 1453 1421 1483 novas
1442 1439 1698 1483 destinatas
1720 1453 1837 1482 com-

66 1512 366 1556 munitatibus
408 1525 551 1566 super
591 1512 683 1555 hiis
725 1513 988 1554 curavimus
1029 1515 1305 1564 presentare
1348 1515 1394 1554 et
1435 1524 1596 1553 omnes
1639 1510 1696 1553 de
1739 1523 1838 1553 suc-

67 1595 252 1626 cessore
282 1583 414 1638 regni
441 1584 587 1626 nostri
618 1583 818 1625 reddere
849 1583 1086 1625 certiores.
1130 1583 1264 1636 Ergo,
1293 1585 1428 1636 pater
1455 1582 1515 1624 mi
1544 1586 1589 1624 et
1618 1582 1836 1636 magister

67 1655 454 1708 prestantissime,
477 1654 515 1698 si
537 1654 648 1708 quid
669 1654 791 1696 bene
814 1655 962 1696 merui
987 1654 1043 1696 de
1066 1657 1129 1695 tot
1150 1653 1406 1705 laboribus,
1429 1653 1652 1706 periculis
1674 1656 1718 1695 et
1739 1652 1835 1695 fide

69 1726 278 1779 infracta,
298 1725 487 1768 videant
506 1725 650 1768 sancti
671 1729 829 1779 patres
848 1725 894 1766 in
917 1725 1193 1767 Constancia
1213 1725 1401 1767 adunati
1423 1728 1469 1767 et
1488 1737 1561 1766 me
1583 1724 1836 1767 secundum

65 1796 263 1840 liberam
289 1797 541 1851 equitatem
567 1797 780 1839 laborum
804 1797 1009 1838 habeant
1035 1795 1419 1847 commendatum,
1446 1808 1547 1837 cum
1572 1796 1837 1837 nominatus

68 1879 152 1921 per
181 1867 441 1911 antifrasim
471 1867 750 1910 Benedictus
780 1867 1101 1909 indesinenter
1131 1879 1202 1908 me
1231 1866 1402 1908 habeat
1431 1866 1513 1908 sed
1543 1865 1717 1908 affectu
1748 1865 1862 1922 dis-b

68 1940 168 1992 pari
194 1938 577 1982 commendatum.
614 1938 843 1991 Scriptum
869 1938 1076 1980 Bononie
1104 1937 1377 1979 duodecima
1407 1937 1527 1979 Maii.
1565 1936 1736 1979 Omnes
1758 1949 1836 1989 po-

68 2010 166 2063 puli
200 2022 292 2052 una
326 2022 435 2052 voce
471 2022 556 2063 per
591 2009 790 2052 Ytaliam
826 2012 1029 2051 sanctam
1065 2008 1339 2050 Constancie
1375 2007 1616 2061 predicant
1650 2020 1836 2061 congre-

68 2081 313 2134 gationem,
351 2080 458 2123 dum
495 2084 650 2123 tamen
686 2080 890 2122 habeant
926 2080 1160 2122 unionem.
1212 2079 1399 2121 Placeat
1433 2079 1552 2121 hanc
1588 2079 1836 2132 perlegere

69 2151 110 2194 d.
139 2151 454 2195 cardinalibus
483 2154 528 2194 et
555 2152 723 2194 ceteris
752 2151 963 2204 patribus
992 2150 1164 2192 ibidem
1194 2149 1496 2203 congregatis.

183 2222 351 2265 Vester
381 2223 572 2266 humilis
604 2223 800 2265 vernula
832 2225 876 2264 et
908 2222 1081 2264 amicus
1113 2221 1239 2264 fidus
1270 2221 1418 2263 frater
1448 2221 1687 2263 Johannes
1717 2220 1837 2273 epis-

70 2305 209 2346 copus
240 2292 551 2348 Milivensis.¹)

187 2364 352 2408 Coram
387 2364 518 2407 vobis
555 2399 562 2406 .
600 2399 606 2406 .
644 2399 651 2406 .
687 2377 772 2418 per
807 2376 987 2407 sacrum
1023 2363 1246 2417 generale
1281 2362 1524 2405 concilium
1561 2363 1608 2404 in
1645 2362 1836 2404 materia

69 2434 183 2477 fidei
212 2435 543 2479 commissariis
575 2470 582 2477 .
619 2470 626 2476 .
663 2471 671 2478 .
702 2435 909 2478 veritatis
941 2435 1164 2477 catholice
1194 2433 1604 2487 fundamentum.²)

186 2506 239 2548 In
275 2506 461 2549 nomine
497 2506 643 2560 patris
680 2541 687 2548 .
724 2540 732 2548 .
768 2540 776 2548 .
814 2505 1127 2559 Exprobravit
1159 2505 1533 2547 incredulitatem
1571 2504 1756 2546 illorum
1793 2507 1837 2545 et

71 2575 285 2620 duritiam
311 2577 465 2621 cordis
495 2612 502 2619 .
539 2611 546 2619 .
583 2612 590 2619 .
619 2577 759 2619 iudex
789 2576 1069 2619 iustissimus
1097 2576 1235 2619 ‚Iesus
1263 2575 1475 2618 Christus
1505 2610 1512 2617 .
1549 2609 1556 2616 .
1593 2610 1600 2617 .
1631 2575 1833 2627 Amen.³)

188 2695 216 2734 ¹)
246 2695 283 2735 B,
308 2694 335 2728 C
362 2694 471 2729 Miliu
498 2695 564 2728 mit
590 2694 835 2735 Abkz'irzmm.
874 2694 921 2728 Es
948 2695 994 2728 ist
1020 2694 1113 2727 aber
1138 2693 1239 2728 nicht
1265 2694 1334 2727 cler
1360 2703 1416 2736 ep.
1444 2692 1574 2727 Milon.
1600 2691 1744 2736 (Milo),
1769 2691 1838 2723 der

72 2751 165 2785 anch
191 2751 237 2793 fr.
263 2751 458 2786 Johannes
488 2752 603 2796 heilil.
631 2753 797 2786 so'nclern
826 2762 883 2794 ep.
912 2751 1122 2786 Milev-itan.
1150 2751 1320 2795 (Malla),
1346 2751 1391 2794 fr.
1419 2750 1616 2785 Johannes
1643 2748 1836 2783 ximenes.

73 2808 111 2843 0.
151 2808 198 2843 M.
234 2819 330 2852 mast.
368 2810 481 2844 theol.
531 2810 624 2844 Alsa
661 2811 723 2845 ein
760 2811 1001 2852 Arafsonesffl
1040 2810 1201 2843 desltalb
1239 2810 1303 2843 die
1342 2810 1554 2843 besondere
1593 2807 1837 2850 Feinclschafl

75 2866 290 2902 [xeneam-rs.
339 2868 410 2911 1⁷91.
438 2869 529 2903 auch
558 2870 697 2912 spt’z'ler.
738 2869 858 2903 Eubel
885 2869 946 2903 hat
972 2868 1080 2903 scine
1107 2868 1340 2911 Ernemzunq
1367 2869 1442 2902 erse
1467 2877 1510 2901 zu
1542 2868 1629 2901 7418
1655 2866 1757 2900 Miirz
1785 2865 1836 2900 16.

190 2925 222 2967 2)
262 2925 555 2971 Prozessbericht
593 2937 713 2969 (leyen
753 2926 1010 2969 Hieronymus
1048 2937 1120 2961 von
1162 2926 1259 2968 Pras]
1298 2926 1364 2960 mit
1403 2926 1474 2959 der
1511 2924 1731 2966 Zeichnunq
1769 2924 1837 2957 des

73 2984 238 3021 „scumm
265 2982 394 3018 fidei“.
433 2984 602 3023 Bzovius,
629 2983 707 3022 XV,
732 2984 903 3019 504—07.

190 3041 221 3082 ³)
255 3040 408 3085 J'rediyl
442 3041 613 3085 Bischoss
643 3042 767 3076 Jah-ob
799 3053 832 3077 v.
866 3042 959 3076 Lodi
990 3051 1049 3075 am
1081 3043 1137 3077 30.
1173 3042 1250 3076 Mai
1285 3040 1390 3082 1416‚·
1424 3040 1543 3074 Har-cit
1576 3039 1645 3074 III.
1679 3038 1835 3078 54—67,·

76 3095 199 3132 Man-32⁸
224 3096 401 3141 XXVIII,
426 3100 597 3135 572—77.
