2102 3444
226 138 310 182 286
763 139 786 173 Ι.
815 138 1023 174 Abschnilt.
1063 139 1462 184 Konzilslagebiicher.

346 258 500 299 Primo
537 259 766 311 supplicat
804 258 1040 311 predictus
1079 259 1120 300 d.
1162 272 1259 310 rex,
1297 260 1513 312 quatinus
1552 261 1596 301 in
1636 261 1738 302 eius
1777 260 1995 302 absencia

227 341 407 370 sacrum
434 328 677 370 concilium
703 341 794 370 non
818 329 1038 382 procedat
1063 329 1120 371 ad
1146 330 1348 382 aliquam
1375 332 1717 372 conclusionem
1743 331 1994 373 arduorum

228 400 531 452 negotiorum,
557 403 625 441 set
650 400 797 441 solum
823 400 939 442 fiant
963 400 1249 443 avisamenta
1274 402 1318 442 in
1343 402 1558 443 omnibus
1581 405 1625 443 et
1650 405 1896 444 teneantur
1919 414 1996 455 pa-

227 473 339 522 rata,
368 473 413 511 ut
441 483 540 512 cum
571 471 910 523 suaserenitas
940 475 1200 513 revertetur
1227 472 1284 513 ad
1311 472 1569 523 conc-ilium,
1598 473 1685 515 cito
1712 473 1860 525 possit
1885 473 1995 526 eligi

227 553 432 583 summus
459 542 687 594 pontifex.

343 611 605 653 Secundum
633 612 855 664 notificat,
883 613 1005 665 quod
1033 613 1262 656 serenitas
1289 627 1374 667 per
1401 617 1542 656 totum
1571 626 1777 656 mensem
1806 625 1997 667 presen-

226 687 315 723 tem
346 683 402 724 ad
432 695 612 724 sacrum
641 683 884 725 concilium
913 687 1193 736 revertetur3
1223 689 1267 727 et
1297 685 1333 727 si
1363 685 1493 738 prius
1522 686 1767 737 presencia
1796 697 1879 728 sua
1907 685 1997 726 erit

226 753 417 795 concilio
448 755 730 806 necessaria,
759 755 874 807 petit
906 755 993 796 sibi
1027 755 1164 797 scribi
1196 768 1280 808 per
1311 756 1461 809 ipsum
1493 756 1737 797 concilium
1769 759 1814 798 et
1845 755 1994 798 statim

226 824 439 866 omnibus
472 824 576 867 aliis
609 825 813 867 dimissis
846 826 903 867 ad
934 825 1085 879 ipsum
1117 827 1360 868 concilium
1393 814 1647 869 festinabit.

342 907 505 949 Tercio
535 908 778 960 supplicat,
809 909 931 961 quod
960 908 1238 961 procedatur
1268 910 1313 950 in
1344 910 1683 951 reformacione
1714 910 1996 951 universalis

225 978 420 1019 ecclesie
453 982 497 1020 et
528 979 666 1021 totius
698 979 824 1032 cleri,
855 992 1007 1032 ymmo
1038 984 1082 1021 et
1115 980 1361 1022 cuiuslibet
1395 983 1538 1022 status
1571 980 1920 1022 christianitatis
1951 983 1996 1022 et

227 1050 424 1091 maxime
456 1050 502 1090 in
532 1049 873 1091 reformacione
904 1051 1079 1103 capitis.

341 1131 512 1182 Quarto
544 1132 667 1184 quod
699 1133 978 1185 procedatur
1010 1133 1057 1174 in
1090 1134 1430 1176 reformacione
1463 1135 1766 1176 ecclesiarum
1799 1134 1997 1187 particu-

226 1203 392 1244 larium
424 1206 468 1244 et
500 1215 586 1256 per
618 1215 841 1245 censuras
874 1204 1212 1247 ecclesiasticas
1245 1208 1516 1257 repetantur
1549 1217 1618 1258 ea,
1651 1217 1740 1258 que
1774 1205 1831 1246 de
1863 1205 1996 1247 dictis

225 1274 434 1316 ecclesiis
458 1278 564 1316 sunt
588 1278 808 1327 occu-pata
831 1287 917 1328 per
941 1287 1256 1329 quoscunque,
1279 1279 1324 1317 et
1348 1277 1385 1318 si
1411 1276 1543 1318 dictis
1566 1277 1779 1318 censuris
1803 1288 1896 1318 non
1919 1288 1997 1331 paf

225 1345 418 1397 rebitur,
439 1344 584 1387 offert
605 1358 655 1387 se
679 1358 761 1387 sua
783 1345 1013 1388 serenitas
1034 1346 1238 1399 propriis
1261 1347 1484 1399 expensis
1507 1350 1810 1389 concurrente
1833 1346 1995 1388 favore

225 1416 526 1468 spoliatorum
576 1416 731 1458 facere
781 1429 882 1458 cum
928 1416 1084 1469 gladio
1130 1418 1376 1470 temporali
1426 1418 1506 1460 illa
1554 1418 1736 1459 restitui
1784 1417 1996 1460 ecclesiis

226 1487 450 1540 spoliatis.

342 1558 508 1609 Quinto
529 1558 653 1611 quod
672 1558 951 1611 procedatur
972 1560 1018 1600 in
1040 1559 1232 1612 speciali
1254 1559 1594 1601 reformacione
1617 1559 1730 1601 cleri
1750 1559 1995 1602 Alamanie

228 1630 271 1670 in
305 1629 526 1682 moribus,
559 1630 769 1672 vestibus
801 1633 846 1672 et
878 1630 1063 1672 incessu
1096 1642 1330 1672 armorum
1365 1633 1409 1672 et
1442 1631 1657 1684 maxime,
1692 1630 1815 1683 quod
1846 1629 1996 1683 provi-

226 1700 403 1753 deatur,
428 1713 486 1742 ne
513 1700 709 1742 ecclesie
734 1701 1023 1743 hereditario
1048 1701 1148 1743 iure
1174 1701 1504 1754 possideantur
1530 1705 1574 1743 et
1601 1701 1723 1754 quod
1748 1700 1883 1743 electi
1909 1703 1996 1743 Sta-

226 1771 304 1812 tim
326 1771 498 1813 faciant
521 1785 571 1813 se
594 1772 802 1814 ordinari
825 1775 871 1814 et
891 1773 1169 1814 consecrari.

342 1841 482 1884 Sexto
511 1843 634 1896 quod
662 1843 967 1895 prohibeatur
997 1844 1038 1886 d.
1070 1844 1421 1897 archiepiscopo
1453 1843 1796 1896 Maguntinensi
1827 1846 1873 1885 et
1901 1843 1998 1896 qui·

229 1913 498 1966 buscunque
522 1914 641 1965 aliis,
664 1926 723 1955 ne
750 1918 964 1956 moveant
989 1915 1164 1956 bellum
1190 1915 1236 1956 in
1261 1914 1472 1967 partibus
1496 1914 1755 1956 Alamanie.

342 1995 548 2048 Septimo
581 1996 703 2049 quod
738 1996 964 2038 liberetur
998 2010 1022 2038 a
1057 1997 1319 2049 captivitate
1355 1997 1395 2038 d.
1430 1997 1606 2039 electus
1639 1995 1997 2050 Argentinensis

227 2067 312 2108 sub
350 2068 568 2109 caucione
606 2067 757 2108 standi
796 2067 1178 2109 determinacioni
1217 2067 1398 2109 concilii
1437 2071 1481 2109 et
1517 2067 1656 2110 etiam
1693 2067 1735 2109 d.
1773 2066 1911 2120 regis,
1950 2067 1996 2108 in

226 2141 447 2190 quantum
469 2138 619 2190 ipsum
641 2139 862 2191 contingit
881 2152 967 2191 pro
984 2139 1335 2192 temporalibus.
1371 2139 1424 2180 Et
1446 2138 1568 2191 quod
1589 2139 1790 2191 interim,
1811 2137 1933 2191 quod
1954 2137 1996 2179 d.

224 2209 453 2251 Henricus
473 2209 773 2251 Lassenbuck
794 2209 877 2251 ibit
897 2210 1200 2262 Argentinam
1221 2223 1306 2262 pro
1325 2209 1599 2251 adducendo
1616 2209 1771 2262 ipsum
1786 2209 1997 2260 electum,

226 2279 592 2331 supersedeatur
621 2292 705 2332 per
735 2292 915 2322 sacrum
944 2279 1188 2322 concilium
1219 2280 1356 2322 etiam
1387 2280 1741 2333 quibuscunque
1771 2279 1996 2321 censuris.

343 2361 511 2403 Octavo
575 2362 697 2414 quod
764 2362 1129 2415 supersedeatur
1194 2362 1490 2404 ventilacioni
1557 2374 1800 2404 causarum
1866 2360 1996 2414 regni

229 2432 477 2485 Hungarie.

343 2504 471 2545 Nono
497 2503 620 2556 quod
646 2504 775 2545 nulle
803 2503 1190 2546 confirmaciones
1217 2504 1334 2546 fiant
1361 2503 1668 2546 electionibus
1694 2503 1995 2545 ecclesiarum

228 2574 564 2616 cathedralium
588 2586 671 2616 seu
695 2575 981 2627 regularium
1004 2587 1399 2627 quarumcunque.

347 2656 533 2698 Decimo
566 2656 688 2709 quod
717 2657 834 2698 nulli
865 2657 1046 2709 prelato
1076 2657 1148 2697 vel
1180 2657 1372 2698 notabili
1405 2669 1607 2709 persone
1639 2656 1774 2698 detur
1805 2655 1997 2698 licencia

230 2740 252 2768 a
288 2739 418 2769 sacro
451 2727 643 2769 concilio
676 2727 941 2769 recedendi.

343 2810 436 2851 X10.
469 2810 591 2862 quod
623 2822 804 2852 sacrum
836 2810 1079 2851 concilium
1111 2810 1257 2851 mittat
1288 2810 1345 2851 ad
1377 2810 1418 2851 d.
1451 2822 1608 2863 regem
1640 2809 1833 2851 Polonie
1861 2811 1908 2850 et
1938 2806 1995 2849 ad

227 2881 496 2933 magistrum
532 2880 711 2923 ordinis
747 2881 880 2923 beate
922 2880 1062 2922 Marie
1098 2881 1486 2922 Theutonicorum
1523 2879 1814 2922 exhortando
1845 2882 1893 2921 et
1925 2890 1995 2920 ro-

226 2951 378 3002 gando
403 2964 498 3004 eOS,
523 2954 571 2994 ut
594 2955 901 3005 permaneant
927 2953 973 2992 in
998 2951 1173 3004 treugis
1198 2952 1459 3004 prorogatis
1483 2963 1568 3004 per
1593 2951 1745 3004 ipsum
1770 2949 1812 2992 d.
1837 2960 1993 3002 regem

228 3021 418 3063 Parisiis
446 3034 547 3064 cum
574 3022 809 3074 clausulis,
837 3034 926 3075 que
956 3023 1001 3063 in
1029 3022 1196 3064 litteris
1222 3021 1327 3063 dicti
1355 3021 1396 3063 d.
1425 3022 1549 3074 regis
1575 3021 1882 3063 continentur.
