2102 3444
168 172 254 214 478
527 172 568 205 ll.
602 171 811 205 Absohnitt.
855 171 1059 204 Sci-mones
1090 170 1238 204 concilii
1271 169 1589 204 constanciensis.

174 290 403 342 luminosi,
432 303 522 331 non
555 293 659 330 sunt
688 293 840 330 tamen
873 289 1026 341 lucidi,
1056 302 1155 330 cum
1186 302 1277 330 non
1306 289 1508 331 habeant
1537 289 1720 331 lucendi
1750 290 1943 331 auctori-

171 364 325 413 tatem,
357 361 483 401 sicud
514 361 640 402 aliud
673 363 741 401 est
772 360 971 401 sciencia
1003 363 1047 401 et
1075 360 1220 402 clavis
1251 359 1462 401 sciencie.

290 432 415 480 Tunc
457 431 512 472 ad
556 430 842 483 propositum
884 443 941 472 ex
984 431 1067 471 hac
1109 430 1412 472 similitudine
1454 431 1628 472 clarum
1671 434 1740 473 est
1781 430 1942 472 videre

172 501 397 543 ierarchie
432 501 627 542 ecclesie
663 500 917 542 subiedum
952 504 995 542 et
1028 513 1249 543 excessus
1283 501 1389 542 hinc
1422 504 1465 542 et
1500 501 1607 542 inde
1642 501 1758 542 illud
1789 501 1942 543 defor-

172 573 406 625 mantesst).
450 572 604 613 Primo
632 584 832 624 namque
862 574 1002 624 patet,
1030 572 1152 624 quod
1181 572 1355 613 abusus
1385 575 1455 613 est
1483 572 1638 613 dicere
1666 574 1940 624 potestatem

176 645 460 695 prelatorum
496 655 586 683 non
625 655 729 684 esse
769 642 1018 684 inmcdiate
1057 655 1082 684 a
1121 642 1316 684 Christo.
1367 643 1477 684 Nam
1517 643 1631 684 sicut
1669 643 1715 684 in
1752 655 1943 696 egressu

177 727 331 755 rerum
376 714 571 766 quilibet
611 713 784 766 gradus
827 714 1112 755 causalitatis
1155 717 1224 755 est
1266 713 1530 755 immediate
1573 726 1598 755 3
1642 714 1753 766 Deo,
1795 713 1856 756 ita
1899 713 1945 755 in

176 797 393 836 regressu
422 784 626 836 ipsarum
658 785 715 825 ad
744 784 889 825 finem
919 784 1115 836 quilibet
1142 784 1314 837 gradus
1344 784 1579 825 reductive
1608 784 1849 836 potestatis
1877 787 1946 826 est

178 855 424 896 inmediate
459 868 483 896 a
517 855 713 896 Christo.
759 854 971 896 Secundo
1004 858 1142 907 patet,
1177 855 1299 907 quod
1332 855 1505 897 abusus
1538 858 1608 897 est
1641 855 1796 896 dicere
1829 855 1947 896 hanc

176 929 449 978 potestatem
474 926 536 967 sic
561 926 811 967 inmediate
836 938 860 967 3
883 925 1081 978 Christo,
1105 925 1227 978 quod
1250 926 1380 966 nullo
1403 926 1538 967 modo
1560 925 1729 967 effluat
1750 938 1775 967 a
1797 925 1947 978 primo

177 997 328 1037 lucido
358 996 403 1037 in
434 996 702 1048 secundum,
734 999 842 1049 puta
873 1009 897 1037 3
928 1009 1049 1049 papa
1081 997 1126 1037 in
1156 997 1362 1048 prelatos
1393 995 1606 1038 maiores.
1650 996 1704 1037 Et
1734 996 1799 1038 sic
1827 995 1947 1038 inter

176 1068 258 1108 hoc
292 1067 465 1109 abusus
499 1071 569 1108 est
604 1067 723 1108 istud
758 1067 974 1119 memdium
1009 1067 1131 1119 quod
1166 1067 1249 1108 hec
1282 1070 1488 1119 potestas
1523 1070 1592 1108 est
1623 1066 1888 1109 immediate
1923 1079 1947 1109 3

177 1138 358 1180 Christo
390 1141 435 1179 et
466 1138 523 1179 ab
555 1138 639 1179 hoc
670 1138 872 1189 homine,
907 1138 1082 1179 scilicet
1113 1150 1248 1222 papa,
1281 1137 1438 1179 effluit
1468 1137 1516 1178 in
1548 1138 1667 1179 hunc
1698 1137 1947 1189 hominem,

177 1208 350 1250 scilicet
374 1208 620 1261 prelatum.

294 1279 646 1331 Consequenter
696 1292 753 1320 ex
801 1279 886 1320 hac
935 1279 1237 1320 similitudine
1287 1279 1557 1320 dissolxitur
1604 1278 1845 1320 contencio
1890 1242 1980 1319 de'

177 1350 514 1392 beneficiolum
537 1350 791 1391 collacione
815 1353 859 1391 et
882 1350 1105 1402 precipue
1129 1362 1286 1391 curam
1311 1350 1570 1391 animarum
1594 1349 1946 1402 inportancium.

176 1422 287 1462 Nam
314 1434 371 1462 ex
396 1433 451 1462 ea
476 1420 653 1473 liquide
679 1423 868 1473 constat,
895 1420 1018 1473 quod
1042 1420 1099 1462 ad
1124 1420 1331 1473 prelatos
1356 1421 1558 1462 maiores
1582 1432 1642 1461 ex
1665 1419 1854 1462 effluxu
1877 1420 1947 1462 sui

176 1491 365 1533 luminis
390 1494 565 1544 spectat
589 1491 843 1533 ierarchias
868 1491 1074 1533 minores
1097 1490 1253 1532 facere
1278 1494 1323 1532 et
1346 1490 1603 1535 instituere.
1641 1490 1816 1532 Verum
1839 1490 1947 1544 quia
2007 1479 2010 1482 ⁴

178 1563 221 1603 in
259 1562 372 1614 ipsis
407 1562 494 1603 fuit
527 1565 653 1604 tanta
688 1562 923 1614 corruptio
957 1561 1240 1616 luminisque
1275 1562 1494 1615 privacio,
1530 1561 1719 1615 dignum
1753 1564 1867 1615 erat,
1900 1562 1950 1602 ut

178 1632 280 1685 ipsi,
312 1633 389 1685 qui
421 1632 702 1674 execucione
737 1645 818 1674 sue
850 1632 1091 1685 potestatis
1125 1645 1174 1674 se
1206 1632 1508 1685 privaverunt
1539 1644 1631 1685 quo
1660 1632 1719 1674 ad
1747 1632 1948 1685 primum

177 1703 412 1755 effectum,
439 1704 739 1756 privarentur
765 1716 855 1756 quo
883 1703 941 1745 ad
967 1703 1236 1756 secundum,
1263 1703 1494 1755 videlicet,
1520 1706 1583 1756 ut,
1610 1702 1688 1756 qui
1712 1702 1831 1745 ¹alios
1855 1714 1948 1744 non

178 1774 545 1816 ierarchizabant
572 1774 809 1815 ierarchas
835 1774 982 1815 eciam
1007 1786 1099 1815 non
1125 1773 1348 1816 facerent.
1386 1774 1513 1814 Nunc
1538 1785 1664 1826 vero,
1689 1776 1843 1815 utrum
1868 1772 1948 1814 illa

178 1845 410 1897 corruptio
439 1845 495 1887 sit
524 1845 706 1886 sublata
735 1849 778 1887 et
806 1857 864 1886 an
893 1844 939 1885 in
966 1844 1115 1897 primo
1144 1844 1310 1897 lucido,
1339 1844 1397 1886 ad
1426 1844 1548 1897 quod
1576 1843 1795 1885 execucio
1822 1843 1949 1885 illius

177 1915 418 1967 potestatis
452 1915 815 1968 devolutaierat,
849 1916 907 1957 sit
939 1915 1085 1957 maior
1118 1916 1192 1956 vel
1227 1915 1377 1956 minor
1411 1915 1646 1968 corruptio
1678 1927 1728 1956 ac
1762 1912 1949 1955 luminis

177 1986 394 2037 privacio,
438 1986 605 2028 vestris
649 1985 1014 2028 discrecionib-us
1055 1985 1407 2027 ⁴discuciendum
1451 1985 1742 2038 derelinquo.
1798 1984 1949 2026 Unum

177 2059 332 2097 tamen
362 2056 476 2109 dico,
507 2057 628 2109 quod
658 2057 742 2098 hec
773 2056 1011 2098 contencio
1041 2057 1301 2099 clarissime
1332 2056 1494 2109 innuit,
1526 2055 1650 2108 quod
1678 2055 1725 2097 in
1753 2057 1948 2108 utroque

178 2127 405 2168 modicum
451 2128 608 2168 lumen
650 2132 719 2170 est
758 2131 807 2168 ret
847 2139 993 2179 parva
1033 2127 1172 2170 huius
1213 2126 1436 2179 ponderis
1478 2129 1524 2169 et
1564 2126 1807 2179 potestatis
1848 2137 1950 2167 con-

180 2197 422 2240 sideracio.

296 2268 518 2310 Similiter
547 2282 605 2310 ex
635 2270 718 2310 hac
749 2268 1053 2310 similitudine
1084 2269 1142 2310 ad
1171 2268 1567 2321 contempcionem
1597 2266 1948 2320 exempcionum

179 2339 329 2392 venio,
357 2351 442 2392 per
469 2351 605 2391 quam
634 2338 728 2381 illis
756 2339 1081 2391 respondetur,
1112 2339 1188 2392 qui
1216 2351 1297 2381 eats
1325 2341 1483 2381 contra
1510 2338 1582 2381 ius
1610 2337 1817 2390 divinum
1843 2347 1948 2379 esse

181 2412 409 2451 asserunt.
444 2410 555 2451 Nam
578 2422 634 2450 ex
659 2410 759 2462 ipsa
783 2409 1086 2451 similitudine
1110 2412 1250 2462 patet,
1273 2409 1395 2462 quod
1414 2408 1548 2450 »sicud
1571 2409 1618 2450 in
1640 2408 1948 2462 produccione

181 2493 336 2521 rerum
366 2492 458 2521 non
486 2483 558 2521 est
588 2483 745 2521 contra
775 2483 988 2522 naturam
1019 2483 1063 2521 et
1093 2480 1304 2521 ordinem
1333 2492 1579 2521 causarum
1609 2478 1882 2531 mediarum,
1910 2476 1949 2519 si

180 2554 338 2603 preter
366 2551 570 2603 ipsarum
596 2563 780 2591 cursum
808 2551 950 2603 aliqui
978 2550 1179 2592 effectus
1204 2550 1519 2602 producantur
1545 2562 1570 2592 3
1594 2549 1760 2602 primi-s
1782 2548 1949 2599 causis,

181 2633 272 2662 non
301 2621 684 2663 concurrentibus
714 2620 944 2673 secundis,
974 2620 1102 2662 sicud
1132 2624 1237 2662 sunt
1266 2621 1489 2662 miracula
1518 2623 1563 2662 et
1591 2620 1721 2662 multi
1751 2618 1949 2660 effectus

183 2692 435 2743 mirabiles,
461 2692 536 2744 qui
564 2704 655 2732 non
680 2691 909 2732 modicum
933 2691 991 2732 ad
1015 2691 1229 2732 decorem
1256 2694 1300 2732 et
1324 2690 1718 2743 pulchritudinem
1743 2687 1948 2731 universi

182 2763 445 2803 conferunt:
482 2762 545 2803 sic
568 2762 612 2802 in
634 2761 945 2814 produccione
968 2773 1123 2802 rerum
1145 2765 1190 2803 et
1212 2762 1257 2802 in
1282 2762 1528 2803 multarum
1549 2772 1772 2814 processu
1794 2770 1948 2801 rerum

182 2846 273 2873 non
306 2836 376 2874 est
406 2836 564 2874 contra
596 2833 666 2873 ius
701 2832 906 2873 divinum
940 2844 1092 2884 neque
1126 2835 1282 2873 contra
1316 2832 1527 2873 ordinem
1562 2830 1879 2883 ierarchicum,
1912 2827 1948 2870 si

182 2904 336 2956 aliqua
369 2904 563 2944 materia
595 2916 619 2944 3
651 2902 800 2955 primo
832 2902 985 2944 lucido
1018 2902 1266 2943 inmediate
1299 2901 1577 2944 illustranda
1608 2904 1654 2943 et
1686 2898 1949 2943 reducenda

183 2977 497 3025 conservetur,
527 2972 727 3014 maxime
759 2972 943 3025 quando
975 2972 1080 3014 talis
1111 2973 1305 3014 materia
1335 2976 1405 3014 est
1435 2985 1495 3013 ex
1526 2985 1608 3014 suo
1639 2974 1758 3014 statu
1790 2968 1948 3012 lumini

289 3084 317 3102 ιιι
341 3077 387 3101 λ’ῐὶ
411 3076 459 3102 wl
483 3076 749 3102 1l131'01'11111ci‹)11(·s.

2007 3358 2078 3444 pis
