2227 3434
546 190 584 224 Β.
623 191 699 225 Der
722 190 822 225 liber
844 192 1037 235 gestorum
1062 191 1130 225 des
1154 189 1396 225 Cerretanus.
1769 193 1851 235 201

207 308 474 361 Eademque
509 307 584 349 die
619 311 722 361 post
755 307 1002 361 prandium
1037 307 1223 350 domina
1257 308 1417 361 regina
1453 308 1549 351 suis
1582 309 1855 362 proceribus

89 382 135 422 et
158 379 417 422 domicellis
440 378 610 421 sociata
633 378 675 420 d.
701 391 858 431 regem
883 379 929 419 in
953 378 1088 420 domo
1112 379 1303 431 propria
1325 378 1528 421 visitavit
1551 391 1728 432 rexque
1752 384 1855 433 post

90 449 149 492 ad
170 449 355 491 domum
379 461 509 492 suam
533 448 807 491 reconduxit
831 449 1029 491 eandem
1054 450 1099 490 in
1122 450 1348 491 baronum
1371 453 1417 491 et
1438 462 1683 503 procerum
1708 450 1855 492 multi-

89 519 249 562 tudine
278 519 475 573 copiosa.

208 590 293 632 Die
336 590 516 633 sabbati
558 590 798 632 XXVIIII.
844 591 1017 633 mensis
1061 590 1332 633 Decembris
1373 591 1758 633 convenientibus
1799 591 1855 633 de

90 660 306 704 mandato
333 661 375 703 d.
403 661 550 703 nostri
578 673 699 714 pape
728 661 954 704 Johannis
983 661 1155 704 XXIII.
1185 664 1230 703 et
1258 661 1316 703 ad
1345 661 1705 714 requisicionem
1733 674 1858 703 sere-

90 731 270 774 nissimi
292 732 334 774 d.
355 731 638 785 Sigismundi
662 733 973 774 Romanorum
995 735 1039 774 et
1061 732 1297 785 Hungarie
1322 732 1445 785 regis
1468 745 1654 786 semper
1675 734 1854 786 augusti

90 803 137 845 in
166 802 273 845 aula
303 814 469 855 magna
499 803 667 856 palacii
699 803 939 856 apostolici
971 803 1350 846 Constanciensis
1381 803 1594 845 omnibus
1625 816 1710 856 pro
1739 803 1857 845 cele-

90 873 307 916 bracione
330 874 514 916 concilii
538 874 585 915 in
610 874 775 916 eadem
799 874 981 930 civitate
1008 874 1330 926 existentibus,
1356 875 1402 916 in
1428 886 1518 927 qua
1543 873 1729 927 quidem
1755 886 1857 916 con-

90 945 314 988 vencione
343 945 441 987 sive
470 945 833 998 congregacione
865 945 1179 987 interfuerunt
1207 944 1379 998 prefati
1407 944 1448 986 d.
1476 948 1635 986 noster
1663 957 1785 998 papa
1813 947 1859 986 et

91 1015 133 1058 d.
159 1028 243 1058 rex
269 1016 594 1068 Romanorum,
622 1016 664 1058 d.
691 1029 725 1058 s.
752 1016 802 1058 R.
829 1028 868 1058 e.
895 1015 1173 1069 cardinales,
1200 1016 1479 1069 patriarche,
1507 1016 1857 1069 archiepiscopi,

90 1087 311 1141 episcopi,
349 1087 556 1139 abbates,
594 1087 845 1140 principes,
884 1087 1038 1139 duces,
1075 1087 1278 1139 comites,
1317 1087 1518 1129 barones
1557 1090 1601 1128 et
1638 1098 1858 1140 proceres

91 1161 300 1201 oratores
322 1158 612 1200 dominorum
636 1161 680 1200 et
703 1158 797 1211 alii,
821 1158 898 1211 qui
920 1171 1005 1211 pro
1025 1158 1350 1200 celebracione
1375 1157 1493 1199 sacri
1516 1157 1698 1199 concilii
1721 1169 1858 1198 vene-

90 1233 207 1282 rant,
238 1228 360 1271 idem
391 1229 432 1271 d.
463 1242 547 1271 rex
577 1229 774 1282 proponi
805 1232 850 1271 et
880 1230 971 1282 legi
1002 1229 1112 1270 fecit
1141 1229 1187 1270 in
1216 1228 1402 1282 publico
1433 1228 1585 1270 omnia
1614 1231 1743 1281 gesta
1773 1240 1858 1281 per

31 1358 40 1363 -
92 1301 244 1354 ipsum
265 1300 384 1342 circa
406 1300 577 1343 factum
600 1300 800 1352 unionis,
823 1300 1087 1342 oratoribus
1111 1300 1206 1342 suis
1228 1299 1554 1351 mediantibus,
1577 1299 1794 1342 videIIcet
1816 1298 1857 1340 d.

91 1371 142 1413 A.
171 1371 520 1425 archiepiscopo
548 1371 808 1414 Collocensi
838 1371 961 1424 apud
990 1371 1219 1424 Angelum
1248 1370 1464 1413 Corrario
1490 1373 1536 1412 et
1563 1371 1604 1412 d.
1633 1369 1859 1412 Ottobono

92 1442 216 1496 apud
238 1442 427 1484 Petrum
451 1442 507 1484 de
534 1442 663 1484 Luna
687 1445 731 1484 et
756 1455 912 1495 regem
938 1442 1217 1495 Aragonum.
1253 1441 1456 1492 Quorum
1481 1441 1616 1483 lectio
1639 1443 1687 1483 et
1709 1440 1859 1494 publi-

92 1513 214 1556 cacio
240 1525 326 1567 per
352 1516 448 1555 tres
474 1513 614 1556 horas
639 1516 685 1555 et
713 1514 875 1566 ultraa)
907 1513 1101 1556 duravit.
1142 1513 1196 1554 Et
1224 1516 1326 1566 post
1354 1511 1566 1565 prefatus
1595 1511 1636 1553 d.
1665 1523 1749 1553 rex
1774 1511 1860 1554 has

91 1596 199 1627 suas
229 1584 485 1638 peticiones
515 1583 740 1636 adiunxit,
770 1597 885 1638 quas
915 1584 1002 1626 sibi
1034 1596 1119 1638 per
1148 1583 1349 1625 eundem
1380 1583 1421 1625 d.
1452 1585 1661 1625 nostrum
1690 1594 1859 1636 papam

93 1667 367 1708 sacrumque
393 1655 639 1708 collegium
662 1655 852 1697 concedi
876 1654 1139 1708 postulavit,
1163 1654 1396 1696 videlicet:
1437 1654 1591 1695 Primo
1615 1653 1738 1706 quod
1762 1665 1861 1695 ora-

92 1728 216 1769 tores
245 1726 413 1779 Angeli
444 1725 662 1769 Corrario
690 1729 736 1768 et
768 1726 890 1768 Petri
925 1726 982 1767 de
1014 1725 1157 1778 Luna,
1190 1726 1266 1778 qui
1299 1725 1354 1766 de
1386 1725 1599 1778 proximo
1630 1724 1859 1766 civitatem

93 1796 367 1840 Constancie
393 1797 650 1850 ingressuri
676 1800 823 1849 erant,
851 1796 1142 1848 audirentur;
1171 1797 1278 1838 item
1305 1796 1428 1849 quod
1454 1798 1664 1838 oratores
1688 1797 1733 1837 et
1758 1806 1860 1848 pre-

92 1868 183 1921 lati,
204 1869 280 1921 qui
302 1869 358 1910 de
376 1868 575 1910 diversis
595 1868 751 1909 mundi
770 1867 980 1920 partibus
996 1871 1041 1909 et
1056 1867 1330 1908 nacionibus
1347 1867 1404 1908 ad
1420 1867 1662 1908 concilium
1680 1866 1860 1908 venturi

27 1932 34 1939 ’
93 1943 225 1981 erant
247 1943 292 1981 et
316 1939 515 1981 maxime
539 1952 698 1992 regum
724 1944 767 1981 et
791 1952 1039 1992 regnorum
1058 1939 1266 1991 Francie,
1284 1938 1464 1990 Anglie,
1482 1938 1715 1989 Bohemie,
1734 1937 1862 1978 Polo-

95 2011 170 2053 nie
194 2015 240 2053 et
264 2011 500 2053 Dalmacie
526 2015 570 2052 et
596 2011 699 2053 aliis
726 2011 951 2063 partibus,
976 2013 1350 2062 expectarentur,
1376 2009 1574 2050 maxime
1601 2021 1701 2049 cum
1728 2006 1858 2060 ipsi'·)

95 2082 168 2124 vel
190 2082 337 2124 maior
355 2094 466 2135 pars
485 2095 646 2124 eorum
669 2082 714 2123 in
737 2081 947 2124 sessione
969 2081 1124 2123 XIIII.
1147 2081 1323 2122 mensis
1345 2079 1555 2122 Januarii
1579 2078 1860 2121 celebranda

95 2153 167 2195 vel
200 2152 465 2195 immediate
497 2156 602 2206 post
634 2153 864 2205 credatur,
898 2152 1021 2205 quod
1055 2152 1127 2193 hic
1160 2154 1296 2193 erunt
1329 2154 1374 2193 et
1406 2150 1545 2192 nichil
1582 2150 1758 2203 absque
1792 2150 1861 2191 eis

97 2226 200 2266 ante
225 2236 385 2266 eorum
411 2223 659 2266 adventum
685 2223 730 2265 in
754 2224 839 2266 hoc
863 2224 1058 2265 concilio
1083 2223 1184 2274 fiat;
1212 2223 1319 2264 item
1345 2221 1481 2275 quod,
1504 2234 1605 2263 cum
1632 2221 1752 2262 idem
1778 2233 1860 2262 rex

0 2288 14 2366 ζ’
81 2294 234 2336 nichil
262 2295 309 2336 in
336 2294 512 2337 occulto
538 2294 648 2336 velit
674 2294 845 2347 facere,
873 2294 956 2337 sed
982 2294 1027 2335 in
1054 2294 1254 2347 publico,
1281 2293 1420 2346 peciit
1446 2292 1535 2334 sibi
1562 2291 1750 2334 concedi
1778 2303 1862 2344 per

96 2363 137 2406 d.
167 2364 427 2408 Johannem
460 2378 628 2419 papam
660 2365 832 2407 XXIII.
867 2377 1141 2417 sacrumque
1174 2363 1417 2406 concilium
1449 2363 1690 2405 licenciam
1722 2365 1767 2404 et
1796 2361 1862 2403 fa-

97 2436 309 2478 cultatem
325 2436 530 2489 eligendi
547 2436 728 2488 aliquos
743 2448 801 2477 ex
820 2435 976 2476 revwiS
992 2435 1033 2476 d.
1051 2448 1085 2477 s.
1102 2435 1151 2476 R.
1169 2447 1207 2476 e.
1225 2434 1556 2486 cardinalibus,
1573 2433 1863 2486 patriarchis,

97 2506 470 2560 archiepiscopis,
508 2507 755 2559 episcopis,
794 2506 1055 2558 abbatibus,
1093 2506 1358 2547 doctoribus
1395 2509 1441 2546 et
1478 2504 1723 2557 magistris,
1761 2515 1860 2544 cum

96 2576 263 2628 quibus
290 2590 361 2629 ea,
392 2590 480 2630 que
514 2577 571 2619 ad
603 2578 990 2619 reformacionem
1022 2580 1166 2618 status
1197 2577 1393 2618 ecclesie
1427 2575 1638 2628 sacrique
1670 2574 1858 2615 Romani

14 2635 29 2673 ’Δ
98 2645 277 2700 imperii
311 2648 560 2701 pertinent,
594 2648 746 2690 valeat
779 2648 1053 2700 practicare;
1090 2647 1261 2688 deinde
1294 2650 1338 2688 et
1372 2647 1534 2688 ultimo
1568 2647 1667 2698 ipse
1701 2645 1741 2687 d.
1779 2656 1860 2685 rex

98 2716 259 2760 obtulit
287 2731 337 2761 se
366 2722 411 2760 et
440 2732 522 2761 sua
552 2719 610 2761 ad
639 2719 792 2761 omnia
822 2722 866 2761 et
895 2718 1076 2771 singula
1106 2721 1272 2760 statum
1302 2720 1347 2758 et
1377 2716 1761 2758 reformacionem
1792 2727 1861 2755 ec-

97 2787 237 2830 clesie
266 2789 612 2831 concernencia.

42 2853 45 2857 ’
212 2859 283 2902 Ad
316 2872 405 2913 que
440 2859 652 2914 prefatus
687 2860 728 2901 d.
763 2862 921 2902 noster
954 2872 1075 2913 papa
1111 2859 1350 2902 Johannes
1385 2857 1555 2899 XXIII.
1593 2857 1742 2910 primo
1777 2868 1860 2908 pro

98 2931 226 2981 parte
259 2942 342 2973 sua
373 2930 585 2984 sacrique
616 2930 796 2973 concilii
829 2930 886 2972 de
918 2929 1021 2982 hiis,
1054 2942 1142 2983 que
1176 2929 1275 2982 ipse
1308 2942 1390 2971 rex
1423 2930 1633 2981 gesserat
1664 2925 1858 2969 sollicite

99 3008 182 3050 pro
207 3001 377 3043 unione
404 3001 601 3043 ecclesie
629 3004 784 3043 sancte
814 3001 912 3051 Dei,
940 3004 985 3042 et
1011 3000 1067 3042 de
1096 3000 1216 3042 bona
1243 2998 1552 3052 disposicione
1582 3010 1663 3040 sue
1692 2997 1858 3038 mentis

201 3110 230 3133 a)
251 3106 282 3130 et
309 3104 395 3131 ultra
417 3104 496 3137 fehlt
519 3108 545 3129 ι’,
605 3106 635 3131 b·
659 3109 696 3129 ικ-
719 3105 782 3130 isti.
