2227 3434
621 160 659 197 C.
702 161 793 196 Acta
819 161 968 197 concilii
995 161 1064 196 des
1092 159 1134 196 G.
1161 160 1208 195 de
1237 161 1366 194 Turre.
1792 160 1876 203 359

233 279 318 322 Die
354 279 532 322 sabbati
569 279 614 321 in
651 279 807 332 vigilia
844 279 986 321 ramis
1021 279 1281 332 palmarum
1318 279 1364 319 in
1401 290 1566 330 magna
1602 277 1799 319 ecclesia
1835 280 1878 318 et

116 351 229 403 loco,
253 350 333 392 ubi
354 353 537 393 tenetur
562 350 724 401 sessio,
749 352 1026 403 congregato
1050 352 1143 391 toto
1166 348 1361 390 concilio
1383 350 1603 401 presente
1627 348 1775 389 eciam
1799 348 1879 389 im-

115 423 332 473 paratore
367 454 374 462 .
411 458 417 464 .
454 455 462 463 .
496 420 716 474 magister
747 420 986 462 Johannes
1020 420 1190 462 Jerson
1223 419 1532 469 cancellarius
1564 418 1699 460 beate
1738 418 1879 460 Marie

115 491 397 534 Parisiensis
425 491 534 534 fecit
562 491 851 544 solempnem
882 502 1144 532 sermonem
1174 493 1219 532 et
1247 489 1457 532 tractavit
1486 489 1727 531 materiam
1756 491 1881 542 pote-

116 562 246 605 statis
279 562 477 605 ecclesie
514 561 753 604 militantis
789 565 834 603 et
869 554 1049 603 concilii
1084 561 1334 614 generalis,
1372 572 1514 613 super
1549 560 1718 612 quibus
1754 559 1882 601 dedit

114 632 436 676 conclusiones
473 635 740 686 sequentes:
793 631 1115 674 Ecclesiastica
1151 631 1304 673 unitas
1342 631 1399 673 ad
1434 643 1576 672 unum
1612 633 1748 683 caput
1785 663 1793 671 .
1829 663 1836 671 .
1874 663 1881 670 .

115 716 207 745 non
240 703 580 758 obmittendo,¹)
626 703 683 745 Et
712 703 798 745 hec
830 701 1070 746 sufficiant
1100 714 1186 756 pro
1218 701 1366 744 modo.

235 774 320 816 Die
345 774 562 816 mercurii
587 774 683 816 XX.
710 774 884 816 mensis
913 773 1110 827 Marcii2)
1138 773 1332 815 recessit
1358 772 1414 814 de
1442 771 1717 814 Constancia
1742 771 1784 814 d.
1810 771 1884 813 Jo-

115 845 296 888 hannes
332 857 456 899 papa
493 844 665 887 XXIII.
705 847 751 887 et
789 843 1011 898 applicuit
1048 843 1095 885 in
1133 843 1326 886 Scafusa
1365 843 1450 886 sub
1490 842 1715 885 conductu
1754 842 1882 884 ducis

116 915 303 958 Austrie
334 919 379 958 et
406 915 494 958 fuit
522 915 654 958 curia·
678 927 771 957 non
802 914 1029 957 modicum
1058 914 1255 967 turbata,
1286 914 1393 967 quia
1423 913 1594 956 furtive
1626 915 1885 956 recesserat

117 986 191 1028 vel
224 986 325 1028 sine
357 986 473 1030 scitu
505 986 702 1029 alicuius
734 989 778 1029 et
812 987 857 1027 in
889 985 1048 1028 habitu
1081 984 1412 1027 transformato
1444 984 1500 1026 ad
1535 983 1884 1027 similitudinem

117 1056 254 1101 unius
280 1057 521 1101 balesterii
549 1056 769 1110 vulgaris.

235 1128 320 1170 Die
343 1128 534 1171 veneris
556 1128 771 1181 sequenti
794 1128 835 1170 d.
860 1131 1021 1170 noster
1044 1127 1227 1180 scripsit
1251 1127 1482 1180 quandam
1507 1126 1758 1180 cedulam³)
1787 1159 1794 1167 .
1831 1163 1837 1169 .
1876 1159 1883 1166 .

235 1199 329 1241 Hec
356 1198 534 1252 cedula,
562 1211 651 1252 que
680 1198 903 1252 sequitur,
930 1211 1031 1240 cum
1059 1198 1165 1241 aliis
1192 1197 1416 1250 expositis
1444 1210 1530 1251 per
1557 1197 1885 1239 cancellarium

117 1270 252 1313 beate
284 1269 427 1312 Marie
456 1269 738 1313 Parisiensis
765 1269 981 1311 videlicet
1008 1269 1066 1311 de
1093 1271 1321 1322 potestate
1350 1268 1546 1310 ecclesie
1576 1267 1815 1310 militantis
1842 1270 1888 1308 et

116 1340 297 1383 concilii
324 1340 561 1395 generalis
588 1340 781 1383 fuerunt
807 1353 893 1394 per
921 1341 1072 1394 ipsum
1101 1340 1339 1393 proposita
1367 1342 1471 1392 post
1499 1351 1736 1381 recessum
1763 1350 1884 1391 pape

117 1415 163 1454 et
190 1411 331 1455 debet
356 1412 465 1466 poni
493 1411 702 1466 predicta
731 1411 896 1454 cedula
925 1411 971 1453 in
999 1410 1112 1463 fine,
1140 1410 1356 1452 videlicet
1383 1410 1462 1452 ubi
1493 1409 1675 1451 dicitur:
1708 1408 1777 1461 ‚Et
1802 1409 1886 1450 hec

118 1482 360 1526 sufficiant
390 1495 475 1537 pro
509 1482 657 1525 modo‘
692 1483 739 1524 in
773 1482 865 1525 alio
899 1483 1046 1525 latere
1080 1481 1236 1535 foliif)

235 1554 321 1596 Die
347 1553 506 1597 martis
533 1553 747 1606 sequenti
771 1553 859 1595 fuit
883 1553 1004 1596 facta
1029 1553 1179 1596 sessio
1205 1586 1212 1594 .
1249 1586 1257 1594 .
1293 1586 1301 1593 .

236 1624 370 1668 Petiit
401 1624 464 1667 ibi
498 1625 857 1667 instrumentum
890 1624 931 1666 d.
967 1623 1211 1677 Philippus
1245 1623 1390 1665 abbas
1423 1622 1479 1664 de
1514 1622 1646 1664 Bello
1678 1621 1791 1674 loco,
1824 1621 1887 1662 vi-

117 1696 270 1740 carius
299 1695 340 1738 d.
371 1695 672 1748 Senonensis,
701 1696 890 1738 nomine
919 1695 1026 1737 dicti
1056 1694 1228 1736 domini
1259 1697 1305 1736 et
1332 1694 1619 1747 prelatorum
1648 1692 1886 1746 provincie

118 1766 404 1810 Senonensis
427 1767 728 1820 presentibus
753 1767 794 1808 d.
821 1766 1067 1809 abbatibus
1093 1766 1237 1808 sancti
1263 1764 1449 1817 Georgii
1475 1768 1519 1806 et
1544 1763 1705 1806 Crucis
1730 1765 1886 1805 sancte

118 1837 339 1881 Leofredi
365 1838 752 1891 Rothomagensis
782 1836 1006 1891 dyocesis.

237 1909 291 1951 Et
312 1908 476 1962 primo,
500 1908 622 1962 quod
645 1909 746 1962 ipsa
769 1911 839 1950 est
861 1911 983 1950 recte
1004 1910 1051 1950 et
1073 1908 1160 1949 rite
1183 1909 1429 1948 convocata
1454 1940 1462 1947 .
1499 1940 1506 1947 .
1543 1940 1550 1947 .
1574 1906 1698 1948 vices
1722 1905 1884 1957 suas.⁷')

240 1991 353 2034 Item
380 1991 457 2033 die
487 1991 667 2034 sabbati
696 1990 835 2033 XXX.
870 1990 1025 2032 Marcii
1057 2024 1066 2032 .
1102 2024 1110 2032 .
1146 2023 1154 2031 .
1186 1988 1335 2031 sessio
1363 1988 1563 2042 publica,
1595 1988 1641 2029 in
1670 1999 1761 2040 qua
1790 1986 1889 2028 fue-

120 2067 226 2106 runt
257 2063 298 2105 d.
330 2063 583 2115 imperator
615 2063 662 2104 in
692 2062 933 2104 maiestate
966 2060 1213 2114 imperiali,
1245 2060 1338 2102 dux
1369 2058 1585 2112 Saxonie,
1618 2059 1712 2100 dux
1742 2057 1889 2099 Ludo-

119 2132 247 2177 vicus
272 2133 467 2176 Bavarie
497 2136 542 2175 et
567 2133 661 2175 dux
690 2132 885 2175 Bavarie
914 2132 1062 2174 frater
1089 2132 1250 2184 regine
1281 2130 1490 2182 Francie,
1520 2129 1583 2172 IX
1611 2129 1888 2179 cardinales,

120 2203 337 2248 videlicet
359 2203 416 2246 de
441 2204 707 2256 Challanco,
732 2203 944 2257 Pisanus,
968 2201 1312 2256 Aquilegensis,
1337 2215 1370 2244 s.
1399 2200 1551 2253 Marci,
1577 2200 1889 2251 Florentinus,

120 2275 177 2317 de
207 2275 371 2329 Flisco,
399 2275 456 2318 de
482 2274 682 2328 Ursinis,
709 2274 996 2317 Saluciarum
1024 2277 1070 2316 et
1097 2272 1372 2325 Laudensis,
1402 2271 1565 2314 LXXX
1591 2271 1761 2325 prelati
1788 2283 1887 2312 cum

120 2346 315 2400 pluviali
349 2350 395 2389 et
429 2346 592 2399 mitris,
628 2346 844 2399 barones,
880 2345 1065 2397 milites,
1100 2344 1462 2386 ambassiatores
1498 2355 1672 2396 regum,
1709 2341 1889 2391 ducum,

121 2416 474 2460 universitatum
504 2417 550 2458 in
581 2429 746 2470 magna
776 2416 1045 2469 quantitate.
1090 2415 1144 2457 Et
1172 2414 1362 2456 fuerunt
1393 2413 1564 2456 ibidem
1595 2412 1791 2454 diffiniti
1821 2425 1890 2454 ar-

119 2487 247 2531 ticuli
274 2492 539 2542 sequentes.

241 2665 272 2707 1)
304 2664 425 2699 Har-dt
454 2664 503 2705 ΙΙ,
532 2663 706 2699 :271—74.

242 2724 274 2765 2)
312 2723 605 2765 Voransyehend
630 2722 724 2757 aber
749 2721 865 2756 sehon
891 2721 960 2756 der
985 2720 1135 2755 Bericlet
1161 2720 1258 2755 iiber
1283 2720 1356 2754 den
1383 2719 1438 2754 23.
1466 2718 1578 2752 Miirz.

242 2782 274 2823 ³)
302 2781 427 2816 Mansz'
451 2780 610 2823 XXVII,
634 2781 711 2816 577.

242 2842 273 2882 ⁴)
315 2839 388 2883 Vql.
419 2840 488 2874 das
526 2837 855 2881 Vorherqehende.
898 2838 975 2871 Das
1005 2836 1198 2880 Folyemle
1231 2834 1408 2870 bekannt.

243 2899 275 2939 ἱ“·)
305 2897 591 2941 Anscleliessend
618 2896 712 2940 folqc
740 2895 804 2931 die
833 2895 941 2930 Bulze
968 2895 1051 2930 Joh.
1079 2905 1153 2929 von
1184 2895 1273 2929 1415
1300 2893 1403 2927 Miir:
1430 2894 1474 2928 ‘25
1501 2903 1548 2926 (ιη
1577 2892 1640 2926 die
1670 2889 1889 2924 Kardinizle.

128 2955 274 2991 Unsere
304 2955 359 2990 Hs
387 2955 469 2999 fiiyl
500 2965 547 2990 (ιη
579 2956 656 2989 den
687 2954 906 2989 bekannten
937 2953 1029 2988 Tenet
1060 2952 1153 2987 noch
1188 2952 1320 2986 leinzu:
1368 2950 1410 2984 In
1440 2951 1556 2994 plica:
1593 2950 1640 2984 M.
1672 2950 1719 2983 de
1752 2948 1889 2983 Bossis.

129 3013 161 3047 A
192 3015 313 3058 tergo:
358 3013 647 3048 venerabilibus
680 3012 863 3048 fratribus
895 3011 1036 3047 nostris
1067 3022 1094 3045 s.
1128 3011 1168 3045 R.
1202 3020 1234 3045 e.
1265 3009 1525 3044 cardinalibus
1558 3007 1783 3043 Constancie
1814 3006 1892 3040 exi-

127 3071 325 3106 stentibus.
368 3070 425 3106 Ab
454 3073 559 3107 extra
590 3071 695 3105 iuxta
723 3070 941 3115 plumbum:
985 3069 1022 3103 F.
1052 3070 1101 3104 de
1131 3066 1460 3113 Montepoliciano.
