2227 3434
873 147 960 181 1415
995 147 1096 180 Man
1129 148 1182 180 11.
1821 151 1906 192 409

139 265 294 318 giores
316 274 590 307 nunciorum
616 277 804 307 suorum
830 277 957 306 more
983 298 990 306 .
1027 298 1034 306 .
1071 299 1078 307 .
1104 269 1305 307 mentem
1331 269 1532 308 vestram
1556 267 1789 309 viscerose
1814 280 1907 309 non

140 335 369 390 affligant,
392 336 609 389 quoniam
631 335 822 389 grandis
846 335 1161 389 immensumss)
1189 336 1439 378 arduorum
1462 338 1758 390 negociorum
1782 351 1908 379 occu-

140 407 271 459 pacio
294 406 548 459 notissima,
575 419 824 459 rumorque
850 406 1033 449 validus
1059 406 1115 448 de
1141 407 1398 449 mutacione
1426 408 1510 450 loci
1537 407 1906 450 Constantiensis

139 481 330 531 propter
363 477 509 531 ipsius
542 477 925 530 incongruitatem
958 478 1254 531 nescitusque
1288 478 1436 520 adhuc
1468 479 1793 532 gloriosissimi
1824 480 1908 521 Ro-

141 561 379 591 manorum
405 549 528 602 regis
551 549 889 601 nacionumque
916 552 1176 590 ceterarum
1201 549 1442 602 adventus,
1467 550 1651 603 alieque
1677 562 1814 592 cause
1839 563 1908 592 ra-

140 619 409 672 cionabiles,
441 632 556 672 quas
588 632 674 673 pro
704 619 914 672 presenti
947 619 1167 672 subticeo,
1200 620 1305 661 huic
1339 620 1556 662 dilacioni
1589 633 1774 663 causam
1804 633 1908 674 pre-

140 689 369 744 stiterunt,
396 703 488 732 non
517 691 743 742 voluntas,
772 690 881 743 quin
910 690 1070 743 pocius
1099 690 1184 732 sub
1213 691 1422 733 veritatis
1449 691 1714 734 testimonio
1742 691 1909 734 asseri-

141 773 256 815 mus,
282 761 405 815 quod
430 761 487 803 ad
514 761 758 803 concilium
785 761 832 802 in
857 760 1047 814 propria
1073 774 1275 814 persona
1301 762 1463 805 venire
1489 766 1798 816 proposuerat
1824 775 1908 805 rex

139 835 298 875 noster
335 832 711 886 preclarissimus
748 835 826 874 aut
863 832 1028 874 saltem
1066 832 1326 885 principem
1364 833 1730 875 illustrissimum
1768 834 1909 876 domi-

141 916 250 945 num
293 904 567 957 Acquitanie
610 903 773 945 ducem
818 903 1195 956 Dalphinumque
1236 903 1554 946 Viennensem
1599 904 1700 947 eius
1741 905 1910 958 primo-

139 973 359 1027 genitum,
383 975 424 1017 -si
452 974 675 1027 temporis
703 978 748 1016 et
776 974 862 1016 loci
890 973 1109 1016 affuisset
1135 975 1439 1027 oportunitas,
1468 974 1717 1017 destinare.
1758 975 1909 1017 Nostis

140 1045 263 1087 enim
291 1045 402 1088 satis
427 1058 514 1099 pro
538 1045 719 1099 integra
745 1045 997 1087 devocione
1025 1044 1382 1099 intencioneque
1410 1046 1591 1088 sincera
1617 1047 1741 1099 regis
1770 1046 1910 1088 Fran-

139 1129 296 1159 corum
327 1117 528 1170 precelsi
561 1129 738 1169 sueque
772 1116 917 1158 liliate
950 1117 1168 1170 prosapie
1200 1116 1452 1169 principes,
1486 1117 1569 1159 sed
1600 1120 1645 1159 et
1677 1118 1808 1170 regni
1841 1130 1910 1159 ec-

139 1187 282 1230 clesia
314 1188 555 1231 retroactis
585 1187 873 1241 temporibus
904 1188 1109 1230 virtuose
1142 1191 1474 1241 processerunt
1504 1188 1549 1230 in
1581 1188 1685 1241 hiis,
1717 1201 1806 1241 que
1840 1200 1910 1230 ec-

140 1259 291 1302 clesie.
308 1262 463 1301 sancte
490 1259 723 1311 unionem,
748 1271 909 1312 pacem
934 1262 978 1300 et
1003 1259 1363 1312 prosperitatem
1387 1259 1742 1301 concernebant.
1781 1259 1910 1312 Legi-

140 1341 241 1373 mus
272 1329 530 1372 ministerio
561 1332 737 1372 tantum
770 1342 930 1383 regum
962 1330 1156 1372 Francie
1190 1333 1291 1372 octo
1322 1331 1537 1372 scismata
1569 1330 1729 1373 sedata
1761 1329 1908 1372 fuisse

139 1404 185 1444 et
216 1401 264 1443 in
296 1401 402 1444 aliis
435 1401 704 1443 resecandis
737 1413 927 1454 operam
962 1414 1148 1454 semper
1180 1414 1260 1444 eos
1292 1401 1480 1443 dedisse
1514 1400 1770 1443 efficacem.
1815 1401 1908 1442 Hec

140 1471 524 1519 christianissima
550 1472 713 1515 domus
738 1485 974 1525 nunquam
1003 1486 1028 1514 a
1054 1472 1150 1514 fide
1179 1472 1381 1514 deviavit
1408 1507 1415 1513 .
1453 1506 1459 1513 .
1497 1507 1504 1514 .
1544 1472 1638 1514 Hec
1663 1472 1909 1514 ecclesiam

140 1547 344 1586 sanctam
387 1544 471 1585 Dei
512 1556 654 1597 super
694 1544 847 1586 omnia
889 1543 1047 1596 seculi,
1089 1547 1136 1585 ut
1176 1544 1324 1597 inquit
1366 1543 1634 1597 Gregorius,
1678 1544 1724 1585 in
1766 1555 1909 1597 regno

140 1615 374 1657 exaltavit.
410 1614 556 1657 Huius
580 1618 733 1657 autem
758 1615 921 1657 domus
944 1615 1184 1668 perlucide
1209 1614 1330 1656 facta
1353 1615 1567 1668 preclara
1588 1615 1719 1656 nullo
1741 1614 1909 1656 melius

141 1686 289 1738 modo,
328 1686 477 1739 inquit
514 1686 779 1738 Petrarcha,
819 1698 956 1739 quam
997 1689 1184 1739 stupore
1224 1689 1268 1727 et
1307 1686 1500 1728 silencio
1538 1685 1767 1728 extollere
1805 1697 1909 1727 con-

140 1757 278 1799 venit.
331 1756 423 1799 Sed
464 1770 545 1799 cur
587 1757 775 1810 antiqua
816 1757 1133 1810 percurrimus
1174 1760 1434 1810 temporum
1477 1756 1735 1798 curricula?
1794 1756 1907 1798 Ecce

140 1827 306 1871 diebus
342 1828 514 1871 nostris
549 1828 746 1869 vidimus
783 1829 1026 1870 ecclesiam
1065 1827 1147 1869 Dei
1185 1841 1270 1880 per
1307 1841 1452 1870 annos
1487 1827 1675 1881 triginta
1709 1830 1754 1869 et
1788 1827 1907 1869 ultra

140 1899 389 1942 laceratam
420 1899 649 1942 scismatis
676 1899 966 1951 pestilencia.
1008 1899 1146 1952 Regis
1177 1899 1323 1940 nostri
1354 1900 1537 1951 iamque
1568 1898 1792 1940 dictorum
1824 1898 1910 1939 lili-

140 1973 316 2012 atorum
354 1969 615 2023 principum
653 1974 697 2012 et
733 1970 928 2012 ecclesie
968 1971 1099 2023 regni
1136 1973 1380 2023 procurata
1419 1969 1584 2012 sedulo
1620 1969 1802 2011 reunita
1839 1972 1908 2010 est

141 2042 306 2084 saltem
330 2042 523 2084 iuridice
545 2045 591 2084 et
613 2040 826 2095 debite.¹‘)
863 2041 1122 2094 Speratque
1146 2054 1231 2083 rex
1253 2041 1368 2094 ipse,
1393 2044 1584 2093 sperant
1605 2043 1650 2082 et
1672 2041 1909 2093 principes

140 2115 186 2154 et
219 2113 418 2155 ecclesia
454 2113 543 2155 iam
580 2113 685 2155 dicti
722 2112 1021 2155 ordinacione
1055 2113 1194 2155 huius
1231 2112 1530 2154 sacratissimi
1567 2111 1747 2153 concilii
1783 2123 1910 2153 sanc-

138 2183 362 2226 tissimam
389 2184 633 2226 ecclesiam
661 2183 809 2236 ipsam
837 2183 981 2226 eciam
1010 2184 1067 2226 de
1095 2183 1216 2225 facto
1242 2195 1356 2236 pace
1384 2182 1479 2224 frui
1502 2185 1748 2236 peroptata
1775 2182 1905 2224 brevi

140 2255 186 2296 in
216 2258 440 2308 tempore,
472 2254 733 2297 offerentes
766 2267 814 2298 se
847 2255 894 2296 in
923 2255 1014 2297 hiis
1044 2257 1138 2296 toto
1166 2267 1306 2308 posse
1337 2253 1661 2296 elaboraturos
1692 2253 1906 2295 feliciter.

138 2326 311 2368 Verum
351 2326 459 2379 quia
495 2339 583 2379 pro
621 2326 745 2368 felici
787 2327 1031 2379 votivoque
1071 2327 1410 2378 complemento
1446 2324 1783 2378 premissorum
1823 2336 1907 2365 rex

139 2396 238 2450 ipse
270 2398 513 2450 preclarus
545 2410 645 2439 cum
679 2398 874 2450 prelatis
905 2400 950 2439 et
981 2398 1107 2439 clero
1140 2397 1270 2450 regni
1305 2397 1375 2438 sui
1410 2396 1674 2438 accuracius
1708 2394 1906 2448 quedam

138 2480 230 2510 non
262 2481 427 2522 parum
459 2468 651 2522 negocio
682 2467 895 2521 proficua
928 2471 1108 2510 maturo
1139 2467 1398 2520 prehabito,
1431 2467 1495 2509 uti
1528 2479 1666 2509 cause
1699 2466 1909 2519 exposcit

140 2538 352 2592 qualitas,
402 2539 596 2583 consilio
646 2539 873 2582 advisavit
924 2543 968 2581 et
1018 2551 1119 2581 eam
1173 2539 1218 2580 in
1260 2539 1444 2591 scriptis
1484 2537 1631 2591 redigi
1673 2540 1808 2590 atque
1849 2536 1904 2578 ad

140 2614 340 2653 vestram
373 2611 586 2653 noticiam
622 2610 786 2652 deduci
822 2610 1068 2662 mandavit,
1104 2648 1111 2653 .
1149 2644 1156 2651 .
1193 2644 1200 2651 .
1236 2612 1444 2661 exorant,
1479 2611 1728 2661 precantur
1761 2610 1805 2649 et
1839 2619 1907 2647 re-

139 2682 341 2734 quirunt,
371 2681 493 2735 quod
521 2682 640 2735 circa
670 2681 998 2723 execucionem
1026 2681 1225 2723 votivam
1254 2680 1568 2723 advisatorum
1595 2678 1701 2721 totis
1729 2677 1906 2719 viribus

140 2752 383 2795 intendere
413 2753 598 2806 curetis,
628 2753 969 2805 proclamantes
999 2765 1081 2794 rex
1113 2752 1212 2805 ipse
1241 2754 1286 2793 et
1316 2751 1386 2793 sui
1417 2750 1546 2804 regni
1578 2748 1774 2791 ecclesia
1804 2760 1904 2789 cum

138 2822 383 2876 propheta:
436 2823 619 2876 Dissipa
652 2823 992 2876 colligaciones.
1040 2823 1240 2876 Dissipa,
1275 2822 1476 2874 inquam,
1510 2834 1536 2862 o
1567 2822 1700 2873 pater
1734 2821 1904 2863 sancte.

139 2896 185 2935 et
221 2896 563 2936 sacrosanctum
602 2894 845 2936 concilium
884 2897 975 2936 tam
1015 2894 1170 2935 debite
1209 2896 1394 2945 tamque
1435 2890 1737 2941 sollemniter,
1778 2889 1839 2930 uti
1879 2902 1902 2930 a

139 2965 295 3006 seculo
324 2968 396 3006 est
424 2964 645 3016 auditum,
675 2965 760 3006 hoc
793 2965 837 3005 in
870 2965 969 3005 loco
1001 2963 1274 3006 Constancie
1307 2964 1647 3015 congregatum,
1678 2958 1904 3012 colligaci-

245 3074 275 3098 ίῑ)
300 3069 342 3094 lla·
361 3075 405 3095 8¹1.
463 3069 493 3098 1η
520 3070 559 3091 Nn
581 3069 638 3094 tlon*
661 3070 743 3095 ΝαΙΞ.
