2102 3444
255 122 338 164 142
788 121 813 155 I.
840 120 1051 156 Abschnitt.
1090 120 1490 165 Konzilstagebiicher.

254 240 475 282 naciones
505 243 550 282 et
579 239 824 293 collegium
855 238 1176 292 cardinalium,
1206 239 1315 292 quia
1345 239 1402 281 de
1432 239 1639 292 qualibet
1667 239 1862 281 nacione
1892 240 2027 280 erant

255 310 453 365 aliquia)
499 311 553 352 Et
583 309 912 352 commiserunt
943 309 1001 352 ad
1031 309 1296 351 faciendum
1330 309 1713 352 informacionem
1744 311 1902 351 contra
1931 320 2027 350 car-

256 381 438 423 dinales
475 384 519 423 et
558 381 688 434 aliOS,
725 393 841 433 quos
876 381 1102 422 vocabant
1137 380 1401 423 turbatores
1434 380 1632 432 concilii,
1668 383 1714 422 et
1747 378 2026 433 capiendum

255 463 336 494 eos
364 452 449 494 sub
475 455 693 504 pretextu
719 451 899 493 iusticie
927 454 971 493 et
998 450 1201 503 equitate
1230 450 1457 493 simulata.
1497 451 1551 493 Et
1577 451 1634 492 de
1662 450 1784 492 facto
1808 449 1898 492 fuit
1922 462 2026 503 pro-

254 535 435 564 cessum
467 522 525 564 ad
554 521 917 564 examinandum
947 525 1091 564 testes
1121 534 1206 575 per
1237 522 1506 575 episcopum
1539 521 1916 574 Traguriensem,
1947 520 2025 574 qui

255 596 325 635 est
350 592 597 635 familiaris
622 592 761 646 regis,
786 596 830 634 et
855 592 998 634 multa
1024 592 1143 634 dicta
1169 595 1275 634 sunt
1300 592 1357 633 de
1381 593 1591 645 perIculo
1617 594 1662 633 et
1688 590 1922 633 scandalis
1947 591 2027 632 im-

255 663 539 706 minentibus
565 662 767 717 propter
785 663 901 705 iram
927 664 1052 716 regis
1111 662 1332 715 Multique
1361 662 1583 705 Germani
1612 663 1812 704 scientes
1839 661 1897 704 de
1923 673 2027 704 con-

256 735 376 777 siliis
401 734 525 787 regis
551 735 841 787 scripserunt
866 737 1044 776 secrete
1071 733 1260 775 cedulas
1287 733 1522 786 aliquibus
1548 732 1879 786 cardinalibus,
1904 732 2027 785 quod

255 806 398 847 multa
436 808 480 847 et
516 804 935 858 irreconparabilia
972 804 1191 847 scandala
1231 804 1533 857 inminebant,
1571 804 1661 845 nisi
1700 802 2028 857 provideretur

255 875 486 928 celeriter,
528 879 573 917 et
612 875 804 917 fuerunt
844 878 1032 928 reperte
1074 876 1228 916 littere
1271 874 1609 917 commissionis
1651 874 1709 916 ad
1749 873 2026 927 capiendum

253 937 533 1000 cardinales,
557 949 606 988 ut
631 944 927 1000 proferturfi’)

376 1028 460 1071 Die
494 1029 724 1070 dominica
756 1028 860 1070 XII.
893 1028 1183 1081 Septembris
1216 1027 1533 1069 cardinalibus
1566 1030 1611 1069 et
1644 1027 1877 1080 deputatis
1909 1025 2030 1069 naci-

257 1112 395 1141 onum
422 1099 576 1141 Ytalie
603 1102 648 1141 et
674 1099 827 1141 Gallie
855 1098 1145 1152 congregatis
1171 1098 1218 1140 in
1243 1098 1437 1152 palacio,
1464 1099 1591 1140 venit
1618 1097 1677 1140 ad
1700 1110 1783 1140 eos
1809 1096 2030 1151 magister

257 1170 423 1212 civium
450 1182 551 1212 cum
577 1169 793 1223 pluribus
819 1169 998 1212 civibus
1024 1173 1069 1212 et
1094 1170 1311 1222 exposuit
1336 1170 1405 1211 eis
1433 1181 1518 1222 per
1544 1169 1864 1222 interpretem,
1892 1167 2029 1221 quod,

258 1242 364 1283 licet
388 1241 570 1294 pluries
596 1240 816 1282 dixerunt
844 1253 894 1282 se
920 1240 1044 1282 velle
1072 1243 1234 1282 tenere
1262 1252 1343 1282 eos
1371 1252 1560 1282 securos
1587 1242 1632 1281 et
1658 1239 1848 1292 liberos,
1874 1241 2029 1281 tamen

257 1311 581 1365 intelligebant
605 1311 692 1353 hoc
719 1310 975 1353 secundum
1002 1324 1136 1353 suum
1163 1322 1317 1365 posse,
1345 1311 1454 1352 item
1481 1323 1575 1352 non
1602 1312 1760 1352 contra
1787 1309 2029 1352 iusticiam.

257 1383 347 1424 Per
393 1395 482 1436 que
530 1382 794 1424 cardinales
841 1381 1091 1424 manifeste
1138 1384 1466 1435 perceperunt,
1513 1380 1638 1434 quod
1683 1380 1769 1422 hec
1814 1379 2030 1422 dicebant

256 1456 448 1506 propter
469 1453 732 1506 potenciam
754 1453 880 1506 regis
903 1455 947 1494 et
969 1455 1162 1506 propter
1183 1452 1290 1494 illas
1314 1451 1688 1494 machinaciones
1710 1450 1926 1505 capiendi
1947 1463 2029 1493 eos

257 1524 342 1566 sub
369 1524 672 1566 simulacione
700 1523 894 1565 iusticie.
934 1522 1039 1565 Fuit
1065 1523 1135 1565 eis
1150 1522 1344 1564 multum
1359 1522 1601 1575 eleganter
1617 1533 1896 1575 responsum
1911 1524 1957 1563 et
1971 1520 2029 1562 de

255 1607 394 1648 posse
420 1598 465 1636 et
489 1595 546 1637 de
571 1594 753 1637 iusticia
777 1597 824 1636 et
838 1597 1091 1646 ostensum,
1106 1592 1231 1646 quod
1246 1593 1315 1634 illi
1330 1592 1507 1646 civesf)
1528 1592 1606 1645 qui
1621 1592 1856 1634 debebant
1871 1604 1952 1634 eos
1966 1594 2031 1633 te-

257 1678 371 1707 nere
396 1678 600 1719 securos,
622 1665 916 1707 lncucIebant
938 1664 1007 1707 eis
1029 1664 1257 1717 timorem,
1280 1676 1382 1705 cum
1405 1664 1523 1706 alias
1546 1662 1777 1706 dixissent
1799 1675 1849 1706 se
1870 1665 2030 1716 poten-

256 1740 341 1789 tes,
363 1739 408 1779 et
429 1736 552 1789 quod
573 1736 770 1789 quilibet
791 1738 917 1777 esset
938 1736 1000 1777 ita
1022 1747 1215 1778 securus
1237 1735 1352 1777 sicut
1373 1734 1420 1776 in
1441 1734 1577 1776 domo
1596 1747 1696 1776 sua.
1734 1734 1846 1776 Item
1868 1733 1926 1775 de
1947 1733 2029 1776 illa

258 1807 473 1849 simulata
509 1806 690 1849 iusticia
725 1807 869 1848 multa
905 1806 1023 1848 dicta
1058 1806 1250 1847 fuerunt
1285 1809 1329 1847 et
1364 1806 1645 1857 conclusum,
1680 1804 1804 1858 quod
1837 1807 2030 1858 propter

256 1878 375 1920 tales
400 1878 551 1920 minas
577 1880 622 1919 et
646 1877 836 1919 timores
864 1878 1075 1919 incussos
1100 1889 1254 1929 neque
1281 1879 1474 1930 propter
1499 1875 1887 1929 machinaciones,
1914 1886 2029 1928 quas

257 1949 466 1991 sciebant
489 1947 753 1990 cardinales
779 1947 888 1989 fieri
913 1951 1072 1989 contra
1098 1960 1193 2000 eos,
1218 1959 1312 1988 non
1338 1946 1624 1988 dimitterent
1647 1946 2028 2000 prosecucionem

258 2019 444 2061 unionis
467 2018 664 2061 ecclesie
689 2031 837 2071 usque
863 2018 921 2060 ad
945 2021 1139 2059 mortem
1164 2020 1209 2059 et
1231 2017 1480 2070 portabant
1504 2017 1736 2070 capellum
1761 2016 1958 2058 rubeum
1982 2015 2029 2057 in

258 2090 439 2143 signum
463 2089 675 2142 martirii,
701 2089 739 2131 si
764 2101 881 2142 opus
905 2091 1044 2141 esset,
1070 2100 1155 2141 pro
1179 2089 1377 2130 ecclesia
1403 2087 1488 2129 Dei
1511 2100 1597 2129 nec
1621 2087 1679 2129 de
1704 2087 1861 2140 aliquo
1885 2090 2030 2129 terre-

257 2162 439 2203 bantur.
476 2161 529 2202 Et
553 2163 678 2202 esset
701 2160 781 2201 illa
807 2158 1059 2212 ignominia
1080 2158 1266 2210 civitati,
1292 2158 1329 2200 si
1354 2158 1399 2199 in
1425 2158 1505 2200 illa
1530 2161 1575 2200 et
1597 2157 1683 2200 sub
1708 2158 1836 2200 illius
1859 2156 2030 2199 securi-

257 2234 348 2274 tate
383 2234 677 2284 caperentur.
725 2229 955 2283 Apparuit
989 2232 1157 2281 autem,
1193 2229 1316 2281 quod
1351 2229 1475 2270 cives
1511 2228 1580 2269 illi
1614 2228 1837 2270 tenebant
1870 2230 2029 2281 partes

258 2302 382 2355 regis
407 2305 451 2343 et
476 2314 623 2355 pauca
649 2313 758 2354 spes
782 2299 940 2342 habita
964 2303 1035 2342 est
1061 2302 1223 2353 postea
1249 2299 1305 2340 de
1335 2299 1521 2340 illorum
1546 2298 1847 2352 protectione.

377 2383 461 2425 Die
486 2385 595 2425 lune
620 2383 750 2425 XIII.
774 2381 1064 2435 Septembris
1088 2380 1351 2423 cardinales
1377 2384 1422 2422 et
1446 2380 1536 2422 due
1561 2381 1783 2422 naciones
1807 2379 1960 2422 Ytalie
1984 2382 2029 2421 et

259 2454 412 2496 Gallie
434 2453 660 2495 miserunt
682 2453 741 2495 ad
761 2452 1058 2506 presidentes
1081 2451 1332 2494 Germanie
1354 2454 1399 2493 et
1420 2451 1588 2504 Anglie
1609 2451 1912 2493 exhortantes
1933 2462 2029 2503 eos,

257 2525 476 2577 quatinus
511 2525 748 2566 mitterent
784 2523 966 2576 aliquos
1003 2523 1061 2565 ad
1096 2522 1404 2574 Castellanos,
1441 2522 1519 2574 qui
1557 2525 1691 2563 erant
1727 2522 1943 2563 arrestati
1981 2521 2028 2562 in

257 2607 402 2648 parvo
429 2594 568 2647 opido
596 2594 654 2637 ad
680 2606 822 2636 unum
850 2593 1032 2635 miliare
1061 2593 1118 2634 de
1148 2591 1437 2644 Constancia,
1463 2595 1512 2633 ut
1540 2592 1717 2633 vellent
1743 2591 1931 2644 reverti,
1960 2593 2029 2634 set

258 2665 439 2707 mittere
473 2665 738 2706 noluerunt.
784 2663 1060 2706 Cardinales
1092 2675 1205 2705 vero
1236 2666 1280 2704 et
1312 2662 1392 2703 ille
1426 2662 1515 2704 due
1548 2662 1770 2704 naciones
1802 2662 2029 2704 miserunt

258 2735 543 2777 cardinalem
573 2735 630 2777 de
660 2735 789 2777 Fuxo
818 2738 863 2776 et
891 2734 1290 2787 archiepiscopum
1321 2733 1660 2774 Bituricensem
1689 2735 1733 2775 et
1763 2732 1880 2774 alios
1908 2731 2029 2785 epis-

257 2819 397 2859 copos
429 2809 474 2848 et
507 2805 732 2847 doctores.
778 2805 871 2847 Sed
901 2805 1153 2846 noluerunt
1186 2803 1441 2846 Castellani
1476 2803 1649 2844 reverti
1682 2802 1773 2845 nisi
1805 2802 1927 2845 facta
1959 2801 2028 2843 eis

258 2876 439 2918 iusticia
471 2876 529 2918 de
560 2875 856 2929 presidencia
886 2878 931 2916 et
962 2874 1205 2917 certificati
1238 2874 1296 2915 de
1328 2873 1463 2915 modo
1495 2872 1754 2917 eleccionis.
1801 2871 2029 2915 Promise-

364 3033 394 3060 ει)
416 3026 659 3060 ltorriyierende
680 3026 778 3052 Ilum!
801 3026 874 3059 fiiyt
897 3026 919 3052 C
941 3024 969 3051 d.
985 3023 1171 3051 cardinales
1186 3025 1289 3052 hinxu.
1331 3024 1364 3057 b)
1385 3026 1418 3051 et
1433 3044 1439 3050 .
1454 3043 1459 3049 .
1475 3044 1481 3050 .
1495 3024 1664 3058 profertur
1677 3022 1758 3057 fehlt
1772 3024 1809 3050 B.
1848 3027 1877 3057 c)
1897 3022 1977 3056 fehlt
1992 3023 2030 3050 B.
