<?xml version="1.0" encoding="UTF-8"?>
<!DOCTYPE html PUBLIC "-//W3C//DTD XHTML 1.0 Transitional//EN"
    "http://www.w3.org/TR/xhtml1/DTD/xhtml1-transitional.dtd">
<html xmlns="http://www.w3.org/1999/xhtml" xml:lang="en" lang="en">
 <head>
  <title>
</title>
<meta http-equiv="Content-Type" content="text/html;charset=utf-8" />
  <meta name='ocr-system' content='tesseract 3.04.00' />
  <meta name='ocr-capabilities' content='ocr_page ocr_carea ocr_par ocr_line ocrx_word'/>
</head>
<body>
  <div class='ocr_page' id='page_1' title='image "./actaconciliicons02counuoft/actaconciliicons02counuoft_0248.png"; bbox 0 0 2102 3444; ppageno 0'>
   <div class='ocr_carea' id='block_1_1' title="bbox 246 137 1483 183">
    <p class='ocr_par' dir='ltr' id='par_1_1' title="bbox 246 137 1483 183">
     <span class='ocr_line' id='line_1_1' title="bbox 246 137 1483 183; baseline -0.001 -10"><span class='ocrx_word' id='word_1_1' title='bbox 246 139 332 182; x_wconf 82' lang='lat'>234</span> <span class='ocrx_word' id='word_1_2' title='bbox 783 139 807 173; x_wconf 90' lang='grc' dir='ltr'>Ι,</span> <span class='ocrx_word' id='word_1_3' title='bbox 835 137 1045 174; x_wconf 85' lang='lat' dir='ltr'>Abschnitt.</span> <span class='ocrx_word' id='word_1_4' title='bbox 1084 137 1483 183; x_wconf 85' lang='lat' dir='ltr'>Konzilstagebiicher.</span> 
     </span>
    </p>
   </div>
   <div class='ocr_carea' id='block_1_2' title="bbox 248 257 2027 2796">
    <p class='ocr_par' dir='ltr' id='par_1_2' title="bbox 248 257 2024 1234">
     <span class='ocr_line' id='line_1_2' title="bbox 248 257 2016 301; baseline 0.001 -1"><span class='ocrx_word' id='word_1_5' title='bbox 248 258 426 301; x_wconf 91' lang='lat' dir='ltr'>toribus</span> <span class='ocrx_word' id='word_1_6' title='bbox 451 260 496 301; x_wconf 85' lang='lat' dir='ltr'>et</span> <span class='ocrx_word' id='word_1_7' title='bbox 519 258 625 301; x_wconf 91' lang='lat' dir='ltr'>aliis</span> <span class='ocrx_word' id='word_1_8' title='bbox 650 258 696 299; x_wconf 94' lang='lat' dir='ltr'>in</span> <span class='ocrx_word' id='word_1_9' title='bbox 720 269 852 300; x_wconf 91' lang='lat' dir='ltr'>sacro</span> <span class='ocrx_word' id='word_1_10' title='bbox 877 257 1228 300; x_wconf 88' lang='lat' dir='ltr'>Constanciensi</span> <span class='ocrx_word' id='word_1_11' title='bbox 1254 257 1448 300; x_wconf 85' lang='lat' dir='ltr'>concilio</span> <span class='ocrx_word' id='word_1_12' title='bbox 1471 257 1780 301; x_wconf 85' lang='lat' dir='ltr'>existentibus</span> <span class='ocrx_word' id='word_1_13' title='bbox 1803 257 1851 300; x_wconf 93' lang='lat' dir='ltr'>in</span> <span class='ocrx_word' id='word_1_14' title='bbox 1874 258 2016 301; x_wconf 88' lang='lat' dir='ltr'>eccle-</span> 
     </span>
     <span class='ocr_line' id='line_1_3' title="bbox 248 327 2016 381; baseline 0 -11"><span class='ocrx_word' id='word_1_15' title='bbox 248 329 315 371; x_wconf 87' lang='lat' dir='ltr'>sia</span> <span class='ocrx_word' id='word_1_16' title='bbox 344 328 599 371; x_wconf 77' lang='lat' dir='ltr'>cathedrali</span> <span class='ocrx_word' id='word_1_17' title='bbox 628 327 979 371; x_wconf 87' lang='lat' dir='ltr'>Constanciensi</span> <span class='ocrx_word' id='word_1_18' title='bbox 1006 327 1236 381; x_wconf 89' lang='lat' dir='ltr'>premissa</span> <span class='ocrx_word' id='word_1_19' title='bbox 1262 340 1347 381; x_wconf 93' lang='lat' dir='ltr'>per</span> <span class='ocrx_word' id='word_1_20' title='bbox 1375 328 1416 371; x_wconf 91' lang='lat' dir='ltr'>d.</span> <span class='ocrx_word' id='word_1_21' title='bbox 1445 328 1709 371; x_wconf 84' lang='lat' dir='ltr'>cardinales</span> <span class='ocrx_word' id='word_1_22' title='bbox 1734 331 1780 371; x_wconf 90' lang='lat' dir='ltr'>et</span> <span class='ocrx_word' id='word_1_23' title='bbox 1807 331 2016 372; x_wconf 88' lang='lat' dir='ltr'>oratores</span> 
     </span>
     <span class='ocr_line' id='line_1_4' title="bbox 249 398 2018 452; baseline 0.001 -12"><span class='ocrx_word' id='word_1_24' title='bbox 249 400 370 452; x_wconf 86' lang='lat' dir='ltr'>regis</span> <span class='ocrx_word' id='word_1_25' title='bbox 403 399 596 441; x_wconf 91' lang='lat' dir='ltr'>Francie</span> <span class='ocrx_word' id='word_1_26' title='bbox 628 398 969 452; x_wconf 86' lang='lat' dir='ltr'>protestacione</span> <span class='ocrx_word' id='word_1_27' title='bbox 1002 398 1049 440; x_wconf 93' lang='lat' dir='ltr'>in</span> <span class='ocrx_word' id='word_1_28' title='bbox 1080 410 1263 441; x_wconf 89' lang='lat' dir='ltr'>camera</span> <span class='ocrx_word' id='word_1_29' title='bbox 1295 402 1672 452; x_wconf 83' lang='lat' dir='ltr'>paramentorum</span> <span class='ocrx_word' id='word_1_30' title='bbox 1705 398 1872 452; x_wconf 84' lang='lat' dir='ltr'>palacii</span> <span class='ocrx_word' id='word_1_31' title='bbox 1903 399 2018 442; x_wconf 93' lang='lat' dir='ltr'>Con-</span> 
     </span>
     <span class='ocr_line' id='line_1_5' title="bbox 249 469 2017 526; baseline 0.001 -15"><span class='ocrx_word' id='word_1_32' title='bbox 249 470 524 512; x_wconf 89' lang='lat' dir='ltr'>stanciensis</span> <span class='ocrx_word' id='word_1_33' title='bbox 565 473 744 526; x_wconf 87' lang='lat' dir='ltr'>secrete</span> <span class='ocrx_word' id='word_1_34' title='bbox 782 469 917 522; x_wconf 83' lang='lat' dir='ltr'>facta,</span> <span class='ocrx_word' id='word_1_35' title='bbox 957 469 1079 522; x_wconf 89' lang='lat' dir='ltr'>quod</span> <span class='ocrx_word' id='word_1_36' title='bbox 1117 472 1309 523; x_wconf 88' lang='lat' dir='ltr'>propter</span> <span class='ocrx_word' id='word_1_37' title='bbox 1347 469 1615 512; x_wconf 88' lang='lat' dir='ltr'>scandalum</span> <span class='ocrx_word' id='word_1_38' title='bbox 1654 469 1921 512; x_wconf 91' lang='lat' dir='ltr'>evitandum</span> <span class='ocrx_word' id='word_1_39' title='bbox 1958 470 2017 513; x_wconf 88' lang='lat' dir='ltr'>ad</span> 
     </span>
     <span class='ocr_line' id='line_1_6' title="bbox 250 540 2018 594; baseline -0.001 -11"><span class='ocrx_word' id='word_1_40' title='bbox 250 541 508 584; x_wconf 86' lang='lat' dir='ltr'>sessionem</span> <span class='ocrx_word' id='word_1_41' title='bbox 544 541 685 593; x_wconf 82' lang='lat' dir='ltr'>ibant,</span> <span class='ocrx_word' id='word_1_42' title='bbox 720 553 812 582; x_wconf 92' lang='lat' dir='ltr'>non</span> <span class='ocrx_word' id='word_1_43' title='bbox 849 541 1003 582; x_wconf 91' lang='lat' dir='ltr'>animo</span> <span class='ocrx_word' id='word_1_44' title='bbox 1039 540 1360 583; x_wconf 90' lang='lat' dir='ltr'>consentiendi</span> <span class='ocrx_word' id='word_1_45' title='bbox 1394 540 1500 594; x_wconf 91' lang='lat' dir='ltr'>hiis,</span> <span class='ocrx_word' id='word_1_46' title='bbox 1536 553 1625 593; x_wconf 94' lang='lat' dir='ltr'>que</span> <span class='ocrx_word' id='word_1_47' title='bbox 1662 540 1936 583; x_wconf 91' lang='lat' dir='ltr'>audiverant</span> <span class='ocrx_word' id='word_1_48' title='bbox 1971 540 2018 582; x_wconf 91' lang='lat' dir='ltr'>in</span> 
     </span>
     <span class='ocr_line' id='line_1_7' title="bbox 252 610 2020 665; baseline -0.001 -11"><span class='ocrx_word' id='word_1_49' title='bbox 252 612 352 664; x_wconf 91' lang='lat' dir='ltr'>ipsa</span> <span class='ocrx_word' id='word_1_50' title='bbox 382 612 517 654; x_wconf 89' lang='lat' dir='ltr'>statui</span> <span class='ocrx_word' id='word_1_51' title='bbox 551 611 740 664; x_wconf 90' lang='lat' dir='ltr'>debere,</span> <span class='ocrx_word' id='word_1_52' title='bbox 771 611 970 653; x_wconf 85' lang='lat' dir='ltr'>maxime</span> <span class='ocrx_word' id='word_1_53' title='bbox 1001 611 1124 664; x_wconf 92' lang='lat' dir='ltr'>quod</span> <span class='ocrx_word' id='word_1_54' title='bbox 1155 611 1195 653; x_wconf 93' lang='lat' dir='ltr'>d.</span> <span class='ocrx_word' id='word_1_55' title='bbox 1226 614 1385 654; x_wconf 90' lang='lat' dir='ltr'>noster</span> <span class='ocrx_word' id='word_1_56' title='bbox 1414 624 1535 665; x_wconf 86' lang='lat' dir='ltr'>papa</span> <span class='ocrx_word' id='word_1_57' title='bbox 1567 614 1611 653; x_wconf 92' lang='lat' dir='ltr'>et</span> <span class='ocrx_word' id='word_1_58' title='bbox 1642 610 1720 654; x_wconf 92' lang='lat' dir='ltr'>alii</span> <span class='ocrx_word' id='word_1_59' title='bbox 1750 611 1797 653; x_wconf 92' lang='lat' dir='ltr'>in</span> <span class='ocrx_word' id='word_1_60' title='bbox 1827 611 2020 654; x_wconf 88' lang='lat' dir='ltr'>concilio</span> 
     </span>
     <span class='ocr_line' id='line_1_8' title="bbox 249 682 2019 736; baseline 0 -12"><span class='ocrx_word' id='word_1_61' title='bbox 249 683 506 725; x_wconf 85' lang='lat' dir='ltr'>existentes</span> <span class='ocrx_word' id='word_1_62' title='bbox 543 683 589 723; x_wconf 94' lang='lat' dir='ltr'>in</span> <span class='ocrx_word' id='word_1_63' title='bbox 625 683 766 736; x_wconf 93' lang='lat' dir='ltr'>plena</span> <span class='ocrx_word' id='word_1_64' title='bbox 802 682 1048 725; x_wconf 86' lang='lat' dir='ltr'>securitate</span> <span class='ocrx_word' id='word_1_65' title='bbox 1083 682 1284 735; x_wconf 80' lang='lat' dir='ltr'>fuerant,</span> <span class='ocrx_word' id='word_1_66' title='bbox 1321 695 1517 736; x_wconf 92' lang='lat' dir='ltr'>quorum</span> <span class='ocrx_word' id='word_1_67' title='bbox 1551 683 1689 735; x_wconf 91' lang='lat' dir='ltr'>plura</span> <span class='ocrx_word' id='word_1_68' title='bbox 1725 684 1893 725; x_wconf 89' lang='lat' dir='ltr'>statuta</span> <span class='ocrx_word' id='word_1_69' title='bbox 1925 694 2019 725; x_wconf 92' lang='lat' dir='ltr'>non</span> 
     </span>
     <span class='ocr_line' id='line_1_9' title="bbox 252 752 2022 807; baseline 0.001 -13"><span class='ocrx_word' id='word_1_70' title='bbox 252 756 370 807; x_wconf 85' lang='lat' dir='ltr'>sunt,</span> <span class='ocrx_word' id='word_1_71' title='bbox 399 753 482 795; x_wconf 89' lang='lat' dir='ltr'>sed</span> <span class='ocrx_word' id='word_1_72' title='bbox 509 753 567 795; x_wconf 93' lang='lat' dir='ltr'>ad</span> <span class='ocrx_word' id='word_1_73' title='bbox 593 752 852 796; x_wconf 88' lang='lat' dir='ltr'>sessionem</span> <span class='ocrx_word' id='word_1_74' title='bbox 880 753 1019 796; x_wconf 89' lang='lat' dir='ltr'>aliam</span> <span class='ocrx_word' id='word_1_75' title='bbox 1045 756 1299 806; x_wconf 90' lang='lat' dir='ltr'>reservata,</span> <span class='ocrx_word' id='word_1_76' title='bbox 1326 752 1514 796; x_wconf 90' lang='lat' dir='ltr'>tandem</span> <span class='ocrx_word' id='word_1_77' title='bbox 1541 752 1699 806; x_wconf 88' lang='lat' dir='ltr'>quinta</span> <span class='ocrx_word' id='word_1_78' title='bbox 1727 752 1876 796; x_wconf 90' lang='lat' dir='ltr'>sessio</span> <span class='ocrx_word' id='word_1_79' title='bbox 1903 753 2022 796; x_wconf 90' lang='lat' dir='ltr'>cele-</span> 
     </span>
     <span class='ocr_line' id='line_1_10' title="bbox 253 823 2022 878; baseline 0.001 -13"><span class='ocrx_word' id='word_1_80' title='bbox 253 824 382 867; x_wconf 85' lang='lat' dir='ltr'>brata</span> <span class='ocrx_word' id='word_1_81' title='bbox 408 826 491 866; x_wconf 87' lang='lat' dir='ltr'>est.</span> <span class='ocrx_word' id='word_1_82' title='bbox 529 823 714 866; x_wconf 84' lang='lat' dir='ltr'>RevmuS</span> <span class='ocrx_word' id='word_1_83' title='bbox 741 836 829 877; x_wconf 92' lang='lat' dir='ltr'>que</span> <span class='ocrx_word' id='word_1_84' title='bbox 858 825 904 866; x_wconf 91' lang='lat' dir='ltr'>in</span> <span class='ocrx_word' id='word_1_85' title='bbox 931 824 1037 867; x_wconf 91' lang='lat' dir='ltr'>Chr.</span> <span class='ocrx_word' id='word_1_86' title='bbox 1064 837 1107 878; x_wconf 91' lang='lat' dir='ltr'>p.</span> <span class='ocrx_word' id='word_1_87' title='bbox 1135 824 1176 866; x_wconf 94' lang='lat' dir='ltr'>d.</span> <span class='ocrx_word' id='word_1_88' title='bbox 1204 824 1438 867; x_wconf 84' lang='lat' dir='ltr'>Jordanus</span> <span class='ocrx_word' id='word_1_89' title='bbox 1463 824 1711 877; x_wconf 89' lang='lat' dir='ltr'>episcopus</span> <span class='ocrx_word' id='word_1_90' title='bbox 1736 823 2022 867; x_wconf 89' lang='lat' dir='ltr'>Albanensis</span> 
     </span>
     <span class='ocr_line' id='line_1_11' title="bbox 251 894 2021 948; baseline -0.001 -11"><span class='ocrx_word' id='word_1_91' title='bbox 251 895 502 938; x_wconf 87' lang='lat' dir='ltr'>cardinalis</span> <span class='ocrx_word' id='word_1_92' title='bbox 530 894 586 937; x_wconf 91' lang='lat' dir='ltr'>de</span> <span class='ocrx_word' id='word_1_93' title='bbox 613 894 798 937; x_wconf 91' lang='lat' dir='ltr'>Ursinis</span> <span class='ocrx_word' id='word_1_94' title='bbox 824 894 871 936; x_wconf 92' lang='lat' dir='ltr'>in</span> <span class='ocrx_word' id='word_1_95' title='bbox 898 894 1000 948; x_wconf 89' lang='lat' dir='ltr'>ipsa</span> <span class='ocrx_word' id='word_1_96' title='bbox 1027 895 1238 938; x_wconf 90' lang='lat' dir='ltr'>sessione</span> <span class='ocrx_word' id='word_1_97' title='bbox 1264 894 1476 948; x_wconf 89' lang='lat' dir='ltr'>presedit</span> <span class='ocrx_word' id='word_1_98' title='bbox 1503 898 1549 937; x_wconf 92' lang='lat' dir='ltr'>et</span> <span class='ocrx_word' id='word_1_99' title='bbox 1573 903 1743 936; x_wconf 74' lang='lat' dir='ltr'>revmus</span> <span class='ocrx_word' id='word_1_100' title='bbox 1769 894 1816 936; x_wconf 94' lang='lat' dir='ltr'>in</span> <span class='ocrx_word' id='word_1_101' title='bbox 1844 894 1950 937; x_wconf 89' lang='lat' dir='ltr'>Chr.</span> <span class='ocrx_word' id='word_1_102' title='bbox 1977 907 2021 948; x_wconf 91' lang='lat' dir='ltr'>p.</span> 
     </span>
     <span class='ocr_line' id='line_1_12' title="bbox 252 965 2021 1019; baseline 0 -12"><span class='ocrx_word' id='word_1_103' title='bbox 252 966 291 1010; x_wconf 90' lang='lat' dir='ltr'>d.</span> <span class='ocrx_word' id='word_1_104' title='bbox 333 966 713 1019; x_wconf 88' lang='lat' dir='ltr'>archiepiscopus</span> <span class='ocrx_word' id='word_1_105' title='bbox 749 966 996 1009; x_wconf 87' lang='lat' dir='ltr'>Remensis</span> <span class='ocrx_word' id='word_1_106' title='bbox 1034 965 1221 1009; x_wconf 91' lang='lat' dir='ltr'>missam</span> <span class='ocrx_word' id='word_1_107' title='bbox 1260 965 1514 1008; x_wconf 87' lang='lat' dir='ltr'>celebravit</span> <span class='ocrx_word' id='word_1_108' title='bbox 1549 977 1731 1008; x_wconf 90' lang='lat' dir='ltr'>necnon</span> <span class='ocrx_word' id='word_1_109' title='bbox 1770 974 1940 1007; x_wconf 81' lang='lat' dir='ltr'>revmus</span> <span class='ocrx_word' id='word_1_110' title='bbox 1975 965 2021 1007; x_wconf 91' lang='lat' dir='ltr'>in</span> 
     </span>
     <span class='ocr_line' id='line_1_13' title="bbox 253 1035 2023 1090; baseline -0.001 -11"><span class='ocrx_word' id='word_1_111' title='bbox 253 1037 358 1079; x_wconf 89' lang='lat' dir='ltr'>Chr.</span> <span class='ocrx_word' id='word_1_112' title='bbox 397 1050 440 1090; x_wconf 92' lang='lat' dir='ltr'>p.</span> <span class='ocrx_word' id='word_1_113' title='bbox 480 1037 522 1079; x_wconf 93' lang='lat' dir='ltr'>d.</span> <span class='ocrx_word' id='word_1_114' title='bbox 559 1037 775 1079; x_wconf 91' lang='lat' dir='ltr'>Andreas</span> <span class='ocrx_word' id='word_1_115' title='bbox 812 1036 1051 1080; x_wconf 87' lang='lat' dir='ltr'>Lascharii</span> <span class='ocrx_word' id='word_1_116' title='bbox 1090 1038 1266 1079; x_wconf 88' lang='lat' dir='ltr'>electus</span> <span class='ocrx_word' id='word_1_117' title='bbox 1304 1036 1657 1079; x_wconf 88' lang='lat' dir='ltr'>Potznaniensis</span> <span class='ocrx_word' id='word_1_118' title='bbox 1695 1039 1800 1090; x_wconf 91' lang='lat' dir='ltr'>post</span> <span class='ocrx_word' id='word_1_119' title='bbox 1836 1035 2023 1079; x_wconf 82' lang='lat' dir='ltr'>finitum</span> 
     </span>
     <span class='ocr_line' id='line_1_14' title="bbox 251 1107 2024 1162; baseline -0.001 -11"><span class='ocrx_word' id='word_1_120' title='bbox 251 1107 461 1153; x_wconf 80' lang='lat' dir='ltr'>officium</span> <span class='ocrx_word' id='word_1_121' title='bbox 486 1107 813 1161; x_wconf 88' lang='lat' dir='ltr'>pronunciavit</span> <span class='ocrx_word' id='word_1_122' title='bbox 838 1107 1039 1161; x_wconf 77' lang='lat' dir='ltr'>capitula</span> <span class='ocrx_word' id='word_1_123' title='bbox 1066 1107 1381 1162; x_wconf 84' lang='lat' dir='ltr'>infrascripta:</span> <span class='ocrx_word' id='word_1_124' title='bbox 1428 1108 1479 1149; x_wconf 93' lang='lat' dir='ltr'>In</span> <span class='ocrx_word' id='word_1_125' title='bbox 1504 1108 1693 1150; x_wconf 92' lang='lat' dir='ltr'>nomine</span> <span class='ocrx_word' id='word_1_126' title='bbox 1722 1110 1879 1150; x_wconf 87' lang='lat' dir='ltr'>sancte</span> <span class='ocrx_word' id='word_1_127' title='bbox 1903 1111 1950 1151; x_wconf 88' lang='lat' dir='ltr'>et</span> <span class='ocrx_word' id='word_1_128' title='bbox 1976 1107 2024 1150; x_wconf 92' lang='lat' dir='ltr'>in</span> 
     </span>
     <span class='ocr_line' id='line_1_15' title="bbox 252 1178 1834 1234; baseline -0.001 -13"><span class='ocrx_word' id='word_1_129' title='bbox 252 1179 440 1222; x_wconf 90' lang='lat' dir='ltr'>dividue</span> <span class='ocrx_word' id='word_1_130' title='bbox 473 1179 707 1222; x_wconf 86' lang='lat' dir='ltr'>trinitatis.</span> <span class='ocrx_word' id='word_1_131' title='bbox 751 1179 848 1221; x_wconf 94' lang='lat' dir='ltr'>Hec</span> <span class='ocrx_word' id='word_1_132' title='bbox 879 1182 1037 1222; x_wconf 90' lang='lat' dir='ltr'>sancta</span> <span class='ocrx_word' id='word_1_133' title='bbox 1069 1178 1274 1232; x_wconf 89' lang='lat' dir='ltr'>synodus</span> <span class='ocrx_word' id='word_1_134' title='bbox 1307 1213 1314 1221; x_wconf 91' lang='lat'>.</span> <span class='ocrx_word' id='word_1_135' title='bbox 1351 1213 1359 1221; x_wconf 99' lang='lat'>.</span> <span class='ocrx_word' id='word_1_136' title='bbox 1395 1213 1403 1221; x_wconf 91' lang='lat'>.</span> <span class='ocrx_word' id='word_1_137' title='bbox 1436 1182 1482 1221; x_wconf 91' lang='lat' dir='ltr'>et</span> <span class='ocrx_word' id='word_1_138' title='bbox 1512 1178 1834 1234; x_wconf 84' lang='lat' dir='ltr'>hominibus.¹)</span> 
     </span>
    </p>

    <p class='ocr_par' dir='ltr' id='par_1_3' title="bbox 252 1249 2023 1436">
     <span class='ocr_line' id='line_1_16' title="bbox 369 1249 2023 1304; baseline 0 -12"><span class='ocrx_word' id='word_1_139' title='bbox 369 1251 455 1293; x_wconf 94' lang='lat' dir='ltr'>Die</span> <span class='ocrx_word' id='word_1_140' title='bbox 493 1251 603 1293; x_wconf 93' lang='lat' dir='ltr'>lune</span> <span class='ocrx_word' id='word_1_141' title='bbox 641 1253 800 1293; x_wconf 87' lang='lat' dir='ltr'>octava</span> <span class='ocrx_word' id='word_1_142' title='bbox 838 1251 1013 1293; x_wconf 90' lang='lat' dir='ltr'>mensis</span> <span class='ocrx_word' id='word_1_143' title='bbox 1051 1250 1229 1304; x_wconf 87' lang='lat' dir='ltr'>Aprilis</span> <span class='ocrx_word' id='word_1_144' title='bbox 1266 1250 1396 1293; x_wconf 91' lang='lat' dir='ltr'>bulla</span> <span class='ocrx_word' id='word_1_145' title='bbox 1432 1249 1732 1303; x_wconf 83' lang='lat' dir='ltr'>infrascripta</span> <span class='ocrx_word' id='word_1_146' title='bbox 1768 1262 1854 1303; x_wconf 91' lang='lat' dir='ltr'>pro</span> <span class='ocrx_word' id='word_1_147' title='bbox 1890 1252 2023 1303; x_wconf 88' lang='lat' dir='ltr'>parte</span> 
     </span>
     <span class='ocr_line' id='line_1_17' title="bbox 253 1320 2023 1376; baseline -0.001 -13"><span class='ocrx_word' id='word_1_148' title='bbox 253 1321 293 1364; x_wconf 90' lang='lat' dir='ltr'>d.</span> <span class='ocrx_word' id='word_1_149' title='bbox 321 1321 467 1364; x_wconf 92' lang='lat' dir='ltr'>nostri</span> <span class='ocrx_word' id='word_1_150' title='bbox 492 1334 613 1376; x_wconf 92' lang='lat' dir='ltr'>pape</span> <span class='ocrx_word' id='word_1_151' title='bbox 639 1320 781 1365; x_wconf 90' lang='lat' dir='ltr'>missa</span> <span class='ocrx_word' id='word_1_152' title='bbox 806 1321 853 1363; x_wconf 92' lang='lat' dir='ltr'>in</span> <span class='ocrx_word' id='word_1_153' title='bbox 877 1322 1125 1375; x_wconf 90' lang='lat' dir='ltr'>presencia</span> <span class='ocrx_word' id='word_1_154' title='bbox 1152 1321 1192 1363; x_wconf 93' lang='lat' dir='ltr'>d.</span> <span class='ocrx_word' id='word_1_155' title='bbox 1220 1322 1345 1375; x_wconf 87' lang='lat' dir='ltr'>regis</span> <span class='ocrx_word' id='word_1_156' title='bbox 1369 1321 1681 1364; x_wconf 87' lang='lat' dir='ltr'>Romanorum</span> <span class='ocrx_word' id='word_1_157' title='bbox 1708 1323 1752 1364; x_wconf 88' lang='lat' dir='ltr'>et</span> <span class='ocrx_word' id='word_1_158' title='bbox 1776 1320 2023 1363; x_wconf 87' lang='lat' dir='ltr'>nacionum</span> 
     </span>
     <span class='ocr_line' id='line_1_18' title="bbox 252 1391 503 1436; baseline 0 -2"><span class='ocrx_word' id='word_1_159' title='bbox 252 1392 370 1436; x_wconf 91' lang='lat' dir='ltr'>lecta</span> <span class='ocrx_word' id='word_1_160' title='bbox 398 1391 503 1435; x_wconf 79' lang='lat' dir='ltr'>fuit:</span> 
     </span>
    </p>

    <p class='ocr_par' dir='ltr' id='par_1_4' title="bbox 253 1461 2024 1589">
     <span class='ocr_line' id='line_1_19' title="bbox 370 1461 2024 1518; baseline -0.001 -12"><span class='ocrx_word' id='word_1_161' title='bbox 370 1463 610 1506; x_wconf 85' lang='lat' dir='ltr'>Johannes</span> <span class='ocrx_word' id='word_1_162' title='bbox 632 1497 640 1505; x_wconf 89' lang='lat'>.</span> <span class='ocrx_word' id='word_1_163' title='bbox 659 1497 667 1505; x_wconf 92' lang='lat'>.</span> <span class='ocrx_word' id='word_1_164' title='bbox 685 1463 735 1518; x_wconf 87' lang='lat'>.2)</span> <span class='ocrx_word' id='word_1_165' title='bbox 758 1464 1063 1507; x_wconf 88' lang='lat' dir='ltr'>Universitati</span> <span class='ocrx_word' id='word_1_166' title='bbox 1084 1466 1239 1506; x_wconf 90' lang='lat' dir='ltr'>vestre</span> <span class='ocrx_word' id='word_1_167' title='bbox 1261 1501 1267 1507; x_wconf 87' lang='lat'>.</span> <span class='ocrx_word' id='word_1_168' title='bbox 1287 1497 1295 1505; x_wconf 91' lang='lat'>.</span> <span class='ocrx_word' id='word_1_169' title='bbox 1314 1497 1321 1505; x_wconf 92' lang='lat'>.</span> <span class='ocrx_word' id='word_1_170' title='bbox 1356 1463 1443 1505; x_wconf 91' lang='lat' dir='ltr'>Dat</span> <span class='ocrx_word' id='word_1_171' title='bbox 1463 1461 1731 1516; x_wconf 82' lang='lat' dir='ltr'>Lofenberg</span> <span class='ocrx_word' id='word_1_172' title='bbox 1749 1462 2024 1506; x_wconf 89' lang='lat' dir='ltr'>Basiliensis</span> 
     </span>
     <span class='ocr_line' id='line_1_20' title="bbox 253 1533 1842 1589; baseline 0.001 -12"><span class='ocrx_word' id='word_1_173' title='bbox 253 1535 451 1579; x_wconf 88' lang='lat' dir='ltr'>diocesis</span> <span class='ocrx_word' id='word_1_174' title='bbox 474 1535 629 1589; x_wconf 86' lang='lat' dir='ltr'>pridie</span> <span class='ocrx_word' id='word_1_175' title='bbox 653 1547 802 1578; x_wconf 91' lang='lat' dir='ltr'>nonas</span> <span class='ocrx_word' id='word_1_176' title='bbox 826 1534 1005 1588; x_wconf 89' lang='lat' dir='ltr'>Aprilis</span> <span class='ocrx_word' id='word_1_177' title='bbox 1028 1533 1327 1588; x_wconf 81' lang='lat' dir='ltr'>pontificatus</span> <span class='ocrx_word' id='word_1_178' title='bbox 1349 1535 1497 1577; x_wconf 89' lang='lat' dir='ltr'>nostri</span> <span class='ocrx_word' id='word_1_179' title='bbox 1523 1546 1646 1577; x_wconf 94' lang='lat' dir='ltr'>anno</span> <span class='ocrx_word' id='word_1_180' title='bbox 1671 1534 1842 1588; x_wconf 76' lang='lat' dir='ltr'>quinto,</span> 
     </span>
    </p>

    <p class='ocr_par' dir='ltr' id='par_1_5' title="bbox 372 1606 1001 1660">
     <span class='ocr_line' id='line_1_21' title="bbox 372 1606 1001 1660; baseline -0.002 -11"><span class='ocrx_word' id='word_1_181' title='bbox 372 1607 419 1649; x_wconf 88' lang='lat' dir='ltr'>B.</span> <span class='ocrx_word' id='word_1_182' title='bbox 459 1607 516 1649; x_wconf 92' lang='lat' dir='ltr'>de</span> <span class='ocrx_word' id='word_1_183' title='bbox 559 1606 1001 1660; x_wconf 73' lang='lat' dir='ltr'>Montepoliciano.²³)</span> 
     </span>
    </p>

    <p class='ocr_par' dir='ltr' id='par_1_6' title="bbox 252 1675 2026 2228">
     <span class='ocr_line' id='line_1_22' title="bbox 371 1675 2026 1730; baseline 0 -11"><span class='ocrx_word' id='word_1_184' title='bbox 371 1677 455 1720; x_wconf 92' lang='lat' dir='ltr'>Die</span> <span class='ocrx_word' id='word_1_185' title='bbox 485 1677 673 1720; x_wconf 85' lang='lat' dir='ltr'>veneris</span> <span class='ocrx_word' id='word_1_186' title='bbox 701 1677 806 1720; x_wconf 89' lang='lat' dir='ltr'>XII.</span> <span class='ocrx_word' id='word_1_187' title='bbox 835 1677 1010 1719; x_wconf 89' lang='lat' dir='ltr'>mensis</span> <span class='ocrx_word' id='word_1_188' title='bbox 1037 1677 1216 1730; x_wconf 89' lang='lat' dir='ltr'>Aprilis</span> <span class='ocrx_word' id='word_1_189' title='bbox 1244 1689 1414 1719; x_wconf 89' lang='lat' dir='ltr'>novum</span> <span class='ocrx_word' id='word_1_190' title='bbox 1443 1679 1618 1719; x_wconf 93' lang='lat' dir='ltr'>certum</span> <span class='ocrx_word' id='word_1_191' title='bbox 1647 1676 1775 1719; x_wconf 90' lang='lat' dir='ltr'>venit</span> <span class='ocrx_word' id='word_1_192' title='bbox 1804 1675 2026 1719; x_wconf 87' lang='lat' dir='ltr'>Constan-</span> 
     </span>
     <span class='ocr_line' id='line_1_23' title="bbox 254 1746 2026 1802; baseline -0.001 -12"><span class='ocrx_word' id='word_1_193' title='bbox 254 1750 385 1802; x_wconf 90' lang='lat' dir='ltr'>ciam,</span> <span class='ocrx_word' id='word_1_194' title='bbox 408 1749 514 1791; x_wconf 90' lang='lat' dir='ltr'>licet</span> <span class='ocrx_word' id='word_1_195' title='bbox 538 1761 622 1802; x_wconf 90' lang='lat' dir='ltr'>per</span> <span class='ocrx_word' id='word_1_196' title='bbox 647 1752 783 1791; x_wconf 91' lang='lat' dir='ltr'>antea</span> <span class='ocrx_word' id='word_1_197' title='bbox 805 1749 949 1792; x_wconf 91' lang='lat' dir='ltr'>variis</span> <span class='ocrx_word' id='word_1_198' title='bbox 973 1748 1122 1791; x_wconf 91' lang='lat' dir='ltr'>modis</span> <span class='ocrx_word' id='word_1_199' title='bbox 1146 1748 1345 1790; x_wconf 90' lang='lat' dir='ltr'>relatum</span> <span class='ocrx_word' id='word_1_200' title='bbox 1369 1747 1550 1801; x_wconf 82' lang='lat' dir='ltr'>fuisset,</span> <span class='ocrx_word' id='word_1_201' title='bbox 1575 1746 1776 1801; x_wconf 90' lang='lat' dir='ltr'>qualiter</span> <span class='ocrx_word' id='word_1_202' title='bbox 1800 1747 1842 1790; x_wconf 93' lang='lat' dir='ltr'>d.</span> <span class='ocrx_word' id='word_1_203' title='bbox 1865 1749 2026 1790; x_wconf 89' lang='lat' dir='ltr'>noster</span> 
     </span>
     <span class='ocr_line' id='line_1_24' title="bbox 254 1817 2025 1873; baseline -0.002 -10"><span class='ocrx_word' id='word_1_204' title='bbox 254 1833 375 1873; x_wconf 90' lang='lat' dir='ltr'>papa</span> <span class='ocrx_word' id='word_1_205' title='bbox 401 1820 640 1862; x_wconf 82' lang='lat' dir='ltr'>Johannes</span> <span class='ocrx_word' id='word_1_206' title='bbox 665 1819 837 1863; x_wconf 88' lang='lat' dir='ltr'>XXIII.</span> <span class='ocrx_word' id='word_1_207' title='bbox 864 1820 911 1861; x_wconf 93' lang='lat' dir='ltr'>in</span> <span class='ocrx_word' id='word_1_208' title='bbox 936 1819 1097 1862; x_wconf 89' lang='lat' dir='ltr'>habitu</span> <span class='ocrx_word' id='word_1_209' title='bbox 1123 1818 1427 1872; x_wconf 88' lang='lat' dir='ltr'>dissimulato,</span> <span class='ocrx_word' id='word_1_210' title='bbox 1453 1831 1538 1861; x_wconf 91' lang='lat' dir='ltr'>sex</span> <span class='ocrx_word' id='word_1_211' title='bbox 1562 1821 1719 1861; x_wconf 90' lang='lat' dir='ltr'>tamen</span> <span class='ocrx_word' id='word_1_212' title='bbox 1743 1817 2025 1871; x_wconf 89' lang='lat' dir='ltr'>hominibus,</span> 
     </span>
     <span class='ocr_line' id='line_1_25' title="bbox 253 1888 2025 1943; baseline -0.001 -11"><span class='ocrx_word' id='word_1_213' title='bbox 253 1904 345 1933; x_wconf 93' lang='lat' dir='ltr'>non</span> <span class='ocrx_word' id='word_1_214' title='bbox 380 1893 534 1933; x_wconf 88' lang='lat' dir='ltr'>tamen</span> <span class='ocrx_word' id='word_1_215' title='bbox 570 1891 626 1932; x_wconf 93' lang='lat' dir='ltr'>de</span> <span class='ocrx_word' id='word_1_216' title='bbox 662 1904 744 1933; x_wconf 90' lang='lat' dir='ltr'>sua</span> <span class='ocrx_word' id='word_1_217' title='bbox 778 1890 972 1943; x_wconf 78' lang='lat' dir='ltr'>familia,</span> <span class='ocrx_word' id='word_1_218' title='bbox 1007 1889 1305 1943; x_wconf 84' lang='lat' dir='ltr'>equestribus</span> <span class='ocrx_word' id='word_1_219' title='bbox 1340 1888 1698 1933; x_wconf 90' lang='lat' dir='ltr'>stammechinas</span> <span class='ocrx_word' id='word_1_220' title='bbox 1731 1892 1778 1932; x_wconf 90' lang='lat' dir='ltr'>et</span> <span class='ocrx_word' id='word_1_221' title='bbox 1808 1888 2025 1942; x_wconf 83' lang='lat' dir='ltr'>faretras,</span> 
     </span>
     <span class='ocr_line' id='line_1_26' title="bbox 255 1959 2026 2015; baseline -0.001 -11"><span class='ocrx_word' id='word_1_222' title='bbox 255 1962 645 2015; x_wconf 89' lang='lat' dir='ltr'>quemadmodum</span> <span class='ocrx_word' id='word_1_223' title='bbox 666 1965 710 2004; x_wconf 87' lang='lat' dir='ltr'>et</span> <span class='ocrx_word' id='word_1_224' title='bbox 730 1961 829 2015; x_wconf 91' lang='lat' dir='ltr'>ipse</span> <span class='ocrx_word' id='word_1_225' title='bbox 851 1974 973 2015; x_wconf 91' lang='lat' dir='ltr'>papa</span> <span class='ocrx_word' id='word_1_226' title='bbox 995 1962 1053 2004; x_wconf 90' lang='lat' dir='ltr'>ad</span> <span class='ocrx_word' id='word_1_227' title='bbox 1074 1963 1195 2005; x_wconf 90' lang='lat' dir='ltr'>latus</span> <span class='ocrx_word' id='word_1_228' title='bbox 1215 1960 1501 2015; x_wconf 87' lang='lat' dir='ltr'>gerentibus,</span> <span class='ocrx_word' id='word_1_229' title='bbox 1524 1973 1575 2003; x_wconf 90' lang='lat' dir='ltr'>ac</span> <span class='ocrx_word' id='word_1_230' title='bbox 1596 1960 1764 2003; x_wconf 88' lang='lat' dir='ltr'>abbate</span> <span class='ocrx_word' id='word_1_231' title='bbox 1785 1959 1843 2002; x_wconf 91' lang='lat' dir='ltr'>de</span> <span class='ocrx_word' id='word_1_232' title='bbox 1864 1960 2026 2003; x_wconf 93' lang='lat' dir='ltr'>Podio—</span> 
     </span>
     <span class='ocr_line' id='line_1_27' title="bbox 255 2030 2025 2086; baseline -0.001 -11"><span class='ocrx_word' id='word_1_233' title='bbox 255 2033 421 2086; x_wconf 85' lang='lat' dir='ltr'>bonizi,</span> <span class='ocrx_word' id='word_1_234' title='bbox 448 2033 717 2075; x_wconf 91' lang='lat' dir='ltr'>Florentine</span> <span class='ocrx_word' id='word_1_235' title='bbox 746 2033 959 2086; x_wconf 88' lang='lat' dir='ltr'>diocesis,</span> <span class='ocrx_word' id='word_1_236' title='bbox 987 2033 1187 2075; x_wconf 88' lang='lat' dir='ltr'>sociatus</span> <span class='ocrx_word' id='word_1_237' title='bbox 1213 2032 1286 2074; x_wconf 93' lang='lat' dir='ltr'>die</span> <span class='ocrx_word' id='word_1_238' title='bbox 1315 2032 1474 2074; x_wconf 92' lang='lat' dir='ltr'>martis</span> <span class='ocrx_word' id='word_1_239' title='bbox 1499 2044 1623 2074; x_wconf 91' lang='lat' dir='ltr'>nona</span> <span class='ocrx_word' id='word_1_240' title='bbox 1649 2030 1824 2074; x_wconf 90' lang='lat' dir='ltr'>mensis</span> <span class='ocrx_word' id='word_1_241' title='bbox 1848 2030 2025 2085; x_wconf 91' lang='lat' dir='ltr'>Aprilis</span> 
     </span>
     <span class='ocr_line' id='line_1_28' title="bbox 254 2101 2025 2146; baseline -0.001 0"><span class='ocrx_word' id='word_1_242' title='bbox 254 2105 368 2146; x_wconf 90' lang='lat' dir='ltr'>hora</span> <span class='ocrx_word' id='word_1_243' title='bbox 389 2104 593 2146; x_wconf 88' lang='lat' dir='ltr'>secunda</span> <span class='ocrx_word' id='word_1_244' title='bbox 614 2106 720 2146; x_wconf 91' lang='lat' dir='ltr'>ante</span> <span class='ocrx_word' id='word_1_245' title='bbox 742 2104 864 2145; x_wconf 90' lang='lat' dir='ltr'>diem</span> <span class='ocrx_word' id='word_1_246' title='bbox 888 2104 945 2146; x_wconf 91' lang='lat' dir='ltr'>de</span> <span class='ocrx_word' id='word_1_247' title='bbox 968 2103 1263 2145; x_wconf 84' lang='lat' dir='ltr'>Lofenberch</span> <span class='ocrx_word' id='word_1_248' title='bbox 1285 2105 1547 2145; x_wconf 89' lang='lat' dir='ltr'>recesserat</span> <span class='ocrx_word' id='word_1_249' title='bbox 1562 2105 1607 2144; x_wconf 93' lang='lat' dir='ltr'>et</span> <span class='ocrx_word' id='word_1_250' title='bbox 1621 2114 1786 2146; x_wconf 90' lang='lat' dir='ltr'>versus</span> <span class='ocrx_word' id='word_1_251' title='bbox 1801 2101 2025 2144; x_wconf 90' lang='lat' dir='ltr'>Friborch</span> 
     </span>
     <span class='ocr_line' id='line_1_29' title="bbox 252 2173 2026 2228; baseline -0.002 -10"><span class='ocrx_word' id='word_1_252' title='bbox 252 2178 542 2228; x_wconf 86' lang='lat' dir='ltr'>perrexerat,</span> <span class='ocrx_word' id='word_1_253' title='bbox 564 2174 748 2227; x_wconf 90' lang='lat' dir='ltr'>deinde,</span> <span class='ocrx_word' id='word_1_254' title='bbox 764 2177 813 2216; x_wconf 88' lang='lat' dir='ltr'>ut</span> <span class='ocrx_word' id='word_1_255' title='bbox 826 2174 1082 2217; x_wconf 88' lang='lat' dir='ltr'>communis</span> <span class='ocrx_word' id='word_1_256' title='bbox 1096 2174 1301 2216; x_wconf 86' lang='lat' dir='ltr'>habebat</span> <span class='ocrx_word' id='word_1_257' title='bbox 1316 2173 1487 2227; x_wconf 92' lang='lat' dir='ltr'>opinio,</span> <span class='ocrx_word' id='word_1_258' title='bbox 1504 2173 1562 2215; x_wconf 87' lang='lat' dir='ltr'>ad</span> <span class='ocrx_word' id='word_1_259' title='bbox 1577 2173 1756 2216; x_wconf 89' lang='lat' dir='ltr'>Gallias</span> <span class='ocrx_word' id='word_1_260' title='bbox 1769 2173 2026 2216; x_wconf 89' lang='lat' dir='ltr'>transituri.</span> 
     </span>
    </p>

    <p class='ocr_par' dir='ltr' id='par_1_7' title="bbox 254 2243 2027 2796">
     <span class='ocr_line' id='line_1_30' title="bbox 373 2243 2025 2298; baseline -0.001 -10"><span class='ocrx_word' id='word_1_261' title='bbox 373 2247 457 2288; x_wconf 91' lang='lat' dir='ltr'>Die</span> <span class='ocrx_word' id='word_1_262' title='bbox 496 2246 713 2288; x_wconf 89' lang='lat' dir='ltr'>mercurii</span> <span class='ocrx_word' id='word_1_263' title='bbox 752 2246 899 2288; x_wconf 90' lang='lat' dir='ltr'>XVII.</span> <span class='ocrx_word' id='word_1_264' title='bbox 941 2246 1116 2288; x_wconf 90' lang='lat' dir='ltr'>mensis</span> <span class='ocrx_word' id='word_1_265' title='bbox 1156 2245 1333 2298; x_wconf 89' lang='lat' dir='ltr'>Aprilis</span> <span class='ocrx_word' id='word_1_266' title='bbox 1373 2245 1644 2287; x_wconf 89' lang='lat' dir='ltr'>auctoritate</span> <span class='ocrx_word' id='word_1_267' title='bbox 1685 2245 1803 2287; x_wconf 90' lang='lat' dir='ltr'>sacri</span> <span class='ocrx_word' id='word_1_268' title='bbox 1844 2243 2025 2287; x_wconf 89' lang='lat' dir='ltr'>concilii</span> 
     </span>
     <span class='ocr_line' id='line_1_31' title="bbox 255 2314 2026 2360; baseline -0.002 0"><span class='ocrx_word' id='word_1_269' title='bbox 255 2317 634 2360; x_wconf 90' lang='lat' dir='ltr'>Constanciensis</span> <span class='ocrx_word' id='word_1_270' title='bbox 664 2316 1048 2359; x_wconf 89' lang='lat' dir='ltr'>convenientibus</span> <span class='ocrx_word' id='word_1_271' title='bbox 1080 2316 1125 2357; x_wconf 91' lang='lat' dir='ltr'>in</span> <span class='ocrx_word' id='word_1_272' title='bbox 1156 2315 1354 2358; x_wconf 88' lang='lat' dir='ltr'>ecclesia</span> <span class='ocrx_word' id='word_1_273' title='bbox 1385 2315 1642 2358; x_wconf 91' lang='lat' dir='ltr'>cathedrali</span> <span class='ocrx_word' id='word_1_274' title='bbox 1674 2314 2026 2359; x_wconf 87' lang='lat' dir='ltr'>Constanciensi</span> 
     </span>
     <span class='ocr_line' id='line_1_32' title="bbox 255 2387 2027 2442; baseline -0.001 -12"><span class='ocrx_word' id='word_1_275' title='bbox 255 2389 593 2442; x_wconf 83' lang='lat' dir='ltr'>gloriosissimo</span> <span class='ocrx_word' id='word_1_276' title='bbox 620 2389 661 2431; x_wconf 90' lang='lat' dir='ltr'>d.</span> <span class='ocrx_word' id='word_1_277' title='bbox 689 2387 986 2441; x_wconf 85' lang='lat' dir='ltr'>Sigismundo</span> <span class='ocrx_word' id='word_1_278' title='bbox 1011 2387 1323 2429; x_wconf 86' lang='lat' dir='ltr'>Romanorum</span> <span class='ocrx_word' id='word_1_279' title='bbox 1351 2390 1396 2429; x_wconf 89' lang='lat' dir='ltr'>et</span> <span class='ocrx_word' id='word_1_280' title='bbox 1422 2387 1660 2440; x_wconf 85' lang='lat' dir='ltr'>Hungarie</span> <span class='ocrx_word' id='word_1_281' title='bbox 1687 2398 1812 2440; x_wconf 88' lang='lat' dir='ltr'>rege,</span> <span class='ocrx_word' id='word_1_282' title='bbox 1840 2398 2027 2440; x_wconf 91' lang='lat' dir='ltr'>semper</span> 
     </span>
     <span class='ocr_line' id='line_1_33' title="bbox 256 2457 2025 2513; baseline -0.002 -11"><span class='ocrx_word' id='word_1_283' title='bbox 256 2463 464 2513; x_wconf 87' lang='lat' dir='ltr'>augusto,</span> <span class='ocrx_word' id='word_1_284' title='bbox 489 2458 646 2501; x_wconf 83' lang='lat' dir='ltr'>revnliS</span> <span class='ocrx_word' id='word_1_285' title='bbox 669 2459 709 2501; x_wconf 92' lang='lat' dir='ltr'>d.</span> <span class='ocrx_word' id='word_1_286' title='bbox 736 2472 770 2501; x_wconf 84' lang='lat' dir='ltr'>S.</span> <span class='ocrx_word' id='word_1_287' title='bbox 794 2459 844 2501; x_wconf 89' lang='lat' dir='ltr'>R.</span> <span class='ocrx_word' id='word_1_288' title='bbox 869 2472 908 2501; x_wconf 96' lang='lat' dir='ltr'>e.</span> <span class='ocrx_word' id='word_1_289' title='bbox 932 2457 1262 2511; x_wconf 82' lang='lat' dir='ltr'>cardinalibus,</span> <span class='ocrx_word' id='word_1_290' title='bbox 1286 2457 1363 2511; x_wconf 94' lang='lat' dir='ltr'>qui</span> <span class='ocrx_word' id='word_1_291' title='bbox 1388 2457 1662 2500; x_wconf 88' lang='lat' dir='ltr'>Constancie</span> <span class='ocrx_word' id='word_1_292' title='bbox 1687 2459 2025 2509; x_wconf 89' lang='lat' dir='ltr'>remanserant,</span> 
     </span>
     <span class='ocr_line' id='line_1_34' title="bbox 255 2528 2027 2583; baseline -0.001 -11"><span class='ocrx_word' id='word_1_293' title='bbox 255 2530 516 2583; x_wconf 90' lang='lat' dir='ltr'>ceterisque</span> <span class='ocrx_word' id='word_1_294' title='bbox 545 2529 740 2582; x_wconf 90' lang='lat' dir='ltr'>prelatis</span> <span class='ocrx_word' id='word_1_295' title='bbox 769 2533 813 2571; x_wconf 94' lang='lat' dir='ltr'>et</span> <span class='ocrx_word' id='word_1_296' title='bbox 841 2528 1102 2572; x_wconf 90' lang='lat' dir='ltr'>oratoribus</span> <span class='ocrx_word' id='word_1_297' title='bbox 1131 2529 1423 2571; x_wconf 91' lang='lat' dir='ltr'>dominorum</span> <span class='ocrx_word' id='word_1_298' title='bbox 1453 2529 1499 2570; x_wconf 91' lang='lat' dir='ltr'>in</span> <span class='ocrx_word' id='word_1_299' title='bbox 1528 2528 1736 2582; x_wconf 90' lang='lat' dir='ltr'>predicto</span> <span class='ocrx_word' id='word_1_300' title='bbox 1765 2540 1897 2571; x_wconf 90' lang='lat' dir='ltr'>sacro</span> <span class='ocrx_word' id='word_1_301' title='bbox 1923 2540 2027 2570; x_wconf 85' lang='lat' dir='ltr'>con-</span> 
     </span>
     <span class='ocr_line' id='line_1_35' title="bbox 254 2598 2026 2653; baseline -0.002 -10"><span class='ocrx_word' id='word_1_302' title='bbox 254 2602 361 2644; x_wconf 92' lang='lat' dir='ltr'>cilio</span> <span class='ocrx_word' id='word_1_303' title='bbox 383 2601 706 2653; x_wconf 88' lang='lat' dir='ltr'>existentibus,</span> <span class='ocrx_word' id='word_1_304' title='bbox 729 2604 861 2643; x_wconf 89' lang='lat' dir='ltr'>sexta</span> <span class='ocrx_word' id='word_1_305' title='bbox 884 2601 1034 2643; x_wconf 91' lang='lat' dir='ltr'>sessio</span> <span class='ocrx_word' id='word_1_306' title='bbox 1054 2600 1290 2642; x_wconf 88' lang='lat' dir='ltr'>celebrata</span> <span class='ocrx_word' id='word_1_307' title='bbox 1305 2602 1389 2652; x_wconf 90' lang='lat' dir='ltr'>est,</span> <span class='ocrx_word' id='word_1_308' title='bbox 1405 2598 1451 2641; x_wconf 92' lang='lat' dir='ltr'>in</span> <span class='ocrx_word' id='word_1_309' title='bbox 1468 2611 1559 2652; x_wconf 92' lang='lat' dir='ltr'>qua</span> <span class='ocrx_word' id='word_1_310' title='bbox 1574 2608 1744 2641; x_wconf 76' lang='lat' dir='ltr'>revmus</span> <span class='ocrx_word' id='word_1_311' title='bbox 1759 2598 1801 2641; x_wconf 93' lang='lat' dir='ltr'>d.</span> <span class='ocrx_word' id='word_1_312' title='bbox 1817 2598 2026 2641; x_wconf 88' lang='lat' dir='ltr'>cardina-</span> 
     </span>
     <span class='ocr_line' id='line_1_36' title="bbox 256 2667 2026 2725; baseline -0.001 -11"><span class='ocrx_word' id='word_1_313' title='bbox 256 2674 313 2716; x_wconf 93' lang='lat' dir='ltr'>lis</span> <span class='ocrx_word' id='word_1_314' title='bbox 333 2673 625 2715; x_wconf 86' lang='lat' dir='ltr'>Vivariensis</span> <span class='ocrx_word' id='word_1_315' title='bbox 647 2671 870 2725; x_wconf 89' lang='lat' dir='ltr'>presedit,</span> <span class='ocrx_word' id='word_1_316' title='bbox 893 2671 933 2713; x_wconf 93' lang='lat' dir='ltr'>d.</span> <span class='ocrx_word' id='word_1_317' title='bbox 958 2670 1335 2724; x_wconf 89' lang='lat' dir='ltr'>archiepiscopus</span> <span class='ocrx_word' id='word_1_318' title='bbox 1350 2667 1685 2724; x_wconf 61' lang='lat' dir='ltr'>Gneznensisb)</span> <span class='ocrx_word' id='word_1_319' title='bbox 1704 2669 1892 2713; x_wconf 87' lang='lat' dir='ltr'>missam</span> <span class='ocrx_word' id='word_1_320' title='bbox 1907 2670 2026 2712; x_wconf 90' lang='lat' dir='ltr'>cele-</span> 
     </span>
     <span class='ocr_line' id='line_1_37' title="bbox 255 2740 2023 2796; baseline -0.002 -10"><span class='ocrx_word' id='word_1_321' title='bbox 255 2743 405 2787; x_wconf 91' lang='lat' dir='ltr'>bravit</span> <span class='ocrx_word' id='word_1_322' title='bbox 429 2747 473 2786; x_wconf 94' lang='lat' dir='ltr'>et</span> <span class='ocrx_word' id='word_1_323' title='bbox 499 2743 541 2786; x_wconf 96' lang='lat' dir='ltr'>d.</span> <span class='ocrx_word' id='word_1_324' title='bbox 558 2744 807 2796; x_wconf 89' lang='lat' dir='ltr'>episcopus</span> <span class='ocrx_word' id='word_1_325' title='bbox 829 2741 1243 2796; x_wconf 79' lang='lat' dir='ltr'>[Atreba]tensis⁰)</span> <span class='ocrx_word' id='word_1_326' title='bbox 1261 2741 1374 2794; x_wconf 85' lang='lat' dir='ltr'>legit</span> <span class='ocrx_word' id='word_1_327' title='bbox 1388 2741 1589 2794; x_wconf 88' lang='lat' dir='ltr'>capitula</span> <span class='ocrx_word' id='word_1_328' title='bbox 1604 2740 1904 2794; x_wconf 81' lang='lat' dir='ltr'>infrascripta</span> <span class='ocrx_word' id='word_1_329' title='bbox 1920 2774 1928 2782; x_wconf 92' lang='lat'>.</span> <span class='ocrx_word' id='word_1_330' title='bbox 1947 2774 1955 2782; x_wconf 92' lang='lat'>.</span> <span class='ocrx_word' id='word_1_331' title='bbox 1973 2740 2023 2794; x_wconf 85' lang='lat'>.³)</span> 
     </span>
    </p>
   </div>
   <div class='ocr_carea' id='block_1_3' title="bbox 361 2831 1956 2868">
    <p class='ocr_par' dir='ltr' id='par_1_8' title="bbox 361 2831 1956 2868">
     <span class='ocr_line' id='line_1_38' title="bbox 361 2831 1956 2868; baseline -0.003 -7"><span class='ocrx_word' id='word_1_332' title='bbox 361 2836 390 2863; x_wconf 67' lang='lat' dir='ltr'>ai</span> <span class='ocrx_word' id='word_1_333' title='bbox 413 2836 511 2862; x_wconf 70' lang='lat' dir='ltr'>Na‘me</span> <span class='ocrx_word' id='word_1_334' title='bbox 533 2837 596 2862; x_wconf 71' lang='lat' dir='ltr'>mid</span> <span class='ocrx_word' id='word_1_335' title='bbox 617 2835 787 2868; x_wconf 64' lang='lat' dir='ltr'>folgsctzrles·</span> <span class='ocrx_word' id='word_1_336' title='bbox 807 2834 975 2861; x_wconf 67' lang='lat' dir='ltr'>Abschnirt</span> <span class='ocrx_word' id='word_1_337' title='bbox 994 2834 1073 2867; x_wconf 70' lang='lat' dir='ltr'><em>[¹1¹le</em></span> <span class='ocrx_word' id='word_1_338' title='bbox 1097 2837 1125 2861; x_wconf 69' lang='lat'>(¹.</span> <span class='ocrx_word' id='word_1_339' title='bbox 1183 2834 1214 2860; x_wconf 68' lang='lat' dir='ltr'>bt</span> <span class='ocrx_word' id='word_1_340' title='bbox 1237 2836 1273 2861; x_wconf 77' lang='lat' dir='ltr'>C:</span> <span class='ocrx_word' id='word_1_341' title='bbox 1296 2833 1523 2860; x_wconf 59' lang='lat' dir='ltr'>mosonensis.</span> <span class='ocrx_word' id='word_1_342' title='bbox 1586 2838 1613 2859; x_wconf 69' lang='lat' dir='ltr'>c)</span> <span class='ocrx_word' id='word_1_343' title='bbox 1639 2834 1663 2859; x_wconf 78' lang='grc' dir='ltr'><em>Η</em></span> <span class='ocrx_word' id='word_1_344' title='bbox 1683 2840 1745 2858; x_wconf 77' lang='lat' dir='ltr'>nur</span> <span class='ocrx_word' id='word_1_345' title='bbox 1765 2852 1770 2857; x_wconf 94' lang='lat'>.</span> <span class='ocrx_word' id='word_1_346' title='bbox 1792 2853 1798 2860; x_wconf 93' lang='lat'>.</span> <span class='ocrx_word' id='word_1_347' title='bbox 1818 2852 1823 2857; x_wconf 92' lang='lat'>.</span> <span class='ocrx_word' id='word_1_348' title='bbox 1844 2831 1956 2859; x_wconf 82' lang='lat' dir='ltr'>tensis.</span> 
     </span>
    </p>
   </div>
   <div class='ocr_carea' id='block_1_4' title="bbox 259 2882 2023 3100">
    <p class='ocr_par' dir='ltr' id='par_1_9' title="bbox 377 2882 1211 2928">
     <span class='ocr_line' id='line_1_39' title="bbox 377 2882 1211 2928; baseline -0.001 -10"><span class='ocrx_word' id='word_1_349' title='bbox 377 2885 409 2927; x_wconf 86' lang='lat'>1)</span> <span class='ocrx_word' id='word_1_350' title='bbox 438 2884 558 2919; x_wconf 74' lang='lat' dir='ltr'>Hardt</span> <span class='ocrx_word' id='word_1_351' title='bbox 584 2884 649 2926; x_wconf 85' lang='lat' dir='ltr'>IV,</span> <span class='ocrx_word' id='word_1_352' title='bbox 674 2883 767 2928; x_wconf 52' lang='lat'><em>9872·</em></span> <span class='ocrx_word' id='word_1_353' title='bbox 796 2883 921 2918; x_wconf 82' lang='lat' dir='ltr'>Mansi</span> <span class='ocrx_word' id='word_1_354' title='bbox 946 2882 1106 2924; x_wconf 80' lang='lat' dir='ltr'>XXVII,</span> <span class='ocrx_word' id='word_1_355' title='bbox 1133 2882 1211 2918; x_wconf 90' lang='lat'>590.</span> 
     </span>
    </p>

    <p class='ocr_par' dir='ltr' id='par_1_10' title="bbox 377 2940 1212 2985">
     <span class='ocr_line' id='line_1_40' title="bbox 377 2940 1212 2985; baseline -0.004 -7"><span class='ocrx_word' id='word_1_356' title='bbox 377 2944 408 2985; x_wconf 76' lang='grc'>2)</span> <span class='ocrx_word' id='word_1_357' title='bbox 438 2944 558 2978; x_wconf 79' lang='lat' dir='ltr'>Hardt</span> <span class='ocrx_word' id='word_1_358' title='bbox 587 2943 651 2985; x_wconf 88' lang='lat' dir='ltr'>IV,</span> <span class='ocrx_word' id='word_1_359' title='bbox 682 2943 766 2985; x_wconf 74' lang='lat'>102,·</span> <span class='ocrx_word' id='word_1_360' title='bbox 795 2942 920 2977; x_wconf 73' lang='lat' dir='ltr'>Mansz·</span> <span class='ocrx_word' id='word_1_361' title='bbox 948 2940 1107 2982; x_wconf 89' lang='lat' dir='ltr'>XXVII,</span> <span class='ocrx_word' id='word_1_362' title='bbox 1134 2941 1212 2976; x_wconf 85' lang='lat'>597.</span> 
     </span>
    </p>

    <p class='ocr_par' dir='ltr' id='par_1_11' title="bbox 259 2994 2023 3100">
     <span class='ocr_line' id='line_1_41' title="bbox 372 2994 2023 3044; baseline -0.004 -9"><span class='ocrx_word' id='word_1_363' title='bbox 372 3004 403 3043; x_wconf 74' lang='lat'>3)</span> <span class='ocrx_word' id='word_1_364' title='bbox 435 3002 521 3036; x_wconf 81' lang='lat' dir='ltr'>Nun</span> <span class='ocrx_word' id='word_1_365' title='bbox 550 3001 680 3044; x_wconf 67' lang='lat' dir='ltr'>folyen</span> <span class='ocrx_word' id='word_1_366' title='bbox 711 3001 749 3042; x_wconf 81' lang='lat' dir='ltr'>R,</span> <span class='ocrx_word' id='word_1_367' title='bbox 781 3000 808 3035; x_wconf 77' lang='lat' dir='ltr'><em>G</em></span> <span class='ocrx_word' id='word_1_368' title='bbox 839 2999 1094 3041; x_wconf 72' lang='lat' dir='ltr'>Materialz‘en‚</span> <span class='ocrx_word' id='word_1_369' title='bbox 1125 3000 1227 3042; x_wconf 62' lang='grc' dir='ltr'><em>θεᾶν.</em></span> <span class='ocrx_word' id='word_1_370' title='bbox 1257 2999 1378 3033; x_wconf 76' lang='lat' dir='ltr'>Hardl</span> <span class='ocrx_word' id='word_1_371' title='bbox 1408 2998 1473 3040; x_wconf 72' lang='lat'>11⁷,</span> <span class='ocrx_word' id='word_1_372' title='bbox 1505 2998 1689 3033; x_wconf 78' lang='lat'><strong><em>114—120</em></strong></span> <span class='ocrx_word' id='word_1_373' title='bbox 1721 2996 1917 3040; x_wconf 83' lang='lat' dir='ltr'>(Articuli)</span> <span class='ocrx_word' id='word_1_374' title='bbox 1947 2994 2023 3030; x_wconf 88' lang='lat' dir='ltr'>Ab·</span> 
     </span>
     <span class='ocr_line' id='line_1_42' title="bbox 259 3056 1545 3100; baseline 0 -10"><span class='ocrx_word' id='word_1_375' title='bbox 259 3060 395 3093; x_wconf 61' lang='lat' dir='ltr'>schmitt</span> <span class='ocrx_word' id='word_1_376' title='bbox 421 3060 538 3094; x_wconf 77' lang='lat' dir='ltr'>Hardl</span> <span class='ocrx_word' id='word_1_377' title='bbox 562 3060 628 3095; x_wconf 43' lang='grc' dir='ltr'>ΙΙ),</span> <span class='ocrx_word' id='word_1_378' title='bbox 656 3061 719 3094; x_wconf 80' lang='grc'>119</span> <span class='ocrx_word' id='word_1_379' title='bbox 745 3059 973 3094; x_wconf 84' lang='lat' dir='ltr'>Decernitur</span> <span class='ocrx_word' id='word_1_380' title='bbox 998 3085 1003 3091; x_wconf 95' lang='lat'>.</span> <span class='ocrx_word' id='word_1_381' title='bbox 1032 3084 1038 3090; x_wconf 93' lang='lat'>.</span> <span class='ocrx_word' id='word_1_382' title='bbox 1068 3085 1073 3091; x_wconf 95' lang='lat'>.</span> <span class='ocrx_word' id='word_1_383' title='bbox 1102 3057 1308 3093; x_wconf 87' lang='lat' dir='ltr'>Germanie</span> <span class='ocrx_word' id='word_1_384' title='bbox 1331 3056 1428 3100; x_wconf 73' lang='lat' dir='ltr'>fehlt</span> <span class='ocrx_word' id='word_1_385' title='bbox 1453 3056 1545 3090; x_wconf 79' lang='lat' dir='ltr'>hier.</span> 
     </span>
    </p>
   </div>
   <div class='ocr_carea' id='block_1_5' title="bbox 375 2816 605 2819">
    <p class='ocr_par' dir='ltr' id='par_1_12' title="bbox 375 2816 605 2819">
     <span class='ocr_line' id='line_1_43' title="bbox 375 2816 605 2819; baseline 0 0"><span class='ocrx_word' id='word_1_386' title='bbox 375 2816 605 2819; x_wconf 95' lang='lat' dir='ltr'> </span> 
     </span>
    </p>
   </div>
  </div>
 </body>
</html>
