2102 3444
243 130 330 174 254
777 130 803 165 l.
830 131 1039 167 Abschnitt.
1080 131 1480 177 Konzilstagebticher.

245 248 427 291 videtur
457 248 650 302 instare3
681 250 928 303 reliquum,
960 254 1005 292 ut
1034 263 1120 304 pro
1150 251 1276 293 felici
1307 263 1483 305 eorum,
1513 265 1602 306 que
1633 255 1823 304 restant,
1853 264 2014 295 consu-

245 320 451 362 macione
479 321 716 363 humiliter
745 321 842 364 Deo
870 321 1198 375 supplicemus.
1238 322 1367 374 Quod
1395 323 1453 365 ad
1479 324 1678 376 primum
1707 323 1882 377 attinet,
1910 323 2014 376 quis

245 392 324 433 ille
347 396 417 434 est
437 396 527 434 tam
552 392 704 434 lucido
722 395 769 434 et
788 396 880 434 tam
901 393 1158 446 perspicaci
1184 394 1384 447 ingemo,
1407 398 1532 436 tanta
1553 394 1782 447 cogitandi
1804 397 1850 436 et
1870 393 2015 436 disse-

244 463 377 504 rendi
407 464 619 516 solercia,
651 466 740 524 tam
771 464 897 505 claro
925 467 969 505 et
999 467 1089 506 tam
1120 464 1295 517 potenti
1324 465 1525 517 eloquio,
1556 466 1633 518 qui
1664 464 1841 507 orando
1868 464 2033 518 possit-

241 545 520 576 enumerare
552 537 689 587 atque
721 534 858 587 digne
890 534 1072 576 referre
1104 535 1468 588 magnitudinem
1500 539 1544 578 et
1575 535 1909 593 excellenciam
1937 547 2014 589 ge·
2062 586 2065 589 y

244 607 416 646 storum
444 605 501 646 ab
527 606 612 647 hac
638 605 844 658 synodo?
891 606 1163 648 Imminebat
1190 606 1475 648 horrendum
1501 607 1680 660 ingens,
1707 607 2014 648 inveteratum

243 674 426 726 scisma;
456 676 696 728 principes
724 676 840 729 eius,
870 677 947 729 qui
977 676 1224 730 pontifices
1254 678 1628 731 appellabantur,
1657 678 1855 730 quisque
1884 689 2014 720 suam

243 759 427 788 causam
460 746 629 789 validis
661 747 883 800 presidiis
917 747 1253 801 instruxerant,
1288 762 1364 791 res
1399 750 1499 802 ipsa
1532 752 1625 790 tum
1658 751 1886 790 vestutate
1919 751 2013 790 tum

243 817 505 871 multorum,
541 818 618 871 qui
653 818 791 871 periti
826 818 1134 872 habebantur,
1171 820 1313 862 variis
1348 820 1600 861 sentenciis
1634 832 1800 872 parum
1835 818 2014 873 cognita

242 891 286 929 et
317 901 465 941 prope
498 889 670 941 ignota;
704 890 863 932 nullus
893 890 1132 933 catholicis
1165 891 1438 933 accomodus
1470 894 1516 932 et
1547 891 1803 932 communis
1836 889 2015 944 aperie-

243 960 376 1001 batur
403 960 544 1013 locus,
571 972 662 1013 quo
689 960 748 1003 ad
774 960 1121 1003 decernendum
1149 962 1205 1003 de
1234 962 1317 1003 hac
1344 975 1394 1003 re
1422 962 1737 1004 convenirent.
1775 961 1823 1004 Si
1852 961 1929 1014 qui
1957 960 2013 1002 de

242 1030 326 1071 hoc
353 1043 492 1084 agere
520 1031 791 1084 voluissent,
819 1031 954 1074 timor
981 1033 1320 1075 commissionis
1348 1033 1574 1074 bonorum
1604 1035 1649 1074 et
1677 1035 1836 1085 status,
1862 1044 2015 1085 ymmo

242 1100 379 1143 etiam
414 1101 561 1154 ipsius
594 1103 686 1144 vite
718 1115 813 1144 non
846 1103 1024 1145 deerat!
1074 1103 1320 1156 Desperati
1353 1104 1508 1157 itaque
1542 1104 1820 1145 videbantur
1852 1115 2015 1145 omnes

242 1185 327 1214 nec
359 1172 449 1215 iam
483 1173 612 1215 aliud
644 1174 833 1227 cogitari
869 1177 946 1216 aut
979 1174 1069 1216 dici
1103 1178 1181 1217 aut
1213 1175 1320 1216 fieri
1353 1188 1492 1228 posse
1527 1174 1794 1228 credebant,
1827 1173 1917 1217 nisi
1952 1177 2014 1227 ut,
2045 1165 2054 1167 ⁴

241 1245 459 1297 quoniam
482 1245 666 1287 sublata
684 1246 874 1298 penitus
895 1248 1030 1287 erant
1050 1246 1254 1288 humana
1273 1246 1494 1299 presidia,
1517 1246 1813 1289 oracionibus
1831 1245 2015 1288 insiste-

243 1328 398 1358 remus
420 1328 568 1369 penes
594 1316 756 1369 Deum,
778 1320 826 1358 ut
848 1329 1025 1369 pacem,
1049 1329 1138 1370 que
1160 1320 1353 1370 propter
1375 1320 1563 1370 peccata
1585 1319 1744 1359 nostra
1767 1319 1831 1358 tot
1853 1317 2013 1358 lustris

242 1399 267 1429 a
290 1386 425 1429 nobis
450 1387 738 1441 exulaverat,
762 1387 950 1429 tandem
975 1388 1122 1430 nostri
1147 1387 1364 1430 misertus
1388 1388 1560 1430 mundo
1585 1387 1818 1430 redderet.
1857 1387 2015 1429 Emer-

241 1459 312 1511 sit,
342 1458 467 1500 unde
500 1458 690 1500 minime
723 1459 1020 1512 operabatur,
1052 1463 1317 1512 promptum
1348 1463 1395 1501 et
1426 1459 1601 1501 efficax
1632 1459 1718 1500 Dei
1751 1459 1922 1501 donum
1953 1470 2013 1500 ex

240 1541 442 1582 persona
478 1529 768 1572 invictissimi
803 1529 1026 1584 principis
1063 1530 1105 1571 d.
1142 1529 1425 1583 Sigismundi
1460 1530 1772 1572 Romanorum
1809 1532 1854 1571 et
1889 1529 2013 1571 Hun-

239 1601 368 1653 garie
398 1601 536 1654 regis,
567 1601 698 1643 cuius
728 1613 815 1654 ope
846 1602 974 1644 locus
1004 1601 1077 1642 hic
1107 1602 1377 1654 communis,
1408 1600 1544 1654 liber,
1576 1600 1848 1643 accomodus
1876 1600 2012 1643 nobis

241 1674 310 1714 est
337 1671 546 1715 traditus.
594 1672 698 1725 Ipse
727 1675 947 1726 preterea
975 1673 1138 1714 relicto
1167 1684 1311 1726 regno
1341 1675 1386 1714 et
1414 1673 1589 1715 cunctis
1619 1671 2014 1715 desiderabilibus

241 1755 326 1795 per
348 1742 575 1786 maximas
599 1743 902 1786 difficultate-s
924 1744 1012 1785 huc
1036 1756 1086 1785 se
1110 1744 1302 1786 contulit
1325 1746 1462 1796 atque
1486 1743 1651 1786 obtulit
1673 1755 1723 1786 se
1747 1743 1834 1786 loci
1856 1743 2014 1784 huius-

242 1814 363 1855 modi
394 1813 708 1867 defensorem,
736 1817 950 1868 tutorem,
979 1814 1217 1857 custodem
1246 1815 1386 1868 idque
1416 1814 1626 1868 implevit
1653 1817 1701 1857 et
1727 1813 1930 1867 prestitit
1958 1825 2014 1855 ea

241 1884 338 1927 fide
365 1887 503 1938 atque
531 1886 762 1939 sollercia,
788 1889 837 1927 ut
863 1885 966 1939 ipsi,
995 1886 1074 1939 qui
1101 1885 1315 1938 vidimus,
1343 1886 1421 1927 vix
1449 1885 1506 1928 ab
1534 1885 1722 1928 homine
1750 1884 1859 1927 fieri
1884 1887 2014 1939 potu-

242 1956 335 1999 isse
369 1955 625 2001 credamus
672 1956 807 2000 Unde
840 1957 979 1999 etiam
1012 1957 1235 1999 effectum
1268 1960 1352 2010 est,
1384 1960 1432 1999 ut
1463 1957 1655 1999 collecta
1686 1955 1884 1998 ecclesia
1916 1955 2014 1998 Deo

242 2027 470 2081 largiente
503 2028 593 2070 iam
624 2028 857 2070 consecuti
889 2028 1048 2081 simus,
1078 2031 1127 2070 ut
1159 2029 1261 2082 ipsa
1291 2027 1489 2070 ecclesia
1520 2027 1567 2069 in
1596 2030 1692 2070 tres
1722 2029 1881 2081 partes
1911 2038 2014 2069 con-

243 2097 387 2141 scissa
418 2101 462 2140 et
494 2099 697 2141 lacerata
728 2111 813 2152 pro
845 2098 1026 2142 duabus
1057 2099 1187 2142 unita
1219 2102 1264 2141 et
1295 2100 1524 2152 integrata
1556 2099 1628 2152 sit,
1659 2098 1843 2152 prebita
1874 2098 2013 2140 etiam

242 2169 315 2212 via
348 2169 406 2212 sit
439 2170 496 2212 ad
529 2170 718 2212 terciam
752 2170 1089 2223 integrandam.
1135 2170 1206 2212 Ad
1241 2170 1364 2223 quod
1398 2169 1718 2223 peragendum
1753 2169 1876 2211 idem
1911 2169 2012 2222 ipse

243 2253 327 2282 rex
354 2253 440 2294 per
469 2240 764 2294 longissimos
792 2241 972 2282 viarum
1001 2244 1172 2282 tractus
1204 2241 1340 2284 simul
1371 2254 1472 2282 cum
1499 2239 1673 2284 nostris
1700 2239 2014 2282 confratribus

244 2324 328 2364 per
351 2324 432 2355 vos
456 2312 513 2354 ad
535 2312 620 2354 hoc
642 2312 931 2354 transmissis
953 2312 1215 2364 impavidus
1237 2313 1522 2365 properavit,
1545 2324 1681 2365 quem
1706 2311 1805 2353 Deo
1825 2310 2014 2353 favente

244 2395 489 2435 speramus
520 2396 621 2425 cum
653 2382 863 2436 perfecta
895 2382 1042 2436 ipsius
1074 2383 1271 2424 ecclesie
1305 2395 1418 2436 pace
1452 2382 1668 2424 continuo
1699 2394 2014 2424 reversurum.

245 2455 393 2496 Taceo
417 2454 600 2507 reliqua
620 2453 693 2496 hic
715 2453 835 2496 circa
857 2454 1076 2495 heresum
1099 2453 1466 2506 extirpacionem
1490 2457 1534 2495 et
1558 2453 1677 2496 circa
1701 2453 1849 2506 ipsIus
1872 2452 2015 2495 eccle-

245 2526 313 2567 sie
358 2524 742 2577 tranquillitatem
788 2527 932 2578 gesta,
978 2527 1169 2577 propter
1215 2537 1305 2577 que
1353 2524 1455 2578 ipsa
1499 2524 1699 2566 ecclesia
1745 2523 1878 2566 ruine
1925 2523 2015 2565 iam

245 2595 457 2649 proxima
482 2596 624 2653 mul-ta
651 2608 709 2637 ex
734 2599 865 2648 parte
892 2596 937 2637 in
962 2594 1208 2648 pristinum
1233 2595 1405 2637 bonum
1431 2597 1598 2638 statum
1624 2597 1779 2637 erecta
1804 2597 1874 2636 est
1897 2596 1943 2636 et
1968 2594 2015 2635 in

247 2667 348 2710 dies
385 2666 593 2721 erigitur,
634 2667 735 2720 ipso
772 2667 936 2708 eodem
978 2679 1088 2719 rege
1127 2666 1330 2718 favente,
1371 2666 1572 2718 iuvante,
1611 2668 1899 2719 protegente,
1938 2664 2016 2718 qui

246 2739 384 2780 etiam
418 2738 595 2791 abiens,
628 2750 686 2780 ne
721 2749 933 2780 essemus
966 2737 1142 2790 absque
1177 2736 1365 2779 custode
1400 2749 1483 2779 suo
1516 2737 1616 2779 loco
1648 2736 1882 2779 constituit
1915 2735 2017 2777 illu-

247 2812 389 2851 strem
426 2809 685 2862 principem
723 2809 764 2851 d.
803 2808 1083 2850 Ludovicum
1122 2807 1316 2850 Bavarie
1356 2807 1518 2849 ducem
1556 2810 1601 2849 et
1638 2806 1848 2850 comitem
1886 2807 2016 2849 Pala-

248 2881 407 2934 tinum,
447 2893 538 2933 quo
576 2893 713 2922 nemo
751 2880 888 2922 homo
929 2879 1107 2931 melior,
1146 2891 1284 2921 nemo
1322 2878 1580 2921 humanior.
1633 2877 1681 2931 O,
1722 2878 1861 2932 igitur
1898 2876 2016 2919 felix

249 2954 456 2994 nostrum
502 2952 723 3004 seculum,
767 2951 836 2992 cui
880 2950 1068 3004 contigit
1110 2950 1194 2991 hec
1237 2949 1427 2991 intueri!
1485 2948 1816 2991 Glorificemus
1860 2947 2015 3001 itaque

243 3034 399 3075 regem
427 3022 647 3075 celorum,
676 3022 753 3075 qui
781 3021 909 3063 dedit
936 3021 1076 3064 terris
1102 3021 1187 3062 hoc
1213 3023 1423 3073 tempore
1449 3020 1590 3062 talem
1618 3018 1794 3073 regem!
1835 3017 1934 3072 Qui,
1962 3020 2012 3060 ut
