2102 3444
171 154 256 196 410
525 155 569 188 ll.
603 153 811 188 Abschnill.
855 154 1060 188 Sermones
1091 154 1239 188 concilii
1272 154 1591 190 Constanciensis.

178 284 291 313 ones
319 275 362 314 et
391 272 713 314 conclusiones
743 271 992 324 impietatis
1020 284 1350 323 perversorum
1379 273 1563 315 illorum
1593 274 1810 317 videlicet
1837 275 1946 316 olim

177 342 233 383 de
279 346 451 396 papatu
497 342 895 395 contendencium,
941 342 1193 385 iustissime
1242 343 1287 385 in
1336 344 1505 386 Pisano
1549 345 1743 387 concilio
1790 345 1946 399 damp-

177 417 401 465 natorum,
439 413 634 455 ecclesie
673 414 955 455 universalis
990 414 1237 467 tuniceque
1277 414 1447 457 Christi
1485 415 1707 457 unitatem
1744 416 1945 459 letaliter

178 484 508 536 scIndencium,
536 484 793 537 perfectam
823 484 1041 526 unionem
1071 485 1117 526 in
1148 485 1232 527 Dei
1262 486 1459 528 ecclesia
1488 499 1572 539 pro
1600 486 1778 529 viribus
1805 487 1947 529 omni-

179 556 276 608 bus,
309 556 395 596 viis
428 559 472 596 et
505 555 652 597 modis
685 554 1063 608 racionabilibus,
1096 556 1305 599 honestis
1337 560 1383 598 et
1415 556 1623 600 iuridicis
1651 558 1948 610 procurando

175 626 390 678 gloriose.
440 626 635 679 Insuper
666 625 914 669 fasciculos
945 626 1170 680 dogmatis
1199 628 1546 680 perversissimi
1576 627 1795 682 Wycleff,
1825 628 1948 671 Huss

177 700 220 739 et
245 697 511 750 sequacium
539 697 750 750 aliosque
775 709 964 740 errores
991 698 1035 739 in
1062 697 1158 740 fide
1184 702 1229 741 et
1254 698 1462 741 moribus
1489 699 1534 740 in
1561 699 1762 743 diversis
1788 699 1946 742 mundi

176 768 436 810 climatibus
464 768 553 811 iam
584 769 763 811 animas
792 768 1045 811 adurentes
1075 769 1352 823 simplicium
1382 770 1525 822 solve,
1554 769 1730 813 Grecos
1757 773 1802 813 et
1829 773 1947 813 cete-

176 852 251 882 ros
285 852 309 881 a
343 839 439 881 fide
475 839 715 882 deviantes
749 840 807 882 ad
840 840 1048 883 veritatis
1081 840 1291 883 semitam
1324 840 1592 883 reducendo
1624 840 1847 884 virtuose!
1894 841 1948 883 Et

176 910 360 952 demum
388 914 447 963 te,
477 911 535 952 ad
562 910 850 963 pontificalis
878 911 1094 954 culminis
1121 911 1358 965 fastigium
1388 911 1701 965 sublimatum,
1730 924 1948 954 reveren-

175 982 486 1035 dissimosque
516 994 646 1024 sacre
676 982 882 1024 Romane
913 983 1110 1024 ecclesie
1141 983 1405 1025 cardinales
1434 986 1479 1024 et
1509 986 1689 1026 ceteros
1719 983 1948 1037 coepisco-

174 1066 257 1105 pos
288 1053 460 1095 fratres
491 1056 607 1106 tuos,
639 1053 755 1096 alios
785 1053 929 1096 eciam
960 1054 1165 1106 prelatos
1197 1058 1242 1096 et
1271 1054 1474 1096 clericali
1507 1054 1750 1107 deputatos
1781 1054 1946 1107 ordini,

173 1125 255 1167 sed
277 1128 322 1166 et
344 1125 688 1177 imperatorem,
712 1137 847 1178 reges
870 1129 915 1167 et
936 1125 1174 1178 principes
1198 1129 1241 1167 et
1263 1126 1486 1178 populum
1510 1125 1811 1168 christianum
1835 1138 1944 1179 quo-

173 1195 230 1237 ad
253 1208 416 1249 pacem
442 1199 487 1238 et
512 1208 582 1248 ea,
610 1209 698 1249 que
725 1196 843 1249 legis
870 1200 989 1249 sunt,
1015 1197 1096 1238 tibi
1125 1196 1425 1239 subiectionis
1450 1200 1496 1239 et
1520 1196 1794 1239 obediencie
1818 1209 1943 1239 nexu

172 1266 412 1320 obnoxiOS,
439 1268 485 1309 in
512 1267 718 1310 moribus
744 1271 789 1309 et
814 1268 906 1310 vita
934 1267 1193 1310 reformare
1222 1267 1372 1310 stude!
1415 1268 1655 1310 Postremo
1680 1268 1942 1310 libertatem

172 1340 369 1381 ecclesie
395 1339 665 1381 multimode
691 1338 973 1381 confractam
1000 1352 1081 1381 sue
1108 1340 1300 1381 restitue
1327 1339 1524 1392 pristine
1550 1339 1820 1392 condicioni,
1845 1351 1945 1393 gra-

173 1411 356 1454 vamina
391 1414 435 1452 et
468 1423 613 1453 onera
647 1423 732 1464 per
766 1411 1018 1452 Romanam
1053 1411 1298 1452 ecclesiam
1333 1410 1638 1453 inferioribus
1671 1414 1717 1452 et
1750 1411 1944 1464 prelatis

173 1481 449 1524 inferiorum
472 1482 775 1524 ecclesiarum
800 1482 997 1524 subditis
1021 1482 1116 1524 suis
1140 1485 1231 1524 tam
1256 1482 1301 1523 in
1324 1483 1502 1524 honore
1525 1485 1570 1524 et
1592 1485 1713 1524 statu
1737 1482 1942 1535 Ipsorum

172 1567 307 1606 quam
339 1554 384 1595 in
415 1553 597 1607 debitis,
629 1553 949 1596 exactionibus
979 1554 1107 1596 illata
1138 1553 1374 1606 disrumpe
1406 1554 1572 1606 cuique
1604 1554 1676 1596 ius
1705 1566 1838 1595 suum
1867 1553 1945 1594 ho-

173 1637 442 1678 noremque,
471 1624 683 1666 ordinem
713 1625 754 1666 ei
785 1624 967 1668 debitos
997 1626 1123 1667 iuxta
1153 1637 1389 1667 sacrorum
1419 1624 1716 1666 conciliorum
1745 1627 1790 1667 et
1818 1636 1946 1666 sanc-

172 1699 323 1738 torum
348 1700 531 1749 patrum
554 1697 820 1739 sanctiones
848 1696 1173 1749 relinquendo,
1200 1696 1517 1749 ecclesiasque
1545 1695 1591 1737 in
1619 1708 1703 1738 sua
1729 1695 1944 1738 libertate

173 1767 394 1820 primaria
424 1768 745 1810 conservando
774 1768 997 1821 rigorose.
1041 1768 1134 1809 Hoc
1165 1768 1287 1809 enim
1319 1771 1390 1810 est
1417 1768 1678 1820 concilium,
1707 1780 1793 1820 per
1823 1766 1945 1820 quod

173 1842 437 1881 conteretur
480 1840 632 1892 iugum
672 1839 909 1882 servitutis
948 1842 993 1881 et
1031 1851 1147 1881 onus
1187 1839 1244 1881 ab
1284 1838 1492 1881 humeris
1531 1838 1717 1880 illorum
1755 1838 1944 1880 tolletur

176 1910 304 1963 (Ysa.
331 1910 508 1965 XIIII).
548 1910 735 1963 Dissipa
762 1923 873 1963 ergo
898 1910 1224 1963 colligaciones
1252 1906 1516 1963 impietatis,
1543 1910 1672 1952 solve
1696 1909 1944 1952 fasciculos

173 1981 504 2034 deprimentes,
531 1981 712 2023 *dimitte
743 1994 838 2034 eos,
870 1982 946 2035 qui
976 1981 1199 2024 confracti
1232 1984 1350 2034 sunt,
1380 1981 1557 2023 liberos
1586 1984 1632 2023 et
1661 1992 1797 2023 omne
1827 1992 1943 2022 onus

173 2052 426 2105 disrumpe,
460 2056 509 2094 ut
545 2053 607 2095 sic
644 2053 954 2095 saluberrima
990 2055 1066 2095 tua
1103 2052 1370 2106 provisione
1408 2044 1638 2094 libertatis
1670 2051 1944 2105 perhennis,

173 2137 262 2176 qua
295 2123 506 2166 Christus
538 2137 621 2166 nos
655 2125 873 2166 liberavit
907 2124 1030 2178 (Gal.
1068 2124 1182 2178 IIII)
1217 2124 1474 2166 coheredes
1506 2123 1635 2165 effici
1667 2135 1944 2174 mereamur,

173 2208 228 2237 eo
250 2198 503 2248 prestante,
528 2195 605 2248 qui
631 2195 730 2237 sine
755 2195 851 2237 fine
878 2196 987 2238 vivit
1012 2199 1055 2237 et
1079 2199 1242 2248 regnat
1266 2195 1311 2236 in
1336 2196 1493 2236 secula
1518 2195 1780 2236 seculorum
1805 2194 1943 2235 bene-

173 2266 333 2308 dictus.
375 2265 579 2320 Amen.³)

173 2349 293 2391 Marz
327 2348 394 2392 23.
434 2377 480 2380 —
519 2350 838 2392 ,Iohannes
876 2350 1130 2392 Gerson.

292 2420 392 2454 Dru
411 2420 466 2453 ch·
486 2430 496 2453 .·
539 2419 685 2453 Gerson
715 2430 770 2462 op.
801 2419 837 2453 II
864 2420 949 2461 :201;
978 2420 1098 2454 Hard!
1127 2419 1175 2455 ΙΙ,
1202 2421 1288 2458 265,-
1320 2420 1443 2453 Mans}
1473 2418 1539 2452 XX
1553 2418 1651 2459 VIII,
1678 2419 1755 2454 535.

293 2478 357 2520 I‘n
375 2479 399 2520 h
419 2491 444 2520 a
461 2479 473 2520 l
491 2483 505 2520 t
523 2493 534 2521 .·
579 2477 743 2521 Konzil
774 2480 869 2521 und
901 2479 1053 2532 Papst.

292 2550 649 2603 Ambulate,
692 2550 822 2592 dum
865 2551 1061 2592 lucem
1104 2549 1382 2601 habetiS,
1425 2553 1483 2591 ut
1523 2562 1638 2591 non
1679 2548 1944 2590 tenebre

175 2634 278 2664 vos
316 2621 857 2673 comprehendant
899 2621 1022 2675 (Jovh.
1051 2621 1163 2674 XII)
1195 2655 1202 2662 .
1240 2655 1291 2662 ..

176 2715 863 2769 1415Apri16.-Andreas
907 2729 1017 2757 ‘von
1062 2714 1334 2757 Escobar
1376 2728 1457 2767 ep.
1503 2714 1942 2757 Civitatensis.

294 2798 573 2831 Erwc'ilenl:
614 2797 734 2831 Hardt
772 2797 827 2832 Vl.
859 2798 968 2838 1541)

278 2903 308 2937 a)
332 2902 399 2929 Erl.
420 2902 502 2936 s‘¹¹.¹l'
526 2902 591 2930 1)υο
613 2901 759 2935 graciam
789 2902 856 2928 ΙάΙ.
877 2901 960 2934 [ιιΙιιΙ
983 2902 1052 2928 Dat.
1075 2902 1269 2928 ‘'onstuncin·
1291 2901 1321 2928 in
1345 2902 1586 2929 rom-»cacione
1608 2901 1740 2935 publim
1756 2900 1787 2927 in
1803 2898 1943 2927 cccl-:sia

174 2949 289 2977 maiori
308 2949 491 2984 penultima
514 2949 566 2977 die
587 2957 625 2976 m.
649 2948 761 2976 Marcii
783 2951 813 2978 ‹l›
838 2956 922 2975 auno
946 2951 1021 2974 1415.

295 3011 323 3051 ¹)
365 3009 676 3043 Gubernaczclum
712 3009 975 3043 conciliorum:
1026 3010 1088 3043 (lie
1129 3010 1189 3042 Vl.
1230 3010 1371 3043 niensis
1409 3009 1566 3052 Aprilis,
1604 3009 1735 3052 quinta
1771 3007 1942 3042 sessione

174 3069 344 3101 ciusdem
372 3069 518 3102 concilii
546 3079 645 3102 anno
670 3070 703 3102 (1.
733 3069 820 3102 1415
848 3079 917 3104 nie.
944 3068 1009 3112 qui
1034 3068 1100 3101 hec
1126 3068 1261 3105 scribo,
1286 3069 1418 3102 eadem
1447 3069 1508 3102 (lie
1533 3077 1656 3101 coram
1684 3067 1841 3102 concilio
1865 3074 1941 3100 ser-

2067 674 2094 702 k
