2102 3444
246 143 327 189 126
777 143 802 177 l.
829 143 1039 178 Abschnitt.
1079 141 1479 187 Konzilstagebiicher.

244 263 418 314 Quibus
440 265 596 304 tamen
618 262 844 304 contentis
867 261 991 303 ineo
1012 264 1082 303 est
1103 264 1294 314 paratus
1317 260 1573 314 cooperari,
1596 264 1643 302 ut
1665 259 2013 302 racionabiliter

247 337 292 375 et
323 333 443 376 iuste
475 333 703 386 fierent.⁴‘¹)
752 332 805 374 Et
837 333 983 374 eciam
1015 332 1166 385 placet
1199 332 1287 373 sibi
1321 331 1379 373 ad
1410 331 1570 384 finem,
1601 334 1650 373 ut
1681 333 1832 373 cesset
1863 330 2013 373 omnis

243 404 380 445 timor
410 407 486 445 aut
517 403 730 445 dubietas
761 402 1085 455 impressionis
1116 415 1199 444 seu
1229 403 1510 444 tumultuose
1542 401 1806 454 eleccioniS,
1835 404 1884 444 ut
1912 401 2014 454 ipsa

245 474 320 516 die
353 477 397 516 et
429 474 544 516 hora
577 473 824 516 eieccionis
858 473 983 514 Petri
1017 473 1073 514 de
1107 472 1251 526 Luna,
1286 475 1391 515 ante
1424 473 1741 526 prolacionem
1775 471 2014 514 sentencie

243 548 401 587 contra
431 544 632 586 eundem
663 544 964 597 proferende,
995 544 1078 585 fiat
1106 556 1192 597 per
1222 543 1465 585 concilium
1496 543 1733 584 decretum
1763 541 2014 585 annullans

243 616 526 657 eleccionem
555 628 640 668 pro
667 618 772 657 tunc
801 618 845 657 et
874 615 920 656 in
949 618 1085 656 antea
1113 614 1497 667 quandocumque
1524 614 1680 655 taliter
1707 612 1889 655 factam.

367 686 416 727 In
445 698 535 739 qua
564 679 871 739 responsione
901 688 1099 738 notatur,
1129 685 1251 737 quod
1280 688 1501 738 quantum
1532 684 1589 726 ad
1620 683 1915 726 securitatem
1943 685 2015 725 est

246 757 556 810 insufficiens,
581 757 689 809 quia
714 769 764 798 se
792 756 938 797 refert
963 756 1021 798 ad
1044 756 1245 797 oblatam
1270 768 1355 809 per
1380 768 1488 798 suos
1512 758 1736 807 oratores,
1762 752 1840 807 qui
1865 755 2014 797 solum

244 828 513 869 obtulerunt
538 830 759 880 quantum
785 827 843 869 ad
867 826 1165 879 eleccionem,
1190 830 1236 869 et
1259 826 1430 879 petitur
1453 825 1738 879 generaliter
1764 825 1822 867 ad
1847 824 2014 877 omnia,

244 898 368 940 unde
394 898 581 940 timetur
606 898 654 939 in
680 897 798 940 aliis.

359 969 588 1020 Quantum
610 969 668 1011 ad
689 968 925 1010 decretum
945 969 1207 1021 capciosum
1227 971 1297 1010 est
1318 968 1364 1009 in
1385 980 1454 1021 eo,
1476 967 1599 1020 quod
1620 967 1809 1008 innovat
1829 966 2016 1008 decreta

244 1039 425 1081 concilii
454 1040 575 1081 circa
603 1038 844 1081 materiam
872 1038 1135 1092 eleccioniS,
1163 1051 1253 1091 que
1283 1051 1308 1080 a
1336 1037 1492 1080 multis
1521 1037 1686 1079 dicitur
1713 1049 1807 1079 non
1834 1037 2013 1088 valere3

244 1123 348 1163 ymo
374 1110 483 1152 facit
507 1122 693 1162 novum,
719 1110 765 1151 in
792 1122 882 1162 quo
908 1109 1114 1151 excludit
1139 1109 1402 1151 cardinales
1429 1109 1487 1151 ad
1512 1107 1809 1150 eleccionem.
1848 1107 1904 1150 Et
1927 1107 2015 1149 ista

244 1181 491 1234 responsio
520 1193 614 1223 non
645 1181 817 1234 placuit
848 1180 1122 1222 nacionibus
1152 1179 1374 1233 predictis
1407 1182 1451 1221 et
1483 1178 1679 1232 collegio
1709 1177 2015 1221 cardinalium

244 1255 289 1294 et
314 1252 698 1294 deliberaverunt
724 1251 783 1293 ad
808 1251 989 1292 nullum
1017 1253 1165 1293 actum
1192 1250 1463 1304 procedere,
1491 1250 1638 1291 donec
1664 1249 1894 1291 haberent
1918 1249 2016 1302 ple-

244 1336 351 1365 nam
381 1314 677 1365 securitatem
708 1325 752 1364 et
782 1321 968 1364 modum
997 1321 1260 1363 eleccionis.

364 1395 490 1436 Inter
522 1394 607 1435 hec
639 1397 684 1435 et
717 1396 822 1435 ante
855 1405 940 1434 rex
972 1405 1057 1446 per
1088 1392 1369 1434 mediatores
1402 1391 1545 1433 voluit
1576 1391 1754 1433 habere
1786 1402 1888 1431 cum
1920 1401 2017 1432 car-

245 1465 481 1507 dinalibus
516 1463 931 1506 confederaciones
966 1466 1011 1505 et
1047 1462 1291 1505 amicicias.
1340 1463 1393 1504 Et
1428 1461 1621 1504 fuerunt
1653 1461 1816 1515 plures
1850 1459 2015 1502 cedule

245 1536 380 1589 facte,
406 1535 489 1578 sed
514 1548 599 1576 rex
625 1547 811 1587 semper
836 1533 1057 1576 tendebat
1084 1533 1141 1575 ad
1166 1533 1408 1575 materiam
1435 1531 1697 1584 eleccionis,
1723 1531 1846 1585 quod
1871 1530 2016 1573 cardi-

245 1607 380 1649 nales
414 1606 657 1659 eligerent,
693 1605 750 1647 de
785 1617 875 1658 quo
910 1607 1035 1646 esset
1069 1607 1325 1657 contentus,
1360 1604 1434 1644 vel
1469 1602 1678 1644 finaliter
1712 1602 1769 1644 de
1804 1602 2015 1652 nacione,

245 1690 382 1730 quam
407 1677 563 1718 vellet.
601 1676 877 1719 Cardinales
900 1676 1152 1718 noluerunt
1176 1675 1293 1716 illud
1317 1673 1587 1728 promittere
1613 1676 1657 1716 et
1681 1672 1879 1715 cessavit
1901 1684 2014 1726 sepe

245 1751 534 1801 resumptum
559 1750 603 1789 et
629 1759 741 1800 sepe
769 1759 819 1789 ac
844 1746 1005 1788 ultimo
1030 1745 1286 1787 dimissum.

362 1819 611 1870 Postquam
641 1830 726 1859 rex
755 1829 976 1859 reversus
1004 1819 1074 1858 est
1105 1816 1162 1858 de
1191 1815 1360 1869 Anglia
1390 1815 1437 1856 in
1466 1827 1627 1857 mense
1658 1813 1885 1867 Januarii,
1914 1813 2015 1866 ipse

244 1901 330 1942 per
356 1902 406 1931 se
435 1892 479 1930 et
507 1901 616 1931 suos
643 1887 786 1930 voluit
813 1891 1011 1929 tractare
1040 1887 1232 1940 negocia
1260 1886 1443 1928 concilii
1471 1888 1516 1928 et
1543 1885 1631 1938 agi,
1660 1884 1775 1927 sicut
1801 1884 1946 1926 voluit
1971 1886 2017 1925 et

245 1959 431 2013 quando
463 1958 620 2012 voluit,
654 1959 700 2000 in
734 1959 928 2000 nacione
962 1957 1239 1999 Germanica
1272 1954 1427 2011 sepe¹’)
1462 1955 1776 2009 personaliter
1808 1954 2016 1997 existens

245 2034 290 2072 et
314 2042 595 2084 promovens
619 2030 770 2082 plura,
794 2032 985 2082 propter
1010 2028 1112 2070 eius
1136 2028 1431 2081 presenciam
1456 2027 1590 2080 pauci
1616 2025 1851 2069 audebant
1873 2025 2015 2079 plane

246 2101 386 2154 loqui,
411 2101 534 2154 quod
559 2100 863 2141 intendebant
887 2099 934 2140 in
960 2098 1208 2152 aliquibus,
1234 2101 1282 2140 ut
1307 2099 1469 2151 plures
1496 2097 1775 2148 retulerunt;
1804 2096 1911 2138 licet
1935 2096 2016 2138 ali-

246 2172 432 2225 quando
455 2173 501 2212 in
525 2171 606 2213 illa
627 2170 822 2212 nacione
846 2169 1029 2222 dixerit,
1053 2169 1176 2221 quod
1198 2169 1384 2210 volebat
1406 2169 1535 2210 illam
1559 2168 1693 2220 sequi
1715 2167 1762 2208 in
1785 2166 2015 2218 omnibus,

245 2255 365 2284 unus
403 2242 560 2284 doctor
597 2241 686 2283 sibi
724 2240 980 2293 respondit,
1017 2239 1141 2292 quod
1177 2252 1282 2292 ymo
1318 2239 1517 2291 volebat,
1555 2237 1678 2291 quod
1714 2237 1848 2279 nacio
1883 2236 2014 2278 illum

246 2316 541 2366 sequeretur;
572 2315 617 2353 et
647 2312 708 2354 ita
738 2324 849 2353 usus
879 2314 948 2352 est
979 2310 1160 2352 duabus
1189 2309 1462 2351 nacionibus
1492 2308 1744 2350 Germanie
1773 2310 1819 2349 et
1847 2306 2015 2360 Anglie

246 2384 362 2426 sicut
393 2384 503 2426 suis.
547 2383 601 2424 Et
632 2382 701 2423 illi
732 2381 958 2434 fecerunt,
992 2380 1107 2422 sicut
1138 2380 1238 2433 ipse
1271 2380 1429 2421 voluit.
1474 2378 1545 2420 Sic
1578 2378 1665 2420 fuit
1695 2377 1863 2420 divisio
1895 2377 2016 2419 inter

245 2457 340 2496 tres
373 2454 491 2496 alias
522 2452 742 2495 naciones
774 2456 819 2494 et
851 2451 1096 2504 collegium
1129 2450 1435 2492 cardinalium
1467 2462 1526 2490 ex
1559 2461 1651 2491 una
1684 2451 1729 2491 et
1760 2448 1867 2491 illas
1899 2447 2016 2489 duas

245 2525 466 2567 naciones
495 2527 539 2565 et
569 2535 727 2576 regem
757 2535 815 2564 ex
847 2523 1009 2575 altera,
1041 2522 1146 2563 licet
1177 2520 1320 2573 aliqui
1351 2520 1408 2562 de
1441 2520 1535 2562 illis
1564 2519 1713 2562 tribus
1742 2518 2016 2561 nacionibus

245 2607 403 2648 regem
435 2597 760 2653 sequerentur,
794 2594 871 2646 qui
905 2605 931 2635 a
963 2591 1241 2645 quibusdam
1273 2591 1419 2632 eciam
1454 2589 1701 2632 Germanis
1732 2589 2016 2631 vocabantur

246 2665 430 2719 precisi.

364 2736 448 2778 Die
483 2735 712 2777 dominica
743 2734 862 2788 XI.“)
899 2733 1010 2776 Julii
1045 2731 1431 2775 M‘¹CCCC⁰XVII⁰
1464 2734 1509 2773 et
1542 2730 1723 2772 concilii
1755 2729 1899 2772 tercio
1930 2741 2016 2771 rex

246 2808 557 2849 Romanorum
580 2808 683 2860 post
705 2806 867 2859 plures
889 2804 1227 2857 requisiciones
1251 2802 1339 2844 sibi
1363 2802 1508 2844 factas
1531 2814 1591 2843 ex
1612 2803 1745 2854 parte
1768 2800 2014 2842 nacionum

247 2878 414 2931 Ytalie,
448 2877 600 2920 Gallie
635 2880 680 2919 et
715 2875 921 2929 Yspanie
958 2878 1094 2927 atque
1129 2872 1434 2915 cardinalium
1469 2871 1596 2914 venit
1628 2871 1750 2913 bene
1785 2883 1920 2913 mane
1956 2868 2016 2912 ad

245 2947 490 2989 ecclesiam
519 2950 564 2989 et
592 2947 694 3000 ipso
720 2949 942 3000 presente
970 2944 1079 2987 fecit
1107 2943 1240 2997 affigi
1269 2943 1316 2984 in
1346 2943 1494 2984 valvis
1523 2942 1721 2984 ecclesie
1751 2939 2015 2983 Constanci-

352 3058 382 3085 υ.)
404 3052 442 3085 B,
464 3053 493 3078 ζ’.
534 3051 566 3085 b)
592 3053 622 3084 C,
644 3051 693 3077 D:
715 3049 898 3084 sepissime.
937 3055 966 3083 c)
986 3049 1072 3083 iri-if]
1095 3048 1179 3075 XVI.
