2227 3434
825 147 914 181 1416
938 147 1027 181 Nox‘.
1049 147 1104 181 28.
1762 146 1847 189 473

83 267 129 308 in
163 279 254 320 quo
288 279 381 308 non
416 269 486 308 est
521 266 579 308 ad
614 278 719 307 eum
754 268 877 308 tutus
913 277 1140 316 accessus,
1178 278 1227 307 se
1263 266 1466 317 reclusit,
1502 264 1579 306 ubi
1614 264 1847 317 prefatum

84 338 389 378 inveteratum
413 337 578 378 scisma
598 336 743 378 nutrit
763 339 807 377 et
830 335 954 377 fovet
975 339 1020 377 et
1043 336 1197 377 omnia
1219 335 1549 388 inpedimenta,
1572 347 1660 387 que
1685 338 1848 387 potest,

82 410 259 460 prestat
293 411 339 449 et
375 410 605 460 procurat,
641 419 699 447 ne
737 406 794 448 ad
830 405 1083 458 predictam
1121 406 1316 448 ecclesie
1355 405 1573 447 unionem
1611 404 1847 458 perveniri

83 477 241 530 possit,
266 490 356 530 que
381 477 634 520 secundum
658 480 839 529 patrum
866 477 1052 518 decreta
1078 477 1281 518 heresim
1310 476 1516 517 inferunt
1541 475 1849 517 manifestam.

83 547 148 589 Ea
180 550 372 600 propter
403 548 516 589 haec
549 560 679 589 sacra
713 546 904 589 sinodus
936 547 1186 589 intendens
1219 547 1306 589 sibi
1341 547 1588 599 providere
1622 550 1666 588 et
1700 547 1849 598 ipsum

83 618 249 660 scisma
281 619 467 671 penitus
500 618 792 669 submovere,
825 618 932 659 licet
963 618 1193 670 premissa
1224 617 1405 659 notoria
1436 620 1479 658 et
1513 630 1623 658 vera
1654 629 1851 658 commu-

82 689 205 730 niter
233 688 508 740 habeantur,
539 692 692 730 tamen
724 701 809 741 pro
839 687 1038 740 quodam
1070 688 1350 740 provisionis
1381 687 1517 729 huius
1548 687 1852 728 fundamento

83 759 309 801 commisit
341 758 538 812 prefatis
570 759 769 814 dominis
801 758 916 801 meis
948 762 992 800 et
1024 771 1184 800 eorum
1218 758 1380 799 maiori
1414 758 1547 811 parti,
1580 761 1627 799 ut
1661 758 1717 798 de
1750 769 1852 810 pre-

83 829 238 872 missis
262 833 306 872 et
329 842 489 872 eorum
514 830 878 872 circumstanciis
902 833 946 871 et
970 828 1345 881 dependentibus
1369 832 1413 871 et
1435 828 1658 870 connexis
1682 831 1726 870 et
1749 827 1852 869 aliis

47 896 50 899 ’
85 899 143 941 ad
168 912 226 942 ea
253 900 601 952 quomodolibet
627 899 906 942 facientibus
934 903 979 942 et
1006 900 1213 952 ipsorum
1240 898 1514 940 notorietate
1543 898 1668 940 fama
1695 901 1739 939 et
1766 898 1854 939 cla-

85 982 212 1013 more
237 974 282 1012 et
305 970 458 1023 etiam,
483 983 572 1024 que
598 971 697 1012 loca
723 970 922 1023 insignia
947 973 1105 1012 essent
1130 969 1351 1011 viciniora
1377 969 1496 1011 dicto
1521 972 1671 1011 castro
1696 968 1853 1010 Panis-

83 1042 198 1094 cole,
243 1041 301 1083 ad
346 1054 434 1094 que
481 1042 539 1083 sit
582 1044 705 1083 tutus
751 1054 978 1094 accessus,
1026 1041 1276 1082 summarie
1323 1044 1367 1082 et
1413 1040 1661 1092 diligenter
1706 1039 1853 1091 inqui-

86 1115 244 1154 rerent
275 1115 418 1154 testes
449 1115 494 1154 et
526 1107 617 1154 alia
648 1112 981 1164 probacionum
1013 1124 1188 1164 genera
1220 1111 1524 1164 reciperenw)
1561 1113 1605 1152 et
1636 1110 1682 1151 in
1717 1109 1856 1162 scrip-

86 1183 143 1224 tis
183 1182 230 1224 in
269 1182 420 1225 forma
459 1183 646 1236 publica
687 1183 835 1236 redigi
874 1182 1085 1225 facerent
1122 1186 1169 1224 et
1208 1182 1361 1223 eidem
1403 1181 1565 1223 sinodo
1606 1180 1855 1231 referrent,

87 1256 134 1295 ut
178 1253 350 1296 exin-de
394 1253 494 1306 ipsa
540 1253 732 1296 sinodus
777 1253 1011 1306 procedat,
1057 1257 1194 1305 prout
1240 1253 1298 1294 ad
1341 1264 1502 1305 pacem
1547 1255 1592 1293 et
1638 1251 1857 1292 unionem

86 1324 282 1366 ecclesie
320 1324 490 1366 viderit
526 1324 766 1377 expedire,
803 1327 941 1377 prout
976 1324 1060 1365 hec
1098 1327 1143 1365 et
1180 1323 1270 1365 alia
1306 1322 1630 1365 commissione
1670 1322 1856 1375 plenius

86 1395 359 1436 continetur.
437 1394 577 1437 Cuius
640 1392 870 1448 quidem¹')
937 1394 1276 1436 commissionis
1339 1393 1587 1446 diligenter
1651 1392 1858 1445 inspecto

86 1468 247 1507 tenore
291 1465 463 1518 prefati
508 1465 680 1508 domini
725 1478 867 1518 super
910 1465 1048 1508 certis
1091 1465 1243 1507 causis
1287 1476 1345 1506 ex
1390 1463 1491 1516 ipsa
1533 1462 1857 1504 commissione

88 1537 322 1589 extractis,
358 1549 443 1579 seu
482 1537 540 1578 ad
578 1537 726 1589 ipsam
764 1536 1042 1578 facientibus
1081 1536 1248 1578 multos
1286 1538 1443 1588 testes,
1483 1534 1664 1587 aliquos
1699 1537 1858 1576 sancte

86 1606 292 1649 Romane
337 1607 534 1650 ecclesie
579 1607 844 1650 cardinales
888 1610 933 1648 et
977 1607 1094 1649 alios
1138 1605 1262 1648 viros
1307 1617 1489 1659 graves,
1533 1605 1657 1646 omni
1702 1616 1859 1656 accep-

88 1677 218 1720 cione
275 1677 474 1720 maiores
530 1678 723 1731 prestito
777 1691 862 1731 per
918 1678 1123 1730 ipsorum
1179 1678 1387 1730 singulos
1444 1677 1704 1718 iuramento
1757 1675 1859 1716 dili-

88 1751 252 1801 genter
283 1749 611 1790 examinarunt
642 1752 688 1790 et
720 1748 925 1801 ipsorum
960 1748 1077 1790 dicta
1112 1748 1157 1789 in
1193 1747 1375 1799 scriptis
1410 1747 1455 1788 in
1490 1746 1641 1788 forma
1673 1745 1858 1798 publica

90 1819 238 1873 redigi
274 1819 501 1862 fecerunt.
553 1820 621 1861 Ex
661 1832 854 1872 quorum
895 1818 1266 1872 depositionibus
1304 1817 1514 1871 prefati‘)
1555 1816 1857 1859 commissarii

89 1890 246 1932 vident
277 1889 513 1944 probatad)
548 1903 654 1933 esse
687 1893 901 1932 contenta
934 1891 980 1931 in
1012 1890 1242 1943 premissa
1275 1888 1613 1931 commissione.
1657 1888 1860 1939 Quorum

89 1962 228 2004 etiam
253 1961 438 2004 testium
465 1961 585 2004 dicta
609 1961 696 2014 ipsi
721 1960 1043 2012 commissarii,
1070 1960 1108 2002 si
1134 1973 1250 2013 opus
1276 1959 1514 2010 vidissent,
1540 1959 1613 2000 hic
1638 1958 1860 2000 fecissent

90 2032 275 2085 publice
308 2032 413 2085 legi.
457 2031 534 2074 Set
565 2035 752 2085 attento,
785 2032 908 2084 quod
941 2032 1027 2074 ista
1058 2030 1324 2072 informatio
1356 2030 1477 2072 facta
1508 2033 1578 2072 est
1609 2042 1667 2070 ex
1701 2041 1861 2081 super-

90 2102 393 2156 habundanti,
418 2106 466 2145 ut
490 2116 549 2144 ex
573 2103 674 2156 ipsa
699 2102 1022 2144 commissione
1048 2101 1292 2155 colligitur,
1317 2092 1704 2142 existimaverunt
1729 2098 1860 2140 suffi-

92 2186 198 2215 cere
238 2174 521 2216 relacionem
560 2174 813 2216 verbalem.
869 2174 922 2215 Et
962 2171 1193 2214 veniendo
1234 2171 1379 2225 magis
1419 2171 1764 2224 particulariter
1804 2169 1861 2218 ad

90 2245 448 2298 explicationem
482 2245 817 2297 premissorum
851 2244 1149 2286 considerant
1183 2243 1269 2296 ipsi
1305 2241 1624 2293 commissarii,
1659 2240 1780 2294 quod
1815 2240 1859 2281 in

92 2315 177 2358 hac
202 2328 252 2357 re
278 2315 305 2358 8
331 2315 522 2358 fuerunt
545 2315 616 2357 eis
642 2314 910 2368 specialiter
936 2315 1198 2356 commissa:
1241 2314 1445 2354 Primum
1473 2315 1542 2354 est
1569 2312 1625 2353 de
1652 2315 1860 2363 tempore

93 2386 358 2429 duracionis
393 2386 529 2428 huius
566 2386 794 2429 scismatis
831 2389 875 2427 et
913 2385 1073 2438 quod‘·)
1114 2385 1250 2426 annis
1287 2383 1341 2425 ‘22
1379 2383 1657 2424 Benedictus
1697 2383 1740 2422 in
1779 2394 1862 2423 sua

92 2457 365 2499 obediencia
395 2461 615 2510 papatum
647 2457 867 2508 tenuerit;
903 2456 1156 2498 secundum
1187 2458 1270 2506 est,
1303 2454 1424 2507 quod
1457 2466 1543 2506 per
1572 2452 1862 2495 doctissimos

93 2528 218 2571 viros
248 2528 336 2570 {am
366 2527 521 2570 multis
552 2527 686 2569 annis
715 2527 981 2569 conclusum
1012 2525 1111 2578 fuit,
1142 2526 1250 2578 qui'a
1279 2525 1352 2568 via
1381 2524 1605 2567 cessionis
1634 2526 1732 2565 erat
1764 2523 1861 2565 sola

94 2598 333 2651 possibilis
367 2599 554 2640 attentis
588 2597 946 2640 difficultatibus
983 2597 1028 2638 in
1062 2596 1183 2639 facto
1217 2599 1261 2637 et
1296 2595 1342 2637 in
1378 2595 1477 2636 iure
1514 2594 1571 2637 ad
1606 2593 1861 2636 tollendum

96 2669 279 2721 scisma:
318 2669 518 2721 tertium,
557 2668 679 2722 quod
716 2668 993 2710 Benedictus
1031 2667 1179 2709 adhuc
1217 2665 1468 2708 cardinalis
1505 2665 1551 2706 in
1590 2664 1861 2707 obediencia

97 2739 350 2782 Clementis
384 2740 447 2782 sic
483 2740 527 2780 in
564 2752 646 2782 sua
681 2738 953 2781 obediencia
988 2738 1239 2790 nuncupati
1273 2737 1391 2778 hanc
1425 2737 1545 2778 viam
1581 2734 1784 2777 laudavit
1819 2737 1863 2775 et

95 2809 370 2862 approbavit
401 2813 446 2851 et
476 2810 598 2862 quod
631 2809 815 2850 demum
846 2809 892 2850 in
923 2809 1143 2860 conclavi,
1176 2808 1222 2848 in
1254 2820 1344 2860 quo
1376 2806 1462 2848 fuit
1493 2807 1682 2856 electus,
1715 2805 1860 2857 ipsam

96 2880 315 2933 prosequi
353 2880 519 2922 iuravit
555 2880 680 2922 iuxta
715 2883 925 2921 tenorem
961 2883 1085 2921 certe
1121 2878 1300 2929 cedule,
1336 2878 1466 2919 cuius
1500 2879 1633 2918 tenor
1671 2876 1715 2916 in
1751 2875 1861 2916 actis

201 3036 231 3057 ab
256 3032 299 3058 ΙΙκ
325 3033 523 3065 recepere-nt.
582 3031 613 3063 Ιι)
639 3031 682 3058 118
703 3030 876 3064 siquiclvm.
934 3037 961 3053 c
985 3030 1029 3056 lls
1050 3029 1180 3064 prixnti.
1237 3029 1268 3055 ‹l›
1293 3030 1335 3054 lls
1361 3028 1541 3063 probatam.
1600 3036 1627 3051 υι
1654 3027 1695 3051 ΙΙκ
1717 3029 1803 3058 quint.
