2102 3444
224 121 310 164 312
759 121 786 156 I.
813 120 1023 156 Abschnitt.
1061 121 1462 165 Konzilstagebiicher.

225 240 495 292 sententias,
520 253 636 293 quas
659 240 845 282 domina
871 240 1033 293 regina
1050 240 1324 292 incurreret,
1340 252 1391 282 ac
1405 240 1778 283 inconvenientia
1793 241 1996 294 dampna

225 314 269 352 et
296 310 578 363 discrimina,
605 324 694 363 que
719 310 891 352 nedum
915 310 1023 352 huic
1048 322 1192 363 regno
1218 314 1264 352 et
1288 311 1550 364 regnicolis,
1577 311 1659 354 sed
1683 311 1763 354 toti
1789 311 1995 354 christia·

225 381 355 424 nitati
395 382 587 424 evenire
625 385 841 435 poterant
880 380 1184 434 ostendendo,
1224 382 1260 424 si
1302 381 1403 435 ipsa
1441 382 1627 424 domina
1667 382 1828 436 regina
1869 383 1994 436 ipsas

224 452 472 504 petitiones
506 455 550 494 et
579 455 795 494 contenta
827 452 871 493 in
906 451 1119 504 capitulis
1151 452 1321 505 exequi
1353 452 1597 505 omitteret,
1631 453 1995 506 supplicavimus

224 522 281 565 de
314 524 448 575 bona,
480 523 611 565 brevi
646 526 690 564 et
723 523 865 564 celeri
896 522 1213 576 expeditione,
1247 536 1382 576 quam
1416 523 1493 565 XL
1526 523 1691 566 diebus
1721 526 1996 576 expectave-

225 606 395 646 ramus,
417 593 704 647 requirendo
723 594 877 647 etiam,
900 594 1023 647 quod
1045 593 1123 636 diu
1144 593 1341 636 ulterius
1363 594 1560 637 eandem
1584 594 1696 637 dare
1718 607 1811 636 non
1831 594 1995 636 differ-

225 667 341 715 rent,
365 677 465 707 cum
490 664 781 718 impossibile
804 664 940 717 foret,
963 664 1087 718 quod
1109 664 1155 706 in
1180 664 1303 708 dieta
1325 678 1430 708 esse
1455 678 1713 719 possemus,
1736 678 1888 719 ymmo
1909 678 1994 708 nec

222 736 433 778 nuntium
481 735 678 788 misisse,
725 739 1133 790 quantumcunque
1181 735 1409 785 modicum
1454 739 1821 790 expectaremus.
1880 736 1995 788 Qua-

222 809 414 859 propter
443 809 547 860 post
576 806 929 859 requisitionem
961 808 1087 850 iuxta
1116 807 1413 860 prehabitum
1444 807 1687 850 consilium
1719 807 1875 849 debite
1904 807 1995 850 fac-

221 881 328 931 tam,
359 877 482 930 quod
512 890 597 931 per
627 890 712 920 nos
741 890 835 920 non
868 878 1030 930 stabat,
1062 878 1173 931 quin
1205 881 1418 920 contenta
1451 878 1496 919 in
1527 877 1741 931 capitulis
1773 877 1995 932 adimple-

224 951 398 1002 rentur,
427 948 483 991 de
510 949 634 991 omni
662 949 863 1002 dampno
891 962 941 991 ac
968 950 1198 992 interesse
1226 952 1309 991 etc.
1336 962 1395 991 ex
1423 962 1551 991 mora
1579 961 1662 992 seu
1689 949 1807 992 alias
1833 961 1994 992 eorum

222 1020 358 1073 culpa
384 1020 684 1072 proventuris
712 1033 762 1062 ac
788 1021 1163 1074 transgressione
1193 1019 1440 1062 iuramenti
1469 1033 1554 1074 pro
1583 1021 1684 1063 iure
1712 1019 1994 1063 universalis

221 1091 418 1133 ecclesie
453 1094 498 1132 et
531 1090 648 1133 alias
682 1094 764 1133 etc.
796 1091 1173 1145 protestabamur
1206 1094 1251 1133 et
1283 1090 1457 1134 fuimus
1492 1090 1764 1134 solemniter
1796 1090 1993 1144 meliori,

223 1175 312 1214 quo
334 1161 582 1215 potuimus,
606 1162 742 1204 modo
762 1162 1020 1215 protestati.
1057 1162 1232 1213 Quibus
1257 1162 1390 1205 dictis
1413 1165 1458 1204 et
1482 1163 1593 1205 satis
1617 1163 1812 1205 moleste
1836 1175 1994 1216 recep-

222 1233 279 1275 tis
304 1245 582 1286 responsum
606 1232 742 1275 nobis
768 1233 944 1276 exstitit
969 1233 1100 1286 quasi
1125 1236 1173 1275 ut
1199 1246 1340 1286 supra
1365 1226 1596 1285 videlicet,
1623 1233 1746 1286 quod
1772 1232 1993 1276 admirari

219 1316 313 1346 non
341 1303 643 1357 debebamus,
670 1317 722 1347 se
751 1303 964 1357 expediri
992 1317 1086 1346 non
1114 1307 1429 1357 potueramus,
1458 1305 1567 1357 quia
1593 1306 1776 1347 nosmet
1803 1304 1892 1358 ipsi
1918 1303 1995 1347 tri-

221 1375 508 1418 bulationem
533 1375 665 1429 regni
690 1378 734 1417 et
757 1375 980 1428 pericula,
1005 1375 1051 1416 in
1075 1374 1244 1428 quibus
1266 1374 1467 1427 fuerant,
1491 1374 1773 1418 videramus.
1809 1375 1865 1418 Et
1888 1375 1994 1418 ideo

221 1446 490 1499 patientiam
519 1446 696 1488 habere
728 1446 1029 1499 debebamus,
1059 1446 1182 1500 quia,
1211 1445 1302 1488 nisi
1332 1446 1453 1488 inter
1483 1459 1531 1488 se
1561 1459 1723 1499 pacem
1749 1446 1994 1498 haberent,

224 1517 514 1570 impossibile
541 1520 654 1571 erat,
680 1517 803 1571 quod
828 1517 885 1560 ad
910 1530 1072 1571 pacem
1099 1517 1295 1559 ecclesie
1322 1517 1567 1559 intendere
1592 1516 1866 1570 potuissent.
1903 1516 1995 1560 Sed

223 1601 323 1630 cum
344 1601 431 1642 per
454 1589 539 1631 Dei
561 1589 756 1642 gratiam
778 1602 902 1631 nunc
924 1588 1056 1642 regni
1077 1589 1263 1642 negotia
1285 1588 1441 1630 forent
1460 1588 1508 1629 in
1531 1588 1653 1630 bona
1675 1587 1996 1642 dispositione,

224 1659 540 1702 indubitanter
574 1660 759 1703 domina
794 1660 957 1714 regina
991 1672 1177 1702 manum
1211 1663 1409 1713 poneret
1441 1659 1499 1702 ad
1531 1661 1738 1702 nostram
1771 1658 1997 1713 expediti-

224 1743 359 1773 onem
386 1734 430 1773 et
457 1731 579 1784 quod
604 1744 689 1785 pro
715 1734 840 1774 certo
865 1731 923 1774 ad
950 1730 1041 1773 alia
1067 1732 1169 1784 ipsa
1194 1743 1277 1773 seu
1304 1731 1549 1773 consilium
1574 1743 1668 1773 non
1694 1730 1996 1783 diverterent,

224 1802 370 1844 donec
403 1802 609 1855 expediti
644 1802 831 1856 penitus
865 1801 1214 1845 exsisteremus
1260 1801 1435 1854 Quibus
1470 1801 1602 1844 dictis
1637 1802 1875 1855 regratiati
1909 1800 1997 1843 fui-

225 1886 326 1916 mus
357 1872 590 1926 decenter,
621 1873 861 1925 instantes,
892 1877 941 1916 ut
972 1873 1095 1915 diem
1126 1877 1298 1916 certam
1328 1872 1465 1915 nobis
1495 1873 1659 1915 saltem
1690 1872 1996 1927 assignarent.

225 1944 354 1995 Quod
378 1944 483 1986 licet
508 1957 650 1998 super
671 1945 757 1987 hoc
779 1944 930 1987 tribus
953 1947 997 1986 et
1021 1947 1217 1998 quatuor
1243 1944 1549 1986 institerimus
1572 1943 1823 1997 replicatis,
1845 1956 1998 1997 ymmo

228 2028 373 2068 usque
404 2014 507 2057 fere
540 2015 597 2058 ad
630 2016 1026 2058 contristationem
1058 2016 1244 2058 domine
1278 2014 1453 2069 regine,
1486 2014 1699 2057 obtinere
1730 2027 1823 2057 non
1855 2013 1999 2057 valui-

228 2098 341 2128 muS.
375 2086 466 2129 Sed
487 2086 548 2129 sic
570 2086 758 2139 ibidem,
779 2090 934 2128 tamen
955 2085 1085 2140 prius
1105 2100 1190 2140 pro
1210 2089 1343 2140 parte
1366 2086 1406 2128 d.
1430 2086 1553 2140 regis
1574 2086 1841 2140 Aragonum
1860 2085 1996 2128 nobis

225 2156 524 2209 presentibus
552 2156 689 2200 etiam
722 2157 799 2199 diu
830 2161 935 2200 ante
966 2158 1246 2200 instantibus
1278 2157 1492 2200 omnibus
1524 2157 1667 2200 salvis
1696 2156 1997 2199 conductibus

225 2227 505 2270 necessariis
540 2228 837 2282 presentatis,
875 2232 1070 2281 excepto
1108 2229 1355 2282 imperiali,
1393 2241 1531 2281 quem
1568 2227 1895 2271 dubitabamus
1933 2227 1998 2270 af-

226 2299 354 2341 ferre
378 2311 517 2352 posse
542 2299 851 2352 preiudicium
875 2299 923 2341 in
949 2300 1149 2353 negotio,
1176 2299 1227 2352 si,
1254 2299 1369 2342 sicut
1393 2312 1625 2352 veremur,
1651 2300 1725 2342 isti
1752 2297 1996 2352 malignari

228 2370 473 2422 voluerint,
514 2383 539 2412 a
576 2370 815 2423 presentia
855 2371 974 2412 dicte
1015 2370 1200 2412 domine
1242 2371 1402 2423 regine
1442 2370 1736 2413 recessimus.
1789 2370 1858 2412 Ex
1895 2372 2000 2423 post

229 2444 380 2483 autem
410 2441 618 2494 qualibet
646 2441 720 2483 die
748 2454 841 2484 non
871 2454 1107 2484 cessamus
1137 2441 1272 2484 modo
1300 2454 1442 2483 unum
1473 2441 1608 2484 modo
1637 2440 1778 2484 alium
1807 2440 1998 2483 visitare

227 2516 272 2555 et
305 2511 570 2565 sollicitare,
603 2512 857 2555 secundum
889 2512 1011 2565 quod
1043 2512 1210 2555 melius
1241 2525 1502 2565 possumus.
1548 2513 1602 2554 Et
1632 2511 1741 2565 quia
1771 2512 2000 2554 terminus

228 2584 452 2636 temporis
484 2584 828 2636 appropinquat
860 2583 981 2625 diete
1012 2583 1220 2637 predicte
1253 2586 1297 2625 et
1328 2583 1577 2635 nescimus,
1609 2582 1795 2637 quando
1826 2583 2000 2625 erimus

230 2654 453 2707 expediti,
487 2654 699 2697 videntes
735 2654 872 2697 etiam
910 2653 1198 2707 impossibile
1232 2654 1367 2696 nobis
1402 2654 1504 2696 fore
1540 2653 1776 2696 vobiscum
1810 2667 1918 2697 esse
1952 2653 1999 2696 in

230 2725 440 2778 termino,
470 2725 641 2767 idcirco
670 2739 767 2768 rem
797 2728 988 2779 gestam,
1015 2728 1065 2768 ut
1094 2728 1248 2767 vestre
1279 2735 1424 2767 revme
1452 2725 1758 2778 paternitates
1786 2724 2000 2779 provide-

231 2799 320 2849 ant,
356 2796 609 2839 secundum
646 2797 766 2850 quod
802 2796 1004 2839 viderint
1037 2795 1277 2850 expedire,
1313 2799 1581 2849 presentem
1613 2796 1826 2839 nuntium
1861 2796 1919 2838 ob
1951 2795 1999 2837 id

229 2879 455 2919 expresse
483 2867 656 2911 nostris
687 2867 922 2921 expensis,
953 2867 1163 2921 quamvis
1191 2867 1402 2920 pecuniis
1431 2879 1666 2920 egeamus,
1694 2866 1998 2918 destinanteS‚

229 2938 360 2981 vobis
383 2938 716 2992 significamus.
752 2939 807 2981 Et
828 2939 1040 2991 ulteriuS,
1061 2941 1111 2980 ut
1131 2938 1196 2980 nil
1219 2951 1302 2981 vos
1323 2938 1479 2989 lateat,
1503 2938 1673 2991 aliqua,
1697 2950 1787 2991 que
1807 2937 1854 2979 in
1876 2936 1997 2980 facto

230 3010 502 3051 consistunt:
531 3010 682 3063 primo
707 3010 828 3063 quod
855 3009 955 3053 sine
983 3009 1123 3052 dubio
1147 3009 1320 3052 veritas
1345 3012 1417 3051 est
1442 3012 1487 3052 et
1514 3009 1575 3052 ita
1601 3007 1997 3063 attestamur,quia
