2227 3434
838 168 928 202 1416
955 168 1056 211 Sept.
1082 168 1113 202 6.
1774 172 1859 214 465

91 283 284 326 concilia
315 285 619 338 promulgata,
652 285 914 338 transgredi
945 298 1037 327 non
1070 287 1307 328 verentur!
1354 286 1400 329 Si
1433 288 1590 330 verbis
1622 289 1737 330 meis
1767 301 1859 330 non

92 354 295 407 creditis,
318 355 482 397 saltem
505 356 727 408 operibus
751 356 956 408 ipsorum
979 357 1167 398 credite.

208 425 444 467 Attendite
471 429 516 466 et
542 425 713 467 videte!
755 426 869 467 Ecce
897 427 1050 469 clerus
1079 427 1283 469 Romane
1312 428 1452 480 curie,
1479 441 1568 481 que
1598 442 1624 471 a
1650 433 1858 482 tempore

91 495 317 538 scismatis
353 497 474 538 ultra
511 496 758 538 humanam
794 497 1023 539 maliciam
1060 498 1314 550 depravata
1349 500 1607 551 estimatur;
1646 500 1860 542 similiter

90 565 244 607 clerus
268 566 405 608 huius
428 566 653 619 dyocesis,
677 579 830 619 ymmo
853 567 990 609 huius
1014 568 1225 620 civitatis,
1251 572 1319 610 set
1343 573 1388 610 et
1414 570 1656 622 ipsiusmet
1680 571 1857 623 synodi,

89 647 226 688 quam
265 636 492 679 obediens
530 637 661 679 vobis
700 638 886 679 existat!
941 637 1260 691 Considerate,
1301 652 1459 692 queso,
1500 652 1557 681 an
1597 640 1859 682 reverendo

89 706 207 749 hanc
239 719 416 749 sacram
448 708 688 760 synodum,
723 708 767 749 in
800 709 930 751 cuius
963 710 1109 751 oculis
1140 713 1352 751 versatur
1383 711 1583 763 cottidie,
1615 712 1780 753 saltem
1812 712 1858 752 in

88 777 276 820 minimo
310 778 448 820 vitam
484 778 756 820 dissolutam
790 779 1123 821 emendaverit.
1172 780 1262 822 Pro
1297 784 1422 822 certo
1456 782 1669 823 dicuntur
1702 782 1858 824 clerici

87 848 288 891 curiales
322 848 470 890 adhuc
506 862 614 892 suas
648 853 810 891 tenere
845 850 1140 902 concubinas,
1177 851 1491 893 inverecunde
1524 844 1857 905 931311101ηηί-

88 918 174 961 bus
211 919 359 961 adhuc
396 920 866 962 iusticiam-vendere
905 924 950 962 et
988 922 1319 963 universaliter
1354 923 1477 963 omni
1517 923 1670 976 spec-ie
1711 924 1856 976 lepre,

88 993 136 1031 ut
167 990 312 1043 prius,
345 990 633 1043 sordescere,
667 991 754 1032 nisi
790 991 913 1043 quod
947 1004 1067 1032 nunc
1102 1004 1194 1033 non
1227 996 1384 1033 emunt
1419 994 1682 1045 signaturas
1714 995 1857 1047 graci-

88 1072 233 1113 arum,
259 1060 367 1113 quia
392 1073 486 1102 non
512 1064 581 1103 est
607 1061 834 1113 vendens3
864 1065 1052 1103 utuntur
1078 1066 1232 1104 tamen
1259 1063 1491 1116 intrepide
1518 1064 1647 1116 prius
1675 1065 1856 1117 emptis.

91 1131 314 1173 Incedunt
342 1131 498 1173 clerici
529 1133 671 1184 curie,
701 1145 805 1184 ymo
835 1133 1048 1174 nonnulli
1081 1134 1158 1174 alii
1191 1133 1337 1175 eciam
1367 1135 1669 1176 ecclesiarum
1700 1135 1857 1176 kathe-

87 1201 286 1243 dralium
319 1203 488 1255 prelati
521 1206 567 1243 et
599 1203 806 1244 canonici
840 1203 886 1244 in
920 1203 1127 1245 vestibus
1161 1203 1433 1245 indecenter
1464 1204 1679 1258 figuratis
1712 1205 1856 1257 impu-

86 1272 201 1325 dice,
230 1272 447 1314 videlicet
477 1273 858 1326 quadriphariam
889 1286 1035 1326 usque
1066 1274 1124 1315 ad
1152 1277 1284 1316 nates
1316 1278 1392 1316 aut
1421 1275 1653 1328 cingulum
1684 1275 1855 1327 incisis,

86 1346 134 1384 ut
165 1344 321 1396 palam
354 1347 510 1396 pateat
541 1344 798 1396 proceritas
833 1357 1032 1396 crurum,
1068 1344 1276 1397 fulgidus
1308 1345 1561 1398 caligarum
1595 1346 1721 1388 color
1753 1358 1855 1387 cum

86 1413 338 1456 bombasiis
365 1414 638 1466 corporibus
666 1415 871 1467 ipsorum
898 1416 1017 1457 miro
1043 1415 1242 1457 artificio
1269 1415 1583 1458 curiosissime
1611 1416 1855 1470 adaptatis,

84 1496 189 1536 ymo
211 1484 490 1537 quandoque
512 1485 750 1538 turpitudo
772 1486 895 1527 nude
919 1486 1085 1528 carnis.
1123 1485 1381 1539 Contegunt
1404 1487 1649 1528 multorum
1675 1487 1853 1528 manice

84 1554 186 1596 fere
223 1558 342 1598 totas
377 1567 539 1597 eorum
575 1559 704 1609 togas
741 1559 787 1597 et
822 1569 1030 1609 corpora,
1067 1560 1115 1598 ut
1150 1557 1310 1609 pocius
1347 1557 1406 1598 ad
1444 1557 1589 1599 instar
1626 1558 1853 1599 alatorum

84 1624 367 1668 strucionum
405 1629 449 1668 et
486 1627 720 1668 wlturum
761 1627 1002 1668 videanter
1040 1627 1241 1669 volando
1279 1627 1511 1680 incedere,
1550 1640 1687 1681 quam
1726 1637 1853 1669 more

83 1695 321 1738 hominum
348 1696 603 1738 ambulare.
642 1696 714 1740 Sic
740 1701 832 1739 tam
859 1697 1026 1740 vestitu
1053 1710 1190 1750 quam
1216 1701 1363 1751 gestu,
1391 1698 1428 1740 si
1455 1699 1662 1751 ipsorum
1688 1710 1854 1751 pense—

82 1769 157 1808 tur
180 1766 404 1820 condicio,
429 1779 725 1820 nequaquam
750 1768 1065 1810 censebuntur
1093 1767 1263 1810 Christi
1290 1767 1569 1821 sacerdotes,
1598 1772 1668 1811 set
1693 1771 1853 1821 turpes

81 1837 242 1890 pocius
284 1841 528 1880 amatores.
583 1838 811 1891 Denique,
854 1838 976 1891 quod
1020 1838 1496 1881 monstruosissimum
1538 1842 1621 1891 est,
1665 1838 1852 1892 quidam

81 1907 283 1950 curiales
317 1908 472 1951 clerici
507 1921 659 1962 ymmo
692 1909 956 1962 presbyteri
991 1922 1185 1952 coronas
1219 1909 1570 1962 presbyterales
1604 1912 1773 1963 gerunt
1806 1910 1853 1951 in

82 1978 246 2032 capite,
273 1979 537 2021 huiusmodi
565 1982 720 2022 vestes
749 1979 1019 2022 indecentes
1046 1983 1125 2022 aut
1153 1980 1347 2033 partitas
1375 1980 1421 2021 in
1450 1992 1643 2033 corpore
1673 1984 1719 2023 et
1745 1980 1853 2022 cali-

81 2061 164 2102 gas
196 2050 391 2103 partitas
425 2053 471 2092 et
502 2051 650 2103 pictas
684 2051 730 2092 in
766 2050 978 2103 pedibus.
1024 2050 1059 2093 O
1094 2063 1231 2104 quam
1264 2051 1546 2092 ki‘merinum
1582 2053 1851 2102 monstrum,

81 2119 204 2173 quod
229 2133 279 2163 se
306 2132 365 2162 ex
391 2121 539 2174 capite
567 2120 858 2173 sacerdotali,
883 2124 1070 2174 pectore
1098 2121 1288 2163 militari
1314 2122 1388 2163 vel
1416 2121 1539 2163 civili
1565 2124 1612 2162 et
1635 2122 1850 2163 cruribus

79 2189 375 2234 fistulatoriis
399 2195 477 2234 aut
499 2192 796 2244 hystrionicis
821 2195 1034 2233 constare
1061 2192 1277 2234 ostentat!
1316 2191 1351 2234 O
1378 2204 1515 2244 quam
1542 2192 1692 2245 turpis
1718 2192 1849 2244 lepra

80 2261 127 2303 in
153 2261 291 2303 corde
319 2262 426 2304 talis
452 2262 667 2315 hominis,
696 2275 785 2315 que
814 2275 896 2305 suo
924 2262 1034 2304 fedo
1059 2263 1213 2304 colore
1241 2262 1466 2304 variando
1492 2265 1695 2304 mentem
1722 2264 1848 2304 tanto

81 2331 230 2374 inficit
252 2335 299 2374 et
322 2332 636 2384 commaculat,
663 2336 710 2375 ut
734 2336 936 2385 nequeat
961 2332 1132 2375 feditas
1158 2332 1281 2375 intus
1304 2333 1500 2385 contegi,
1524 2332 1615 2374 nisi
1641 2344 1691 2374 se
1715 2335 1848 2373 extra

79 2414 227 2455 usque
254 2402 312 2445 ad
336 2414 504 2456 corpus
529 2403 766 2445 diffundat
791 2403 1044 2446 ostendens
1069 2404 1208 2456 plane
1236 2403 1470 2456 leprosam
1496 2405 1698 2444 mentem
1725 2401 1848 2444 diva-

82 2471 269 2516 ricatam
296 2473 637 2516 intencionibus
662 2474 862 2516 diversis
888 2473 946 2516 ad
972 2476 1117 2516 status
1144 2473 1499 2526 impertinentes
1522 2486 1627 2525 ymo
1652 2485 1850 2525 repung-

79 2546 244 2585 nantes
269 2544 344 2585 vel
371 2544 549 2596 saltem,
574 2544 697 2596 quod
724 2544 883 2586 mallet
907 2556 1013 2586 esse
1039 2544 1196 2596 laycus
1221 2556 1359 2596 quam
1384 2543 1594 2596 clericus,
1620 2544 1657 2585 si
1686 2543 1846 2584 liceret

81 2613 184 2667 iam,
207 2617 256 2656 ut
274 2614 387 2656 olim
411 2614 552 2666 licuit,
575 2617 652 2656 aut
675 2615 713 2656 si
738 2617 830 2656 tam
854 2615 1007 2656 ociose
1031 2617 1189 2667 posset
1212 2615 1258 2655 in
1283 2617 1402 2656 statu
1426 2614 1590 2666 laycali
1615 2612 1707 2654 frui
1733 2613 1846 2654 deli-

79 2683 162 2727 ciis
184 2687 230 2726 et
254 2684 457 2726 affluere
483 2684 665 2727 diviciis
690 2685 958 2737 preaptatis.

196 2754 334 2797 Tales
363 2754 772 2797 abhominaciones
802 2768 897 2807 vos,
928 2755 1309 2796 reverendissimi
1341 2757 1512 2807 patres,
1543 2753 1717 2807 apertis
1746 2765 1847 2794 ocu-

80 2824 137 2866 lis
166 2824 351 2867 cottidie
381 2825 572 2867 cernitis
602 2829 646 2867 et
676 2825 843 2867 videtis
874 2838 955 2868 eos
985 2826 1031 2866 in
1061 2825 1178 2877 foro,
1209 2825 1254 2866 in
1286 2825 1439 2876 choro,
1470 2836 1574 2876 ymo
1602 2823 1648 2864 in
1679 2822 1846 2864 vestris

79 2894 299 2948 hospiciis
327 2895 528 2948 propriis
556 2896 731 2938 mensis
760 2899 964 2937 astantes
992 2899 1037 2937 et
1066 2895 1381 2937 ministrantes
1408 2898 1454 2936 et
1482 2893 1844 2936 dissimulantes.

78 2966 234 3007 Vestri
261 2970 366 3008 sunt
391 2965 665 3008 obedientes
690 2965 872 3016 famuli;
898 2966 1026 3008 nulla
1052 2969 1121 3008 est
1147 2965 1277 3007 vobis
1302 2964 1560 3006 difficultas
1585 2976 1665 3005 eos
1691 2975 1844 3004 emen-

79 3035 234 3088 dandi,
269 3035 584 3077 tantummodo
621 3035 758 3077 dicite
794 3035 926 3088 ipsis:
975 3036 1112 3077 facite
1150 3039 1196 3077 et
1231 3035 1414 3076 facient.
1464 3033 1678 3075 Profecto
1713 3032 1844 3074 dissi-

148 3126 297 3160 l⁴'inke,
319 3127 400 3154 Acta
421 3126 552 3153 concilii
573 3125 849 3154 comtancionsis.
872 3125 910 3155 Π,
1578 3113 1634 3155 30
