2102 3444
271 119 356 169 292
807 119 831 153 I.
858 118 1068 153 Abschnitt.
1109 119 1509 163 Konzilstagebitcher.

390 237 514 289 Rev„
541 237 894 280 venerabilibus
922 238 968 278 in
998 237 1103 279 Chr.
1130 250 1173 290 p.
1202 238 1361 279 amicis
1390 237 1658 291 carissimis,
1686 238 1868 282 dilectis
1894 242 1940 282 et
1967 239 2044 281 de-

273 308 388 350 votis
423 308 593 351 nostris
629 308 669 350 d.
706 308 1037 360 cardinalibus,
1072 308 1363 361 patriarchis,
1399 309 1775 363 archiepiscopis,
1811 309 2044 364 episcopis

272 379 533 432 ceterisque
561 378 754 432 prelatis
784 382 829 420 et
857 379 962 421 aliis
993 380 1039 420 in
1071 378 1346 422 Constancia
1378 380 1643 433 Maguntine
1673 380 1911 432 provincie
1941 393 2045 423 con-

271 451 473 503 gregatis
502 450 728 492 Alfonsus
758 449 841 491 Dei
869 450 1024 503 gracia
1054 463 1137 491 rex
1168 450 1446 504 Aragonum,
1475 451 1630 493 Sicilie
1660 455 1743 493 etc.
1774 452 1973 506 salutem
1999 454 2045 493 et

273 522 462 564 honoris
495 520 806 573 augmentum.
854 520 1047 562 Flebilis
1080 521 1287 574 tragedie
1320 522 1496 564 calamo
1529 535 1620 564 non
1654 523 1755 564 sine
1789 525 1918 565 vasta
1949 535 2045 564 cor-

273 592 342 633 dis
376 591 687 634 amaritudine
721 594 767 634 et
798 591 1094 633 lacrimarum
1129 592 1275 634 fluvio
1309 593 1596 646 nunciamus,
1631 593 1754 646 quod
1786 593 2045 636 illustrissi-

273 675 372 705 nsus
402 663 443 704 d.
473 674 557 703 rex
586 665 630 704 et
657 665 791 715 pater
820 663 861 704 d.
891 666 1062 715 noster.
1093 663 1435 706 recordacionis
1465 664 1649 716 eximie,
1679 664 1724 705 in
1756 664 1868 706 villa
1892 664 2045 718 Aque-

274 734 364 775 late
390 733 463 774 die
489 733 605 775 iovis
629 734 833 775 secunda
858 734 1037 787 Aprilis
1062 735 1277 777 instantis
1302 735 1421 777 circa
1445 735 1690 776 meridiem
1716 747 1798 778 sue
1823 735 2044 788 debitum,

273 805 395 856 quod
431 805 586 846 saucia
623 808 776 846 mente
814 804 1079 858 referimus,
1116 805 1349 848 facultatis
1386 806 1635 848 exsolvens
1674 806 1731 848 ab
1767 806 1852 848 hoc
1887 806 2044 849 seculo

272 875 484 928 migravit
513 875 571 917 ad
600 875 848 918 Christum.
890 877 944 918 Et
973 889 1238 930 quanquam
1269 877 1325 918 de
1355 877 1467 918 tanti
1497 877 1723 930 principis
1752 877 1900 930 patris
1928 880 1974 919 et
2000 877 2043 919 d.

273 946 398 988 obitu
419 959 708 999 nequeamus
730 947 1021 989 amarissime
1043 960 1137 989 non
1157 947 1346 1000 tristari,
1369 948 1662 990 considerato
1684 951 1900 1001 attamen,
1922 948 2045 1002 quod

272 1018 337 1059 nil
376 1017 577 1059 humane
615 1021 781 1060 nature
820 1018 1068 1061 decencius
1106 1019 1164 1060 ad
1201 1019 1360 1071 nilque
1400 1019 1577 1061 cercius
1615 1019 1661 1060 in
1698 1019 1782 1061 hac
1820 1019 1943 1061 valle
1981 1019 2044 1061 la-

269 1088 517 1130 crimarum
547 1088 774 1142 venimus,
807 1102 943 1142 quam
975 1093 1022 1131 ut
1052 1093 1096 1131 et
1126 1090 1368 1131 tremende
1400 1090 1559 1132 mortis
1591 1091 1776 1132 ianuam
1807 1102 2044 1143 exeamus,

272 1164 476 1202 nostram
518 1160 857 1213 aliquantulum
896 1162 1261 1213 temperavimus
1300 1161 1554 1214 tristiciam,
1594 1162 1818 1214 precipue
1857 1173 1959 1203 cum
1997 1160 2044 1202 in

273 1244 354 1273 suc
380 1232 472 1273 vite
499 1231 703 1284 glorioso
729 1231 856 1273 exitu
883 1234 933 1274 ut
958 1231 1371 1274 christianissimus
1397 1233 1617 1285 princeps
1645 1245 1747 1274 cum
1773 1235 1866 1275 tota
1892 1231 2046 1274 cordis

272 1302 552 1344 contricione
579 1303 895 1345 ecclesiastica
919 1303 1170 1356 sumpserit
1196 1306 1487 1345 sacramenta
1514 1338 1521 1345 .
1558 1337 1565 1344 .
1601 1337 1609 1345 .
1637 1303 1818 1357 Scituri,
1844 1302 1981 1357 quod,
2007 1302 2045 1345 si

272 1374 458 1416 vivente
489 1373 609 1415 dicto
640 1373 945 1416 serenissimo
975 1374 1016 1416 d.
1046 1374 1257 1427 genitore
1288 1378 1461 1427 nostro,
1493 1377 1630 1427 prout
1657 1374 1818 1427 nostis,
1847 1387 1909 1416 ex
1939 1373 2046 1416 hinc

272 1444 465 1499 negocia
488 1444 810 1498 dirigebantur
832 1444 1044 1497 ecclesie,
1067 1457 1160 1486 non
1183 1445 1336 1486 minus
1359 1457 1458 1498 nos,
1482 1445 1560 1498 qui
1584 1446 1689 1498 igne
1713 1448 1909 1498 paterne
1931 1445 2045 1487 cari-

270 1515 376 1558 tatis
407 1515 662 1568 adurimur,
693 1516 930 1558 voluntate
959 1528 1122 1569 prona,
1154 1515 1306 1558 studio
1336 1516 1553 1570 pervigili
1585 1519 1630 1558 et
1659 1516 1922 1558 intencione
1954 1515 2046 1557 sin-

273 1598 379 1629 cera
403 1589 562 1640 preter
587 1587 741 1628 omnia
768 1587 826 1629 ad
851 1587 1254 1628 consumacionem
1280 1590 1371 1629 tam
1398 1587 1625 1629 meritorii
1651 1590 1695 1628 et
1721 1587 1841 1629 sacri
1865 1585 2045 1640 negocii

271 1657 606 1710 gloriosissime
635 1657 809 1700 iniciati
835 1657 937 1700 eius
964 1657 1193 1711 suffragio
1221 1657 1464 1711 dirigente,
1491 1658 1620 1700 cuius
1648 1670 1725 1700 res
1752 1657 1915 1711 agitur,
1941 1670 2045 1711 pro-

273 1727 505 1782 cedemus,
541 1730 707 1783 parati,
744 1729 783 1770 si
821 1741 910 1782 qua
948 1732 1139 1781 restant,
1177 1741 1266 1782 que
1305 1741 1447 1782 super
1483 1729 1574 1770 hiis
1611 1729 1747 1771 nobis
1784 1728 2046 1771 occurerint

271 1802 428 1852 utpote
460 1812 485 1841 a
514 1802 710 1852 paterno
741 1812 834 1841 non
866 1800 1209 1853 degenerantes
1241 1800 1416 1842 affectu
1446 1812 1531 1853 pro
1561 1799 1739 1842 viribus
1770 1799 2043 1853 adimplere.

273 1870 372 1912 Dat.
398 1871 446 1912 in
471 1870 753 1913 monasterio
780 1870 961 1924 Popleti
987 1872 1073 1913 sub
1098 1874 1257 1913 nostro
1284 1870 1437 1924 sigillo
1464 1873 1643 1914 secreto
1669 1870 1824 1912 XIIII.
1851 1870 2043 1923 Aprilis,

271 1953 392 1983 anno
418 1954 442 1983 a
466 1941 705 1983 nativitate
732 1941 906 1983 domini
931 1942 1181 1984 millesimo
1206 1941 1667 1995 quadringentesimo
1693 1944 1824 1984 sexto
1849 1941 2041 1983 decimo.

272 2012 371 2054 Rex
392 2011 631 2055 Alfonsus.

393 2083 505 2125 Item
530 2083 794 2136 supradicta
819 2084 893 2125 die
918 2083 1112 2126 recessit
1136 2084 1192 2125 de
1217 2083 1493 2126 Constancia
1518 2083 1791 2125 Franciscus
1816 2082 1874 2125 de
1898 2082 2043 2136 Yspa÷

270 2155 361 2207 nia,
388 2153 600 2196 serviens
626 2166 860 2196 armorum
887 2155 1181 2207 apostolicus,
1209 2167 1309 2196 cum
1336 2154 1503 2197 litteris
1531 2154 1648 2196 sacri
1674 2153 1856 2196 concilii
1882 2153 1940 2196 ad
1964 2165 2043 2195 no-

271 2237 377 2266 vun]
400 2237 558 2278 regem
583 2225 849 2278 Aragonum
874 2226 1197 2268 consolatoriis
1222 2226 1279 2267 de
1305 2229 1450 2267 morte
1475 2225 1622 2278 patris
1646 2227 1691 2267 et
1713 2223 2043 2267 exhortatoriis

271 2299 362 2337 tam
388 2295 445 2338 ad
472 2295 624 2349 ipsum
651 2308 787 2348 quam
815 2296 872 2338 ad
899 2308 1035 2350 reges
1061 2296 1264 2338 Castelle
1293 2299 1336 2338 et
1361 2296 1566 2338 Navarre
1592 2299 1638 2337 et
1663 2295 1781 2338 alios
1805 2294 2041 2349 principes

271 2368 317 2409 et
344 2366 694 2409 communitates
723 2366 779 2408 de
808 2367 1083 2408 obediencia
1112 2367 1236 2408 Petri
1266 2367 1322 2408 de
1352 2367 1496 2420 Luna,
1525 2367 1742 2419 quatinus
1770 2366 1818 2407 in
1844 2364 2043 2408 termino

269 2437 513 2479 constituto
543 2437 600 2479 ad
629 2437 780 2490 ipsum
811 2450 991 2479 sacrum
1022 2438 1266 2479 concilium
1297 2437 1478 2479 mittere
1509 2436 1712 2479 debeant
1740 2436 2039 2490 prelatosque

272 2508 328 2550 de
362 2508 482 2550 dicta
515 2507 789 2550 obediencia
822 2508 983 2550 venire
1015 2508 1201 2560 faciant,
1234 2512 1281 2550 ut
1313 2508 1371 2550 ad
1404 2509 1499 2560 illa,
1533 2519 1621 2561 que
1654 2507 1909 2561 perfectam
1943 2507 2042 2548 uni-

269 2591 404 2620 onem
442 2578 683 2632 aspiciunt,
722 2579 859 2620 simul
896 2579 1011 2620 uniti
1047 2578 1314 2631 procedant.

388 2661 474 2703 Die
504 2661 684 2703 sabbati
713 2661 834 2703 XVI.
865 2660 1038 2703 mensis
1073 2660 1178 2703 Maii
1209 2660 1295 2703 fuit
1324 2660 1444 2702 facta
1475 2659 1776 2717 congregacio
1803 2658 2041 2713 generalis

359 2766 367 2773 .
402 2732 537 2775 solito
570 2731 807 2774 sessionis.
857 2731 907 2773 In
941 2744 1031 2784 qua
1062 2731 1349 2773 venerabilis
1384 2732 1430 2772 in
1463 2731 1663 2774 decretis
1695 2730 1964 2774 licenciatus
1996 2728 2039 2771 d.

271 2803 436 2845 Petrus
462 2803 519 2844 de
544 2803 778 2856 Poloniaa)
809 2802 1068 2845 ascendens
1095 2802 1339 2844 ambonem
1367 2801 1476 2855 legit
1501 2801 1874 2843 constitutionem
1897 2799 2039 2842 infra-

267 2873 499 2926 scriptam.
537 2874 743 2916 Fuerunt
766 2874 906 2915 etiam
931 2873 1074 2915 auditi
1099 2873 1307 2915 advocati
1333 2873 1620 2925 prelatorum
1645 2870 1962 2914 asserencium
1986 2881 2036 2912 se

371 3043 399 3062 uu
422 3044 473 3061 am
496 3037 591 3062 leand
617 3035 788 3067 fracm‘izu
819 3036 855 3062 In
881 3040 902 3062 C
924 3044 958 3062 80
984 3036 1023 3061 im
1053 3036 1129 3063 ‘linet
