2227 3434
697 100 786 134 1417
810 100 900 135 Nov.
923 99 963 133 11
991 120 1032 124 —
1055 99 1152 135 nach
1176 99 1265 134 Nov.
1289 100 1343 134 11.
1819 103 1902 144 521

138 218 439 271 nuncciant.⁸)
464 218 629 260 Factus
649 217 772 260 enim
791 222 987 271 repente
1009 218 1067 260 de
1086 219 1189 260 celo
1209 231 1365 270 sonus,
1388 231 1529 261 sonus
1549 220 1673 261 enim
1695 219 1752 261 ab
1773 224 1906 262 extra

139 289 423 340 canencium‚
450 288 556 330 licet
579 291 704 330 esset
729 287 775 329 in
799 291 938 340 terra,
964 292 1118 330 tamen
1144 291 1243 330 erat
1269 289 1326 330 de
1350 289 1464 331 celo.
1501 288 1650 341 Unde,
1675 293 1723 331 ut
1748 303 1772 331 a
1798 303 1906 342 quo-

137 358 242 400 dam
272 358 526 400 electorum
558 358 727 410 audivi,
759 370 894 400 voces
925 359 1194 400 canencium
1227 372 1478 412 puerorum
1512 359 1598 402 sibi
1630 359 1907 402 videbantur

138 441 276 475 ,voces
327 429 387 471 de
443 430 543 471 celo
586 429 974 470 descendencium
1020 430 1291 482 angelorum
1336 433 1569 483 tamquam
1613 430 1905 473 advenientis

139 499 329 553 spiritus
369 500 543 542 scilicet
581 500 723 542 sancti
763 501 991 542 moventis
1029 504 1229 542 mentem
1270 514 1294 542 a
1332 501 1483 554 primo
1519 505 1639 544 statu
1674 501 1905 543 discordie

138 570 195 612 ad
217 570 522 613 concordiam.
559 571 613 613 Et
633 570 832 623 replevit
852 574 990 612 totam
1014 571 1213 623 domum,
1237 572 1312 612 ubi
1337 575 1471 613 erant
1492 573 1719 614 electores
1743 572 1906 614 seden-

120 644 220 698 tes.
262 641 316 683 Et
342 644 391 683 ut
418 641 631 693 replevit,
660 644 853 694 repente
882 642 1086 693 mutavit,
1115 646 1308 694 repente
1339 645 1477 695 certe,
1507 643 1629 695 quia,
1659 646 1906 695 antequam

137 711 195 754 ad
231 712 475 754 ecclesiam
513 711 733 754 rediisset
768 713 1020 765 processio,
1058 712 1116 754 ad
1153 712 1291 755 huius
1329 712 1577 756 eleccionis
1615 713 1905 755 concordiam

136 781 369 825 adunavit.
406 783 462 826 Et
486 786 593 825 tunc
619 786 843 836 ceperunt
868 782 995 836 loqui
1021 783 1163 825 variis
1190 783 1375 836 linguis,
1401 787 1536 836 prout
1562 784 1753 836 spiritus
1779 797 1906 826 sanc-

135 855 209 896 tus
231 853 368 895 dabat
389 853 545 906 eloqui
567 854 662 895 illis
685 853 910 895 dicentes:
948 853 1079 906 Eligo
1101 854 1147 895 In
1170 866 1338 907 papam
1361 854 1597 896 domiuum
1620 855 1905 896 cardinalem

137 923 193 964 de
230 923 501 976 Columpna.
550 923 700 967 Testis
735 924 899 966 horum
934 927 981 966 tu
1018 924 1117 977 ipse
1153 937 1218 976 es,
1255 924 1545 967 sanctissime
1581 928 1728 978 pater,
1763 928 1905 967 testes

136 997 242 1036 sunt
273 994 353 1036 alii
385 994 627 1036 electores.
671 994 789 1046 Quid
823 994 1002 1037 dicam‘?
1049 995 1111 1037 Te
1143 1007 1312 1048 nempe
1346 995 1487 1048 elegit
1520 995 1733 1039 dominus
1766 996 1905 1047 Deus,

136 1063 311 1106 scilicet
342 1065 428 1107 sub
457 1065 543 1107 hac
575 1064 724 1107 forma
757 1099 766 1107 .
802 1099 809 1106 .
846 1099 854 1107 .
898 1066 951 1107 Et
982 1066 1066 1107 hec
1099 1065 1157 1108 de
1187 1065 1338 1108 forma
1369 1067 1589 1108 canonica
1620 1066 1758 1109 huius
1788 1067 1907 1108 elec-

137 1134 281 1178 cionis
313 1134 489 1177 dixisse
523 1135 763 1178 sufficiant
794 1138 876 1178 etc.

254 1205 359 1247 Dixi
386 1208 553 1258 quarto
672 1206 754 1248 Hic
873 1211 944 1249 est
970 1207 1081 1249 finis
1110 1210 1155 1249 et
1182 1208 1361 1250 fructus
1388 1211 1464 1250 tue
1493 1208 1748 1260 electioniS‚
1778 1208 1818 1252 b.
1848 1220 1906 1261 p.‚

135 1279 183 1318 ut
210 1271 408 1320 edifices
438 1277 623 1319 domum
655 1279 905 1320 sanctuarii
939 1312 946 1319 .
984 1312 991 1319 .
1028 1312 1035 1320 .
1079 1278 1188 1320 Esto
1220 1278 1437 1321 robustus
1469 1279 1612 1320 Josue
1643 1279 1907 1321 martellum

136 1346 259 1389 enim
284 1351 329 1390 et
356 1350 550 1390 martem
576 1351 757 1400 tenens,
784 1349 892 1401 quia
923 1348 1146 1391 Martinus
1171 1349 1389 1392 robustus
1415 1352 1499 1401 est,
1528 1349 1635 1402 quia
1661 1350 1906 1402 columpna

138 1454 145 1460 .
182 1451 190 1459 .
226 1451 235 1460 .
270 1417 342 1460 Ad
366 1418 488 1471 quod
512 1418 780 1472 exemplum
806 1419 955 1472 Moisi‚
980 1418 1241 1462 Salomonis
1265 1423 1311 1462 et
1332 1419 1558 1462 Johannis
1584 1420 1731 1462 XXII.
1756 1423 1908 1473 potest

138 1501 177 1530 v.
199 1501 234 1531 s.
257 1488 492 1531 admirari.
527 1490 819 1543 Exemplum,
843 1489 1044 1543 inquam,
1067 1490 1213 1543 Moysi
1234 1491 1476 1532 consilium
1500 1491 1569 1533 sui
1594 1491 1741 1534 soceri
1766 1490 1907 1533 Yetro

137 1559 497 1602 saluberrimum
524 1564 769 1613 acceptans
799 1561 919 1614 (Exo
946 1561 1126 1615 XVIII)
1153 1564 1291 1614 prout
1317 1562 1419 1603 heri
1449 1561 1549 1613 fuit,
1576 1565 1708 1614 pater
1736 1564 1906 1614 sancte,

136 1630 268 1673 vobis
305 1630 568 1684 expositum
607 1635 651 1673 et
692 1631 797 1675 ideo
834 1635 1051 1685 repetere
1090 1645 1182 1675 non
1222 1635 1415 1685 oportet.
1466 1632 1743 1685 Exemplum
1782 1632 1907 1675 Salo-

139 1701 302 1754 monis,
345 1702 468 1744 ultra
512 1702 795 1755 sapienciam
838 1702 1105 1746 humanitus
1150 1703 1419 1756 acquisitam
1464 1704 1538 1745 vel
1584 1703 1907 1756 acquisibilem

137 1771 419 1825 sapienciam
453 1772 656 1815 divinam
689 1773 747 1816 ad
779 1773 1035 1827 regendum
1066 1775 1290 1827 populum
1323 1774 1412 1816 sibi
1446 1774 1667 1817 divinitus
1699 1776 1907 1816 orantem

137 1842 321 1885 infundi
368 1877 377 1885 .
412 1877 420 1885 .
457 1878 480 1897 .‚
539 1845 806 1897 exemplum
850 1857 972 1898 pape
1020 1845 1247 1887 Johannis
1294 1844 1456 1898 XXII„
1503 1846 1596 1898 qui,
1642 1849 1691 1888 ut
1737 1842 1907 1897 audivi,

136 1915 323 1957 nomina
359 1915 564 1957 omnium
599 1915 824 1957 nobilium
857 1928 1166 1968 personarum
1202 1915 1424 1969 precipue
1461 1917 1508 1958 in
1544 1915 1743 1958 sciencia
1779 1919 1826 1958 et
1861 1916 1907 1957 in

137 1984 230 2028 vita
251 1985 308 2027 de
329 1986 546 2029 omnibus
568 1986 838 2040 regionibus
859 1990 905 2029 et
925 1986 1198 2030 nacionibus
1219 1987 1423 2029 habebat
1443 1986 1490 2028 in
1511 1987 1711 2040 scriptis,
1732 1990 1780 2029 ut
1802 1986 1907 2029 illos

138 2056 410 2099 ministeriis
437 2056 762 2100 ecclesiasticis
786 2057 1041 2110 preficeret
1065 2061 1111 2100 et
1136 2070 1252 2111 opus
1280 2057 1533 2100 iniunctum
1560 2070 1585 2100 a
1613 2057 1798 2100 domino
1823 2070 1908 2111 per

138 2115 417 2169 adiutorium
443 2140 603 2170 eorum
630 2127 896 2181 perficeret.
933 2129 1065 2182 Vale,
1092 2142 1134 2182 p.
1161 2142 1210 2181 s.‚
1238 2131 1282 2171 et
1309 2129 1355 2170 in
1380 2128 1737 2171 mansuetudine
1764 2141 1906 2182 opera

136 2200 213 2240 tua
240 2197 433 2251 perfice.
478 2199 849 2254 (Ecclesiastici.)
894 2199 989 2252 Ego
1018 2202 1170 2242 autem
1201 2199 1342 2242 flecto
1367 2212 1520 2252 genua
1549 2199 1700 2242 cordis
1730 2200 1819 2241 mei
1851 2198 1908 2241 ad

138 2268 285 2310 Deum
310 2271 491 2322 patrem
518 2282 658 2313 orans
685 2283 785 2312 cum
814 2271 1023 2323 apostolo
1052 2270 1132 2323 (ad
1160 2270 1277 2312 Phil.
1308 2271 1366 2325 I),
1395 2270 1531 2323 quod,
1558 2270 1635 2323 qui
1662 2269 1836 2324 incepit
1861 2270 1907 2312 in

139 2338 269 2382 vobis
299 2352 415 2393 opus
444 2339 631 2393 bonum,
659 2340 878 2394 perficiat
908 2341 1135 2395 dominus,
1167 2341 1343 2383 scilicet
1372 2341 1544 2384 Jhesus
1573 2341 1800 2394 Christus,
1830 2341 1905 2393 qui

139 2422 239 2452 cum
262 2413 395 2464 patre
417 2414 462 2454 et
485 2410 652 2465 spiritu
673 2415 831 2454 sancto
851 2411 962 2454 vivit
984 2415 1029 2454 et
1051 2415 1213 2466 regnat
1234 2411 1281 2454 in
1305 2412 1461 2455 secula
1483 2411 1744 2454 seculorum
1768 2412 1907 2453 bene-

138 2479 298 2524 dictus.
338 2481 502 2524 Amen.

138 2597 260 2641 Nach
293 2598 403 2642 Nov.
439 2599 506 2642 11.
544 2626 593 2631 —
630 2598 850 2643 Moritz
900 2613 1012 2643 von
1063 2599 1230 2653 Pray.

260 2680 286 2713 'J’
301 2682 386 2714 est
406 2689 417 2714 .·
460 2680 498 2713 W
521 2681 614 2714 4948
638 2680 664 2724 r.
689 2682 768 2716 236.

258 2738 500 2782 Inhalt:
552 2739 749 2793 Reform.

256 2821 407 2863 Ecce
431 2834 542 2875 ego
565 2821 740 2865 mitto
764 2822 833 2865 ad
858 2835 962 2865 vos
986 2822 1512 2876 prophetas(Math.
1550 2822 1746 2874 XXIII).
1773 2821 1906 2862 Sanc-

140 2891 367 2934 tissimum
389 2893 633 2935 concilium
657 2906 799 2947 super
820 2892 1173 2936 fundamentum
1196 2894 1529 2947 prophetarum
1552 2892 1818 2934 edificatum
1844 2925 1851 2932 .
1870 2924 1878 2932 .
1896 2925 1905 2932 .

244 3009 275 3039 a)
294 3014 329 3035 eo
355 3007 406 3034 He.
