2102 3444
286 116 371 159 322
820 114 847 148 1.
873 112 1084 148 Abschnitt.
1124 112 1523 157 Konzilstagebiicher.

404 233 705 276 Sacrosancte
739 236 783 274 et
813 232 1021 286 generali
1056 231 1232 284 synodo
1265 230 1614 273 Constanciensi
1648 230 1829 273 dilectis
1860 230 2057 274 ecclesie

289 305 405 348 filiis
432 305 484 347 A.
513 304 775 345 Veronensi
806 305 850 344 et
879 302 926 344 B.
957 302 1226 344 Placentino
1255 315 1289 344 s.
1319 301 1367 343 R.
1397 315 1436 343 e.
1465 301 1783 344 cardinalibus
1811 301 1875 343 sic
1902 302 2059 355 vulga-

288 375 401 417 riter
433 374 711 428 nuncupatis
744 385 925 415 necnon
962 373 1140 415 Marino
1170 372 1413 425 Aprutino,
1447 373 1620 415 Thome
1654 373 1711 414 de
1744 372 1927 414 Amelia
1961 405 1969 413 .
2005 409 2012 416 .
2050 405 2058 413 .

288 458 373 498 pro
394 445 578 504 italica,
613 445 814 487 Johanni
847 444 1110 497 patriarche
1145 443 1671 496 Constantinopolitano,
1705 442 1906 485 Johanni
1938 443 2060 496 epis-

288 529 402 570 copo
435 516 702 558 Gebenensi
739 528 826 569 pro
860 515 1115 567 Gallicana,
1149 515 1323 557 Jacobo
1356 515 1575 568 episcopo
1611 513 1839 567 Plocensi,
1874 513 2060 556 Nicolao

289 587 460 630 Vordis
482 621 490 629 .
527 621 534 629 .
571 621 578 628 .
601 599 688 640 pro
708 585 1001 638 Germanica,
1024 586 1225 628 Patricio
1245 585 1438 639 epicopo
1462 585 1741 638 Corcagensi
1764 587 1810 627 et
1830 583 2060 626 Richardo

286 658 492 700 >Derham
520 691 527 699 .
564 691 571 699 .
608 691 616 699 .
641 670 728 711 pro
753 656 1009 710 Anglicana
1034 656 1307 699 nacionibus
1333 656 1571 698 committit
1595 667 1756 698 omnes
1778 658 1827 697 et
1852 655 2059 708 singulas

290 741 476 771 causam
499 731 544 770 et
567 740 730 771 causas
753 731 844 770 tam
868 727 1042 781 civiles,
1066 740 1202 781 quam
1227 727 1507 780 criminales,
1531 739 1620 780 que
1644 726 1853 779 vertitur,
1877 728 2062 768 vertun-

287 803 360 841 tur
388 811 472 842 seu
495 799 615 842 verti
640 801 685 841 et
711 810 815 849 esse
844 801 1095 852 sperantur
1122 799 1243 841 inter
1270 798 1463 840 dilectos
1490 798 1687 840 ecclesie
1714 796 1841 839 filios
1867 795 2061 838 Wilhel-

291 883 412 912 mum
437 870 635 912 electum
658 870 1050 923 Argentinensem
1073 873 1117 912 et
1142 869 1440 911 Fredericum
1464 869 1520 910 de
1545 868 1640 910 Pitz
1663 870 1898 910 cantorem
1918 867 2063 909 eccle-

288 942 356 983 sie
381 939 740 994 Argentinensis
764 953 824 982 ex
850 954 943 984 una
969 954 1019 983 ac
1046 941 1420 994 Hugelmannum
1448 940 1674 982 decanum
1701 941 1747 981 et
1771 937 2059 980 Fridericum

290 1011 348 1071 de
387 1012 551 1055 Zolere
587 1012 858 1054 canonicum
894 1015 939 1054 et
973 1011 1223 1065 capitulum
1259 1012 1470 1054 eiusdem
1505 1010 1701 1052 ecclesie
1737 1013 1783 1052 et
1816 1009 2063 1062 Roylinum

288 1083 625 1137 Barpfenning,
669 1082 940 1125 Michaelem
982 1082 1224 1135 Melbruge
1266 1083 1510 1135 magistros
1552 1081 1718 1123 civium
1759 1081 1976 1123 consules
2015 1083 2061 1122 et

291 1154 596 1207 preconsules
627 1166 678 1196 ac
710 1153 1082 1195 communitatem
1115 1153 1311 1195 civitatis
1344 1152 1701 1205 Argentinensis
1734 1186 1742 1194 ,
1779 1186 1786 1193 .
1822 1186 1830 1194 .
1863 1163 1956 1194 non
1988 1151 2065 1194 ob-

289 1224 518 1267 stantibus
548 1224 930 1278 quibuscumque.

405 1295 706 1339 Sacrosancta
739 1295 976 1349 generalis
1010 1295 1215 1348 synodus
1249 1329 1257 1337 .
1294 1329 1301 1337 .
1338 1329 1345 1337 .
1382 1295 1612 1337 iudicibus
1647 1328 1654 1336 .
1691 1328 1699 1336 .
1735 1332 1742 1338 .
1779 1294 1948 1347 quibus
1982 1291 2062 1335 du-

293 1368 401 1409 dum
422 1379 693 1410 concessum
712 1367 802 1409 fuit
818 1366 1130 1420 cognoscendi
1151 1366 1208 1408 de
1226 1367 1383 1409 causis
1401 1365 1739 1408 cathedralium
1761 1365 2066 1407 ecclesiarum

290 1450 436 1491 usque
465 1438 524 1480 ad
551 1437 835 1481 sentenciam
863 1438 1118 1490 exclusive,
1144 1441 1194 1480 ut
1221 1449 1407 1480 causam
1434 1435 1630 1479 ecclesie
1657 1436 1887 1490 Aprutine
1915 1435 1962 1477 in
1987 1447 2063 1477 eo-

290 1522 390 1551 rum
420 1509 589 1551 iudicio
619 1508 863 1551 deductam
894 1512 939 1551 et
967 1507 1279 1550 examinatam
1311 1507 1558 1549 decidendi
1589 1510 1634 1550 et
1663 1506 1760 1548 fine
1792 1505 1949 1549 debito
1978 1517 2064 1560 per

297 1580 581 1623 sentenciam
622 1579 904 1622 terminandi
946 1578 1061 1633 ipsis
1102 1581 1318 1633 quattuor
1359 1581 1436 1621 aut
1476 1578 1625 1620 tribus
1667 1589 1726 1619 ex
1765 1577 1849 1631 eis,
1889 1577 1967 1630 qui
2009 1575 2066 1618 de

296 1663 434 1695 causa
473 1654 788 1705 cognoverunt
827 1684 835 1693 .
871 1685 880 1693 .
916 1684 924 1693 .
965 1636 1211 1704 prehabita
1252 1650 1597 1692 consultacione
1633 1652 1682 1692 et
1720 1647 2067 1691 deliberacione

293 1726 473 1766 matura
528 1734 629 1764 cum
685 1721 913 1764 adiunctis
968 1724 1184 1775 quattuor
1236 1721 1484 1763 nacionum
1538 1721 1728 1773 plenam
1782 1718 1945 1762 tribuit
1998 1718 2065 1760 fa-

243 1801 246 1804 ’
293 1792 523 1836 cultatem.

413 1863 540 1907 Licet
565 1876 716 1917 nuper
742 1864 826 1906 hec
854 1866 1011 1906 sancta
1039 1863 1243 1917 synodus
1271 1874 1584 1916 quascumque
1612 1874 1776 1904 causas
1803 1873 1946 1914 super
1972 1859 2069 1914 qui-

295 1934 564 1989 buscunque
599 1935 849 1977 heresibus
883 1935 1169 1988 generaliter
1205 1933 1482 1987 quibusdam
1519 1932 1750 1975 iudicibus
1783 1931 1868 1974 XX
1902 1931 1949 1973 in
1984 1943 2066 1973 nu-

294 2017 423 2048 mero
454 2005 749 2058 commiserit,
781 2008 936 2048 tamen
970 2006 1078 2059 quia
1111 2008 1218 2048 ante
1251 2003 1517 2046 huiusmodi
1551 2002 1924 2046 commissionem
1955 2014 2067 2045 non-

295 2077 425 2118 nulle
469 2089 606 2119 cause
650 2076 764 2118 fidei
810 2110 817 2118 .
855 2111 862 2118 .
899 2111 906 2118 .
951 2075 1151 2119 diversis
1193 2076 1423 2118 iudicibus
1467 2074 1728 2118 successive
1770 2077 1817 2117 et
1858 2072 2068 2116 finaliter

296 2156 442 2189 revmo
475 2147 524 2189 ⁴in
562 2147 667 2189 Chr.
705 2160 747 2200 p.
785 2148 826 2189 d.
863 2147 1065 2189 ζ10113111Ίί
1100 2147 1366 2200 patriarche
1403 2144 1917 2198 Constantinopolitano
1951 2155 2068 2187 com-

297 2218 436 2261 misse
461 2218 638 2260 fuerint
660 2221 706 2260 et
730 2219 838 2271 quia
865 2218 1059 2260 Michael
1084 2218 1140 2259 de
1165 2217 1317 2260 Broda
1341 2217 1662 2259 Theutonivcalri
1684 2218 1836 2258 rector
1858 2214 2068 2269 parochi-

298 2289 386 2332 alis
407 2288 603 2331 ecclesie
626 2289 771 2331 sancti
793 2288 1037 2330 Adalberti
1059 2288 1144 2331 sub
1167 2288 1350 2330 Sterass
1373 2287 1624 2341 Pragensis
1642 2298 1891 2329 causarum
1911 2285 2069 2328 huius-

297 2359 419 2402 modi
449 2394 456 2402 .
493 2393 501 2401 .
537 2393 545 2401 .
574 2362 846 2412 procurator
873 2362 919 2401 et
947 2361 1184 2412 promotor
1213 2371 1366 2401 coram
1395 2362 1459 2401 tot
1485 2357 1716 2400 iudicibus
1743 2357 1937 2399 nimium
1966 2355 2068 2398 fati-

297 2433 487 2483 garetur
510 2429 802 2472 sollicitando
825 2429 989 2472 eadem
1014 2433 1170 2473 sancta
1195 2429 1401 2482 synodus
1424 2441 1586 2472 omnes
1607 2431 1653 2470 et
1676 2427 1884 2482 singulas
1902 2439 2067 2470 causas

299 2500 355 2542 de
382 2512 502 2543 novo
529 2504 574 2543 et
600 2500 717 2543 alias
743 2512 1057 2553 quascumque
1087 2534 1094 2542 .
1131 2538 1137 2543 .
1175 2534 1183 2542 .
1211 2500 1364 2541 eidem
1392 2509 1538 2541 revmo
1563 2512 1607 2553 p.
1635 2499 1677 2541 d.
1702 2498 1983 2552 patriarche,
2008 2509 2083 2539 ne.

299 2584 542 2615 causarum
577 2571 866 2614 continencie
901 2570 1181 2623 dividantur,
1217 2570 1453 2612 committit
1487 2569 1842 2612 resummendas
1876 2571 1922 2611 et
1954 2568 2069 2610 ulte-

299 2641 396 2686 rius
422 2641 695 2695 audiendas,
722 2641 1006 2684 decidendas
1033 2645 1076 2683 et
1102 2641 1200 2682 sine
1227 2641 1383 2683 debito
1405 2640 1725 2683 terminandas
1751 2674 1759 2682 .
1795 2673 1804 2682 .
1840 2673 1848 2682 .
1872 2651 1966 2681 non
1992 2638 2069 2681 ob-

300 2712 527 2756 stantibus
559 2711 936 2765 quibuscunque..

421 2784 533 2825 Item
564 2783 727 2825 eadem
757 2783 962 2836 synodus
991 2783 1065 2824 dat
1094 2786 1139 2824 et
1169 2782 1377 2824 concedit
1406 2792 1551 2823 revfflo
1580 2794 1622 2835 p.
1654 2781 1696 2823 d.
1725 2781 1927 2824 Johanni
1956 2780 2069 2823 Osti-

300 2854 399 2896 ensi
424 2868 458 2896 s.
482 2854 531 2896 R.
555 2867 594 2896 e.
616 2854 843 2896 cardinali
866 2857 911 2895 et
932 2853 1316 2895 vicecancellario
1338 2864 1637 2906 quascunque
1659 2852 1838 2894 litteras
1860 2851 1917 2893 de
1941 2851 2068 2893 curia

301 2924 441 2966 dandi
476 2925 522 2966 in
557 2925 802 2977 premissis
836 2925 1130 2966 necessarias
1164 2927 1209 2965 et
1242 2923 1491 2976 presertim
1523 2925 1682 2965 contra
1716 2921 1989 2965 clericorum
2023 2923 2069 2962 et

300 2994 681 3047 presbyterorum
714 2994 1040 3038 interfectores
1071 2994 1128 3036 de
1160 2994 1332 3036 diocesi
1365 2997 1410 3036 et
1441 2993 1679 3047 provincia
1710 2991 1934 3046 Pragensi
1965 3002 2069 3033 nec-
