2227 3434
543 164 580 199 B.
617 165 695 200 Der
717 165 816 201 liber
838 167 1031 211 gestorum
1055 165 1124 201 des
1145 164 1388 201 Cerretanus.
1763 168 1848 212 ⁴243

82 282 350 336 iuravimus,
387 283 533 325 eciam
569 295 655 336 per
692 284 813 326 viam
849 287 1008 327 nostre
1046 284 1270 338 simplicis
1306 285 1532 328 cessionis
1568 289 1765 339 papatus
1803 287 1849 328 in

81 353 265 396 casibus
297 354 345 396 in
374 353 494 396 dicta
524 353 689 396 cedula
721 354 951 397 denotatis
982 356 1111 397 iuxta
1141 355 1259 397 dicte
1292 355 1456 397 cedule
1487 356 1774 409 exigenciam
1806 360 1849 398 et

80 427 292 467 tenorem
315 425 437 466 velle
460 437 599 478 agere
621 428 668 466 et
689 425 900 478 implere,
923 428 968 468 et
990 426 1048 468 ad
1071 425 1450 479 respondendum
1474 439 1525 469 ac
1548 427 1692 469 eciam
1714 439 1850 469 excu-

81 495 293 538 saciones
321 495 553 548 quaslibet
579 496 636 537 de
665 509 715 538 ac
743 509 886 549 super
912 496 1265 550 quibuscunque
1292 498 1544 551 propositis
1571 511 1621 540 ac
1647 499 1849 549 tentatis,

39 588 52 601 ι
81 564 214 609 dictis
240 569 318 609 aut
342 565 477 609 factis
503 579 553 609 ac
581 567 727 608 eciam
753 568 1072 620 proponendis
1100 580 1184 610 seu
1209 568 1492 621 temptandis
1520 571 1596 611 aut
1622 568 1849 610 faciendis

81 639 239 679 contra
263 649 514 691 personam
540 640 746 680 nostram
772 641 916 691 gesta,
944 638 1063 680 dicta
1090 639 1163 680 vel
1191 639 1310 681 facta
1337 652 1612 693 quocunque
1640 643 1716 682 aut
1742 652 1850 693 qua—

82 707 371 761 litercunque
395 708 752 761 proponendum
778 722 828 751 ac
854 709 1121 751 faciendum
1145 713 1237 752 tam
1264 710 1311 751 in
1338 710 1508 753 iudicio
1535 723 1672 764 quam
1697 713 1847 762 extra;

81 781 126 820 et
160 778 220 821 ad
255 779 629 822 substituendum
665 792 807 823 unum
845 793 928 823 seu
963 781 1126 833 plures
1161 785 1489 834 procuratores
1526 781 1584 824 ad
1620 781 1850 835 premissa

79 850 235 892 omnia
264 862 348 892 seu
378 862 538 892 eorum
570 851 773 903 aliquod,
804 854 960 893 vestro
989 855 1144 893 tamen
1174 856 1220 894 et
1248 851 1613 905 uniuscuiusque
1646 856 1849 894 vestrum

81 920 210 963 salvo
236 933 423 974 semper
447 925 664 963 manente
691 921 925 974 mandato;
954 925 999 964 et
1023 922 1308 976 generaliter
1334 923 1392 965 ad
1418 923 1571 966 omnia
1597 927 1641 965 et
1668 923 1850 977 singula

80 991 174 1034 alia
197 990 429 1045 facienda,
452 992 660 1046 gerenda
684 996 729 1034 et
753 993 1032 1045 exercenda,
1058 1006 1148 1046 que
1174 1006 1417 1036 causarum
1445 1006 1528 1036 seu
1552 995 1848 1047 negociorum

80 1062 244 1105 merita
272 1063 478 1116 exigunt,
509 1063 654 1106 eciam
683 1064 721 1106 si
750 1065 862 1106 talia
890 1067 1062 1116 essent,
1092 1076 1182 1117 que
1212 1064 1479 1107 mandatum
1509 1066 1719 1118 exigeret
1749 1077 1851 1118 spe-

81 1133 199 1176 ciale
219 1134 333 1176 etin
355 1135 567 1188 generali
591 1134 913 1177 commissione
938 1148 1031 1177 non
1053 1135 1291 1178 caderent:
1317 1139 1644 1189 procuratores
1666 1139 1850 1178 nostros

79 1207 125 1246 et
159 1204 354 1247 nuncios
393 1205 625 1258 speciales
662 1209 825 1248 tenore
863 1207 1159 1259 presencium
1198 1207 1532 1259 constituimus,
1571 1206 1767 1249 facimus
1805 1210 1850 1248 et

79 1274 225 1317 eciam
255 1274 547 1329 deputamus,
580 1277 743 1318 dantes
773 1280 818 1318 et
848 1276 1158 1320 concedentes
1188 1277 1318 1320 vobis
1350 1281 1394 1319 et
1425 1280 1629 1320 vestrum
1661 1277 1850 1319 cuilibet

80 1345 127 1388 in
152 1345 366 1400 solidum,
391 1350 440 1390 ut
462 1347 702 1400 prefertur
729 1349 775 1389 in
798 1348 1057 1401 premissis,
1083 1351 1128 1390 et
1153 1349 1275 1391 circa
1299 1360 1354 1391 ea
1381 1361 1430 1391 ac
1457 1348 1779 1402 dependencia
1806 1351 1850 1390 et

80 1428 290 1460 connexa
318 1430 500 1460 necnon
530 1418 870 1461 substituendis
899 1432 924 1461 a
954 1419 1085 1462 vobis
1116 1432 1207 1462 uno
1237 1420 1310 1461 vel
1340 1419 1555 1473 pluribus
1584 1420 1776 1472 plenum
1806 1422 1851 1460 et

80 1487 280 1530 liberum
312 1501 363 1532 ac
393 1490 616 1542 generale
649 1490 915 1532 mandatum
947 1503 1047 1532 cum
1079 1491 1234 1544 plena,
1267 1490 1418 1532 libera
1451 1503 1501 1532 ac
1532 1490 1743 1544 generali
1775 1489 1851 1532 ad-

81 1558 441 1613 ministracione,
469 1564 619 1603 ratum
646 1564 692 1603 et
718 1564 899 1615 gratum
926 1561 1142 1614 habitari,
1170 1561 1396 1615 quidquid
1423 1573 1508 1615 per
1535 1574 1618 1604 vos
1644 1561 1717 1604 vel
1747 1561 1851 1604 sub-

81 1629 339 1674 stituendos
360 1644 387 1674 a
406 1631 540 1674 vobis
558 1644 702 1674 unum
723 1633 798 1674 vel
819 1633 982 1686 plures
1004 1635 1152 1674 actum
1175 1632 1317 1674 fuerit
1340 1633 1388 1674 in
1407 1632 1651 1686 premissis
1671 1632 1747 1673 vel
1769 1632 1851 1674 ali-

81 1713 172 1754 quo
192 1701 400 1755 ipsorum
423 1702 562 1756 idque
584 1703 939 1746 observabimus
963 1716 1013 1746 ac
1034 1703 1260 1746 faciemus
1284 1706 1470 1746 auctore
1494 1703 1680 1745 domino
1701 1715 1848 1756 usque

82 1772 140 1815 ad
159 1772 524 1816 satisfactionem
543 1774 818 1828 condignam
838 1774 1172 1816 inviolabiliter
1194 1774 1450 1817 observari.
1485 1774 1584 1816 Dat.
1607 1773 1850 1827 Friburgh‚

83 1842 459 1888 Constanciensis
507 1844 719 1898 diocesis,
769 1845 839 1887 III
886 1844 990 1888 idus
1037 1844 1144 1887 Maii
1191 1845 1490 1898 pontificatus
1536 1844 1683 1887 nostri
1730 1856 1852 1885 anno

83 1914 255 1967 quinto.

199 1986 384 2040 Egregii
413 1986 652 2040 inclitique
681 1990 839 2040 patres
870 2022 877 2029 .
914 2025 920 2030 .
958 2021 966 2029 .
999 1987 1164 2029 Datum
1193 1987 1385 2029 Parisiis
1415 1987 1490 2029 die
1520 1986 1648 2028 XIII.
1679 1985 1853 2028 mensis

41 2068 47 2070 ’
84 2055 313 2112 Aprilis.¹)

198 2127 510 2172 Revolventes
536 2128 709 2171 dudum
736 2163 744 2171 .
781 2166 787 2172 .
825 2130 874 2183 .²)

200 2198 286 2242 Die
316 2199 427 2242 lune
457 2199 587 2242 XIII.
621 2201 796 2243 mensis
830 2200 936 2242 Maii
971 2234 979 2242 .
1016 2234 1023 2242 .
1060 2235 1068 2242 .
1102 2213 1234 2243 suum
1265 2199 1475 2242 officium
1507 2199 1775 2243 sufficiente
1808 2202 1853 2242 et

85 2268 320 2324 ydoneo.³)

202 2340 288 2383 Die
323 2342 484 2384 martis
518 2341 673 2384 XIIII.
710 2342 884 2385 mensis
925 2341 1029 2384 Maii
1068 2376 1075 2383 .
1112 2375 1119 2383 .
1156 2376 1164 2383 .
1202 2354 1324 2384 anno
1359 2343 1574 2396 quintof)
1626 2341 1715 2383 Per
1750 2352 1852 2395 pre-

86 2409 272 2454 missam
297 2412 553 2455 clausulam
578 2425 670 2455 non
696 2412 980 2455 intendimus
1005 2412 1172 2466 graciis
1199 2412 1516 2466 expectativis,
1542 2412 1852 2455 universitati-

87 2480 171 2524 bus
203 2482 459 2526 studiorum
491 2483 773 2526 Parisiensis
804 2487 848 2525 et
880 2483 986 2526 aliis
1018 2483 1250 2526 concessis
1283 2484 1328 2524 in
1361 2483 1516 2537 aliquo
1549 2483 1775 2537 derogare
1807 2486 1852 2524 et

87 2552 281 2596 ulterius
307 2553 599 2597 declaramus
624 2555 811 2596 totalem
839 2554 1198 2607 disposicionem
1224 2554 1562 2596 beneficiorum
1587 2554 1852 2596 vacancium

86 2625 132 2664 et
162 2626 483 2667 vacaturorum
516 2625 574 2667 ad
606 2625 966 2678 disposicionem
998 2624 1137 2668 huius
1168 2625 1405 2678 generalis
1438 2625 1619 2667 concilii
1651 2624 1853 2666 totaliter

87 2694 339 2748 pertinere,
369 2707 610 2749 quousque
641 2695 1022 2738 universitatibus
1053 2695 1310 2738 studiorum
1340 2699 1385 2738 et
1415 2695 1532 2747 aliis,
1563 2708 1757 2748 quorum
1789 2696 1852 2736 in-

206 2835 238 2878 ¹)
259 2835 364 2879 Brieff
382 2837 453 2871 der
472 2836 705 2871 Universitiil
724 2836 834 2870 Paris
852 2846 920 2870 ans
940 2835 1095 2879 Konzil‚·
1116 2837 1236 2871 Har-dt
1257 2836 1322 2872 11'.
1346 2836 1428 2877 175‚·
1452 2835 1576 2869 Mansi
1596 2833 1754 2875 ΧΧΙἸΙ,
1775 2833 1851 2869 646.

205 2892 238 2936 ²)
262 2893 378 2937 Papsl
400 2893 597 2929 lohannes
622 2893 763 2930 XXIII.
790 2905 837 2929 un
862 2894 989 2937 Ko‘niy
1018 2894 1186 2936 Wenzel‚·
1213 2895 1249 2929 in
1275 2893 1444 2937 yleicleer
1467 2894 1578 2927 Form
1605 2903 1651 2926 (ιη
1678 2891 1853 2925 melerere

89 2950 321 2986 Adressalen
343 2953 553 2995 yeschickl‚·
578 2953 779 2987 Formular
805 2953 874 2995 cql.
899 2952 1024 2986 Mansi
1049 2951 1116 2985 XX
1130 2952 1206 2993 VII,
1230 2953 1307 2987 570².

206 3009 238 3052 3)
265 3008 340 3053 fast
365 3010 535 3045 -zcc'srelich
567 3010 638 3045 wie
663 3010 784 3045 Har-dt
811 3010 876 3052 Il',
906 3011 1105 3052 168-172,·
1136 3010 1261 3044 Mansc'
1289 3009 1446 3051 XXVII,
1472 3009 1643 3044 640—44.

206 3067 240 3110 ⁴)
265 3066 341 3111 1αεί
366 3068 537 3103 πόνιῖίεΙι
564 3068 639 3103 wie
664 3069 784 3103 Hardt
811 3068 877 3110 IV,
905 3069 1106 3110 180-186,·
1136 3068 1260 3102 Mansi
1288 3066 1445 3108 ΧΧΙἸΙ,
1471 3067 1643 3102 649-54.
