2227 3434
715 0 799 33 ffA

734 158 824 193 1415
848 158 934 191 Dez.
958 159 979 191 8
1002 179 1042 182 —
1068 158 1154 191 Dez.
1177 159 1232 192 26.
1780 160 1864 202 425

101 277 224 319 lacra
254 276 426 330 fiunt,²¹)
457 276 644 329 quando
670 276 826 328 aliquo
853 277 1116 318 interventu
1144 277 1340 329 pecunie
1369 277 1441 317 vel
1471 277 1574 319 aliis
1604 277 1751 318 modis
1780 277 1866 318 illi-

100 348 202 389 citis
239 352 286 390 et
325 347 553 400 corruptis
593 347 710 388 sicut
750 350 928 388 mortue
970 350 1118 389 statue
1160 350 1393 400 papatum,
1434 348 1751 400 episcopatum
1792 348 1864 388 vel

100 417 238 459 aliam
266 418 579 470 prelacionem
608 417 864 469 acquirunt,
893 418 970 470 qui
999 421 1104 458 tunc
1134 418 1250 459 alios
1280 417 1622 460 incircumcisos
1650 421 1694 459 et
1725 418 1867 470 indig-

98 500 197 540 nos,
218 489 381 541 quales
403 489 489 541 ipsi
512 491 630 540 sunt,
650 489 796 530 eciam
817 488 1096 541 quandoque
1118 501 1218 529 cum
1240 489 1451 541 pecuniis
1472 490 1516 530 in
1538 488 1865 541 patrimonium

100 557 354 612 crucifixi¹')
386 559 681 600 introducunt
707 563 751 600 et
778 563 1051 611 promovent
1079 559 1395 610 communiter,
1427 560 1486 601 ita
1515 559 1637 612 quod
1666 559 1754 601 iam
1782 572 1867 612 pro

40 629 44 632 ’
100 641 264 682 magna
294 633 426 682 parte
455 629 703 672 edificatur
732 629 854 682 Syon
884 629 929 670 in
960 630 1265 682 sanguinibus
1294 634 1338 671 et
1367 630 1580 682 Symonis
1610 631 1866 683 parentela.

100 699 248 752 Unde,
270 701 413 753 proch
435 701 581 752 dolor,
603 700 709 742 facti
732 701 974 742 evidencia
997 701 1296 752 demonstrat,
1320 701 1443 753 quod
1464 701 1570 742 dicit
1592 702 1864 754 Rupertus¹)

99 769 466 813 Sari-sburiensis
515 771 631 813 alias
680 771 980 813 Carnotensis
1031 772 1077 812 in
1126 784 1208 812 suo
1258 771 1560 813 policraticon
1612 772 1730 813 libro
1778 772 1864 812 VII

98 853 196 894 cap.
228 841 377 882 XVII:
423 840 561 893 Sicut,
593 841 754 894 inquit,
788 842 844 883 de
877 845 976 883 orto
1007 841 1277 883 deliciarum
1311 842 1522 883 oriuntur
1554 846 1749 895 quatuor
1781 842 1868 883 flu-

98 912 238 965 mina,
262 924 351 965 que
375 912 528 954 omnia
553 911 747 965 irrigant
769 915 816 954 et
838 912 1104 964 fecundant,
1130 913 1194 954 sic
1219 913 1276 954 de
1301 916 1401 954 orto
1424 914 1618 954 ecclesie
1645 917 1689 954 et
1715 913 1867 954 medio

100 982 263 1025 domus
303 982 389 1024 Dei
426 987 679 1035 erumpunt
718 984 871 1025 omnia
911 983 1041 1035 vicia,
1082 996 1170 1036 que
1213 983 1456 1025 destruunt
1497 987 1541 1025 et
1579 984 1867 1025 confundunt

99 1052 353 1096 universa.
389 1086 397 1095 .
433 1087 441 1095 .

215 1123 385 1175 Quales
410 1128 629 1168 tractatus
653 1128 698 1166 et
722 1138 859 1177 quam
886 1125 1147 1167 detestandi
1173 1129 1446 1177 contractus,
1472 1126 1642 1167 nedum
1669 1126 1724 1166 de
1753 1125 1868 1166 infe-

98 1194 302 1238 rioribus
331 1195 598 1248 prelaturis,
630 1199 699 1238 set
727 1196 872 1238 eciam
904 1209 1045 1249 super
1077 1209 1294 1249 supremo
1325 1197 1523 1249 primatu
1555 1196 1867 1238 ecclesiastice

101 1266 329 1308 ierarchie
352 1267 397 1308 in
418 1267 642 1320 preterito
664 1267 806 1309 habiti
832 1271 936 1310 sunt
957 1271 1014 1319 et,
1038 1268 1153 1310 sicut
1175 1268 1354 1319 dicitur,
1378 1268 1422 1308 in
1445 1267 1653 1321 presenti
1673 1270 1868 1309 tractan-

97 1340 185 1388 tur,
216 1340 266 1379 ut
298 1337 354 1379 de
387 1350 507 1380 novo
541 1338 702 1379 inutile
737 1339 849 1380 solis
883 1338 1179 1380 simulacrum
1213 1339 1427 1381 manibus
1458 1338 1693 1380 hominum
1728 1338 1868 1380 fabri-

98 1411 238 1450 cetur.
281 1407 395 1450 Cum
423 1421 515 1450 non
544 1409 782 1462 ignoretur
811 1423 836 1451 a
864 1410 1035 1461 multis,
1065 1413 1256 1462 propter
1285 1409 1480 1451 ecclesie
1512 1410 1781 1451 scandalum
1811 1409 1867 1450 ad

99 1490 296 1531 presens
329 1479 627 1522 taciturnitati
661 1481 891 1533 relinquo.
938 1480 1015 1522 Set
1050 1481 1095 1522 id
1130 1494 1155 1523 a
1190 1481 1403 1533 pluribus
1439 1480 1698 1533 denotatur,
1732 1480 1868 1533 quod,

99 1549 215 1591 sicut
239 1550 620 1603 impiissimorum
646 1552 803 1594 Achab
829 1555 873 1593 et
899 1551 1101 1594 Yezabel
1131 1552 1283 1595 scelus
1307 1551 1535 1604 ydolatrie
1561 1555 1606 1593 et
1631 1554 1867 1604 peccatum

98 1620 302 1664 violenta
325 1634 487 1664 eorum
512 1623 752 1675 sanguinis
776 1623 1012 1665 effusione
1040 1624 1166 1665 iuxta
1190 1623 1383 1665 verbum
1409 1622 1580 1664 domini
1606 1635 1697 1664 non
1723 1618 1869 1676 potuit

98 1691 294 1745 expiari,
321 1693 412 1734 nisi
443 1692 606 1736 domus
633 1707 793 1735 eorum
821 1697 913 1736 tota
941 1707 1041 1735 cum
1070 1694 1325 1736 cultoribus
1352 1697 1395 1735 et
1425 1694 1728 1736 servitoribus
1757 1693 1866 1735 Baal

100 1776 246 1816 usque
284 1764 341 1806 ad
378 1777 605 1806 summum
644 1765 850 1807 clausum
889 1766 933 1806 in
972 1778 1157 1807 carcere
1195 1769 1239 1807 et
1276 1766 1578 1806 novissimum
1616 1765 1868 1815 deleretur,

100 1835 216 1876 sicut
243 1834 440 1876 habetur
471 1835 566 1876 IIII
594 1847 688 1889 reg.
723 1836 738 1876 I
767 1836 1022 1890 capitu10,2)
1055 1837 1118 1877 sic
1147 1836 1400 1877 secundum
1430 1836 1590 1877 videre
1621 1836 1868 1876 multorum

98 1917 190 1946 non
223 1906 577 1958 prosperabitur
609 1910 752 1948 status
786 1907 982 1949 ecclesie
1015 1919 1099 1948 nec
1132 1920 1285 1949 coram
1320 1907 1417 1948 Deo
1448 1907 1618 1948 viventi
1655 1906 1868 1959 proficiet

98 1988 183 2028 per
214 1975 498 2019 incrementa
528 1977 761 2030 virtutum,
792 1978 881 2020 nisi
914 1978 1149 2020 manifesti
1182 1979 1382 2019 cultores
1414 1978 1628 2029 avaricie,
1661 1977 1868 2030 symonie

98 2051 143 2089 et
167 2047 394 2090 scismatis
417 2051 549 2090 extra
574 2052 723 2091 castra
749 2049 945 2091 ecclesie
970 2052 1203 2102 tamquam
1228 2049 1402 2102 leprosi
1428 2049 1800 2091 abhominabiles
1824 2051 1869 2090 et

101 2118 322 2160 immundi
358 2119 404 2160 in
437 2119 591 2172 gladio
627 2120 749 2162 Petri
783 2123 827 2161 et
860 2120 1028 2162 virtute
1062 2120 1261 2173 Spiritus
1297 2121 1439 2162 sancti
1476 2120 1696 2161 radicitus
1730 2120 1868 2160 extir-

99 2192 268 2241 pantur
307 2223 316 2231 .
352 2224 360 2231 .
396 2224 404 2231 .
446 2189 615 2233 Contra
653 2204 748 2243 eos,
788 2191 865 2244 qui
905 2190 1251 2244 dissipaverunt
1291 2192 1439 2244 legem
1482 2191 1582 2242 Dei,
1622 2204 1702 2232 vos
1746 2190 1866 2231 Petri

98 2259 303 2312 gladium
331 2261 514 2304 habetis
540 2261 585 2302 in
614 2262 841 2304 manibus.
882 2262 1138 2315 Jungamus
1165 2263 1384 2304 dexteras
1411 2261 1472 2303 ad
1494 2261 1698 2315 gladium
1729 2262 1868 2313 impe-

100 2331 229 2374 rialis
264 2332 492 2385 culminis,
529 2332 735 2374 advocati
771 2336 815 2375 et
850 2333 1116 2375 defensoris
1149 2334 1362 2384 ecclesie,
1398 2336 1441 2374 et
1477 2333 1699 2385 precipue
1738 2331 1868 2373 istius

99 2401 294 2454 piissimi
328 2402 553 2456 principis
588 2404 902 2456 cooperatoris
937 2405 1048 2446 tanti
1088 2405 1193 2446 boni
1233 2404 1289 2446 ad
1325 2403 1651 2445 exectis-ionem
1691 2402 1866 2444 iusticie

98 2474 273 2514 tantum
307 2476 353 2515 et
384 2477 605 2525 quantum
638 2474 828 2526 expedit
860 2478 1020 2516 nostro
1053 2475 1284 2527 spirituali
1319 2474 1487 2528 gladIO,
1525 2477 1569 2516 ut
1604 2474 1703 2515 sine
1741 2485 1866 2514 more

100 2542 348 2596 dispendio
371 2547 504 2587 extra
530 2548 680 2587 castra
706 2545 933 2587 eiciantur
959 2546 1132 2598 leprosi
1162 2580 1169 2586 .
1206 2579 1213 2586 .

99 2637 205 2680 Dez.
241 2636 308 2680 26.
347 2665 394 2669 —
432 2639 752 2681 Johannes
796 2639 1141 2681 Zachariae
1188 2639 1234 2681 0.
1281 2638 1465 2679 Erem.

222 2718 347 2752 ref!
366 2728 377 2753 .·
418 2719 466 2752 Be
491 2720 558 2754 632
581 2720 606 2762 r.
636 2721 716 2759 173,·
744 2720 806 2753 Mn·
839 2721 946 2755 1:542]
970 2721 995 2762 γ.
1026 2721 1106 2757 1557:
1134 2720 1201 2753 1²01
1225 2722 1293 2754 ,m
1317 2720 1341 2762 f.
1370 2721 1452 2754 212:
1480 2721 1541 2751 ste
1566 2723 1610 2752 :m
1634 2721 1658 2761 γ,
1685 2720 1738 2751 57.

218 2775 251 2809 Ι)
266 2786 283 2809 r
300 2787 321 2810 u
337 2787 354 2810 c
370 2776 394 2809 k
412 2787 423 2810 .·
468 2777 604 2813 Walcle,
633 2777 866 2811 Morzimenla
895 2778 922 2814 Ι,
947 2781 981 2815 3,
1007 2780 1060 2812 0¹1.

218 2833 459 2877 Inhalt:
503 2835 870 2888 Notwendiyh·eit
904 2837 988 2878 cler
1023 2836 1223 2888 Reform.

203 2944 233 2963 an
256 2937 305 2964 .Υᾶ
324 2918 462 2970 flictu-⁷0
484 2957 489 2962 .
538 2938 634 2964 liunt:
655 2938 705 2964 hic
728 2938 935 2965 sinunlantma
996 2940 1026 2964 ln
1051 2939 1096 2965 Nn
1121 2939 1220 2965 lesu
1245 2938 1375 2965 Clu-isti.

219 2999 250 3038 ¹)
278 2998 326 3030 So
348 2999 435 3031 stall
459 2997 665 3031 Johannes.

218 3056 250 3097 ²)
278 3055 510 3089 Talsiichlieh
533 3056 564 3090 9.
588 3054 754 3099 Kapilel.
