2227 3434
549 155 589 191 B.
643 154 721 191 Der
758 154 860 191 liber
898 156 1092 199 gestorum
1132 153 1202 190 des
1242 152 1485 189 Cerretanus.
1818 153 1901 196 175

132 275 304 319 civitati
333 277 378 318 et
406 274 518 329 quid
544 277 692 316 nocet.
734 273 789 316 Et
816 273 903 316 hoc
931 272 1119 326 quidem
1149 272 1342 325 suscipit
1370 275 1415 314 et
1445 272 1606 325 salvat,
1634 271 1720 313 hoc
1750 274 1902 312 autem

135 346 272 390 abicit
298 349 344 389 et
371 345 502 389 tollit.
543 345 638 387 Hec
667 344 724 386 de
754 343 972 387 secunda.

251 417 360 459 Dixi
385 415 528 459 tercio
553 419 598 458 et
624 416 800 468 ultimo,
826 414 950 468 quod
975 417 1045 457 est
1070 414 1158 456 ista
1184 413 1555 466 contemplativa,
1581 425 1670 466 que
1697 411 1903 454 consistit

134 501 193 530 ex
226 486 577 541 operationibus
611 485 964 540 intellectivis.³)
1012 485 1109 526 Hec
1141 487 1211 527 est
1244 483 1485 526 rationalis
1518 496 1604 537 per
1637 483 1903 534 essentiam,

135 562 301 613 potens
345 558 599 601 secundum
643 569 693 600 se
738 557 891 610 ipsum
934 555 1208 598 raciocinari
1250 558 1295 597 et
1338 555 1622 607 intelligere;
1670 557 1713 596 et
1757 553 1803 595 in
1847 566 1903 594 ea

133 629 390 672 consistunt
418 629 614 671 virtutes
644 627 987 669 intellectuales
1018 630 1063 668 et
1093 627 1195 669 eius
1224 627 1467 680 proprium
1496 637 1613 679 opus
1644 627 1715 667 est
1745 636 1904 677 specu-

135 701 253 743 lacio
290 699 498 743 veritatis
537 699 811 753 simpliciter
850 701 894 740 et
934 697 1145 740 absolute
1186 699 1368 750 sumpta
1405 699 1450 738 et
1488 696 1722 738 constituit
1759 695 1904 736 finem

135 784 269 814 suum
306 772 354 813 in
392 770 659 824 cognicione
697 781 942 812 causarum
977 771 1024 811 et
1060 767 1315 810 existencie
1355 779 1513 809 rerum
1549 766 1904 818 mundanarum,

134 843 441 885 humanarum
469 845 514 884 et
540 841 817 884 divinarum.
856 840 1082 892 Quoniam
1108 842 1262 881 autem
1288 838 1529 892 puriorum
1556 841 1601 880 et
1628 836 1905 879 immateria-

134 913 247 956 lium
275 925 498 957 sensuum
526 912 832 966 operaciones
858 911 1089 964 puriores,
1118 912 1290 963 quanto
1318 921 1451 951 mens
1480 907 1832 950 immaterialior
1861 909 1905 949 et

132 984 388 1040 preciosior
425 984 658 1038 sensibus,
694 985 820 1026 tanto
855 985 900 1024 et
935 980 1152 1035 operacio
1188 980 1335 1034 ipsius
1373 979 1724 1033 operationibus
1760 977 1904 1022 sensi-

133 1056 308 1099 bilibus
337 1056 609 1109 preciosior.
652 1054 832 1106 Quanto
862 1052 1001 1095 etiam
1032 1051 1270 1094 excellunt
1300 1051 1501 1104 puritate
1533 1053 1578 1093 et
1607 1050 1904 1104 preciositate

135 1126 450 1181 intelligibilia
486 1125 790 1169 sensibilibus
825 1126 952 1167 tanto
987 1127 1032 1165 et
1066 1121 1377 1176 intelligentia
1413 1121 1630 1165 sensibus
1665 1124 1711 1163 et
1745 1133 1906 1174 specu-

135 1199 245 1241 latio
279 1197 461 1252 actioni,
496 1196 793 1250 operationes
828 1195 966 1238 huius
1001 1197 1108 1237 sunt
1142 1193 1299 1236 divina
1334 1193 1566 1247 speculari
1601 1195 1646 1234 et
1678 1191 1768 1234 hiis
1801 1203 1906 1245 per-

135 1269 388 1312 fectissime
410 1268 535 1311 uniri
559 1271 603 1310 et
626 1266 891 1320 assimilari,
914 1265 1191 1320 cupiditates
1212 1277 1305 1306 non
1329 1264 1589 1317 reprimere
1614 1263 1697 1305 sed
1719 1261 1905 1316 penitus

134 1339 360 1393 oblivisci,
388 1339 636 1393 passiones
666 1338 898 1391 ignorare,
928 1349 1023 1379 non
1051 1336 1254 1389 vincere,
1284 1338 1332 1377 ut
1362 1334 1538 1377 nesciat
1567 1334 1705 1375 irasci
1735 1332 1906 1386 cupiat-

135 1423 224 1465 que
250 1410 409 1453 nichil.
452 1410 519 1453 Ita
541 1422 645 1452 cum
672 1421 878 1462 superna
903 1411 948 1450 et
975 1407 1132 1449 divina
1157 1409 1312 1448 mente
1339 1405 1520 1459 sociari,
1546 1408 1595 1447 ut
1622 1407 1776 1447 servet
1802 1415 1906 1457 per-

134 1473 325 1536 petuum
353 1494 457 1523 cum
485 1493 542 1523 ea
570 1480 709 1523 fedus
737 1480 866 1522 illam
895 1478 1132 1521 imitando.
1174 1478 1269 1519 Hec
1297 1477 1354 1519 de
1383 1477 1540 1519 tercia.

252 1552 581 1606 Contemplare
611 1551 764 1605 igitur,
793 1549 1096 1593 serenissime
1126 1548 1360 1602 princeps,
1390 1548 1438 1590 in
1467 1547 1625 1589 verbis
1653 1544 1905 1600 propositis

134 1623 281 1679 patris
321 1622 628 1666 amantissimi
668 1621 902 1664 sincerum
941 1633 1053 1674 erga
1093 1623 1137 1662 te
1178 1619 1417 1662 affectum!
1473 1617 1587 1660 Cum
1627 1617 1751 1658 enim
1794 1616 1906 1659 sciat

135 1696 276 1738 vitam
313 1694 501 1737 felicem
539 1696 584 1736 et
620 1692 879 1747 perfectam
917 1704 1023 1734 esse
1063 1690 1296 1744 quoddam
1335 1691 1634 1743 aggregatum
1674 1700 1733 1729 ex
1771 1687 1906 1729 bonis

135 1769 315 1820 nature,
341 1765 484 1808 moris
510 1768 555 1807 et
582 1764 847 1807 intellectus
874 1765 1103 1816 exoptans
1129 1764 1174 1804 te
1201 1773 1307 1804 esse
1335 1772 1446 1802 vere
1474 1758 1676 1813 felicem,
1703 1758 1789 1800 hec
1815 1769 1907 1799 om-

135 1837 214 1880 nia
239 1837 288 1879 in
313 1839 360 1879 te
387 1836 669 1879 accumulari
697 1833 936 1877 desiderat
962 1833 1140 1875 dicens:
1181 1832 1318 1873 Vivat
1345 1843 1430 1872 rex
1458 1830 1551 1872 vita
1575 1832 1756 1882 nature,
1784 1829 1907 1869 vivat

136 1920 221 1950 rex
246 1908 340 1951 vita
365 1907 525 1960 activa,
551 1906 675 1949 vivat
701 1918 787 1948 rex
811 1905 905 1947 vita
931 1902 1306 1957 contemplativa!
1346 1902 1525 1944 Rursus
1550 1904 1683 1954 potes
1707 1901 1907 1942 contem-

136 1979 258 2033 plari
279 1979 327 2021 in
345 1978 557 2033 piissimo
578 1980 710 2032 patre
734 1975 958 2018 desiderii
982 1978 1027 2017 et
1048 1974 1248 2018 affectus
1270 1973 1596 2015 vehementem
1617 1971 1905 2013 instanciam.

136 2050 349 2104 Repetita
379 2049 567 2104 quidem
595 2048 741 2091 oratio
769 2050 841 2090 est
870 2047 1053 2100 signum
1083 2045 1409 2098 expressivum
1438 2041 1688 2086 voluntatis
1718 2039 1907 2084 intensi-

137 2121 244 2164 oris.
282 2120 418 2163 Unde
447 2120 506 2163 ad
532 2118 869 2172 designandam
897 2115 1171 2160 instanciam
1198 2115 1556 2169 propensiorem
1583 2113 1631 2155 id
1657 2113 1810 2167 ipsum
1836 2114 1907 2153 ter

138 2191 306 2246 repetit
331 2191 508 2233 dicens:
546 2189 683 2232 Vivat
706 2201 805 2243 rex,
830 2188 953 2231 vivat
977 2199 1076 2241 rex,
1101 2187 1225 2229 vivat
1249 2186 1352 2227 rex!
1392 2184 1564 2227 Ultimo
1588 2182 1833 2226 considera
1859 2181 1906 2223 in

137 2266 269 2316 patre
295 2262 662 2317 prudentissimo
688 2260 870 2303 consilii
896 2257 1259 2313 providenciam.
1299 2256 1429 2310 Cogit
1453 2267 1654 2308 namque
1679 2252 1906 2296 naturalis

138 2335 288 2388 pietas
308 2336 530 2388 parentes
554 2344 722 2386 capere
746 2330 991 2374 consilium
1012 2342 1098 2384 pro
1120 2329 1298 2371 liberis.
1336 2327 1449 2370 Cum
1472 2326 1609 2380 igitur
1632 2326 1746 2368 sciat
1767 2324 1905 2366 vitam

138 2405 306 2447 bonam
330 2408 375 2446 et
398 2403 655 2457 perfectam
680 2414 786 2445 esse
811 2401 868 2443 de
894 2412 1091 2442 numero
1114 2400 1357 2451 bonorum,
1382 2410 1471 2451 que
1496 2396 1631 2439 nobis
1657 2406 1907 2448 cooperan-

139 2475 261 2519 tibus
302 2476 446 2517 veluti
488 2487 590 2516 cum
632 2485 772 2516 causa
814 2472 1014 2525 quadam
1058 2483 1084 2513 a
1127 2470 1225 2512 Deo
1266 2469 1548 2521 tribuuntur,
1592 2467 1650 2509 ad
1694 2465 1906 2507 devotam

139 2547 402 2589 oracionem
439 2558 488 2589 se
524 2547 801 2587 convertens
836 2543 926 2596 piis
961 2541 1180 2596 precibus
1216 2540 1454 2582 dominum
1490 2551 1575 2592 pro
1610 2541 1688 2579 tua
1724 2536 1907 2577 celsitu-

140 2616 246 2660 dine
278 2616 547 2670 interpellat
578 2615 755 2657 dicens:
798 2614 936 2656 Vivat
966 2625 1065 2665 rex,
1096 2612 1218 2654 vivat
1248 2623 1347 2663 rex,
1376 2610 1500 2651 vivat
1529 2608 1632 2650 rex!
1676 2607 1785 2659 Hec,
1816 2617 1905 2658 que

138 2687 360 2730 hactenus
390 2689 664 2742 prosecutus
697 2697 812 2738 sum,
842 2683 1128 2738 generaliter
1160 2682 1278 2724 dicta
1309 2680 1417 2723 sint!
1463 2680 1590 2721 Nunc
1621 2678 1680 2720 ad
1710 2677 1907 2731 particu-

140 2758 256 2801 laria
289 2757 581 2800 descendens
615 2769 782 2798 munus
815 2754 1061 2808 legationis
1094 2756 1253 2795 nostre
1288 2751 1554 2804 specialiter
1588 2748 1787 2791 adorior.

255 2828 623 2883 Religiosissime
660 2826 938 2880 principum,
975 2827 1219 2878 postquam
1256 2820 1702 2876 perniciosissimum
1740 2819 1905 2860 scisma

140 2911 226 2942 sex
268 2899 428 2942 lustris
470 2897 700 2941 continuis
742 2896 1017 2951 gravissime
1063 2893 1237 2936 afflixit
1278 2892 1525 2934 »ecclesiam
1569 2889 1668 2941 Dei,
1714 2887 1904 2942 spiritus

141 2971 286 3013 sancti
315 2970 547 3023 instinctu,
576 2968 655 3022 qui
684 2968 899 3021 dispersa
929 2968 1177 3019 congregat
1205 2967 1250 3006 et
1280 2965 1511 3005 restaurat
1541 2960 1774 3013 universa,
1804 2969 1905 3010 sep-

244 3074 275 3106 a)
297 3073 335 3101 c':
358 3079 447 3101 mere
466 3053 692 3100 intellectivis.
