2102 3444
208 136 264 179 46
730 136 755 170 Ι.
797 136 1008 171 Abschnitt.
1061 136 1461 182 Konzilstagebiicher.

209 254 380 296 exinde
410 255 632 308 gerenda,
662 259 798 308 prout
829 256 874 297 in
905 256 1084 308 cedula,
1115 269 1252 309 quam
1284 258 1408 311 legit,
1438 259 1569 301 cuius
1597 261 1730 300 tenor
1760 258 1866 301 talis
1895 261 1980 311 est,

209 326 487 368 continetur:

326 397 440 449 Quia
465 398 786 440 sanctissimus
813 432 821 440 .
857 432 865 440 .
902 432 909 440 .
936 399 1252 453 continetur.¹)

328 469 681 521 Consequenter
719 470 964 511 concilium
1000 482 1086 523 per
1123 483 1347 524 organum
1385 471 1722 525 archiepiscopi
1764 471 1981 514 Mediola-

134 586 140 591 ,
208 540 369 582 nensis
403 541 566 582 stantis
599 541 690 582 alte
723 540 769 581 in
802 541 981 594 pulpito
1012 554 1114 583 cum
1152 541 1244 584 IIII
1277 542 1472 595 prelatis
1506 546 1703 595 quatuor
1734 543 1980 584 nacionum

208 610 374 653 dictam
403 612 785 654 convocacionem
815 615 860 654 et
889 612 1298 655 auctorizacionem
1331 613 1529 666 admisit,
1559 616 1696 667 prout
1725 614 1772 655 in
1801 613 1980 666 cedula,

208 695 345 735 quam
376 683 500 736 legit,
531 683 662 725 cuius
692 686 826 725 tenor
857 683 1080 737 sequitur.
1124 685 1177 726 Et
1208 685 1554 738 responderunt
1585 687 1782 738 quatuor
1811 684 1980 738 prelati

208 766 292 806 pro
322 754 415 795 IIII
440 754 732 797 nacionibus:
771 755 929 796 Placet
954 759 999 797 et
1022 755 1276 798 cardinalis
1301 755 1528 798 Ostiensis
1553 768 1639 809 pro
1663 755 1860 809 collegio
1885 768 1981 798 car-

208 824 452 866 dinalium:
497 825 665 869 Placet.
708 826 766 868 Et·
790 826 875 868 hoc
902 838 1024 867 nunc
1051 827 1202 879 primo
1231 839 1509 880 responsum
1538 829 1609 869 est
1636 839 1694 868 ex
1723 829 1856 880 parte
1885 838 1980 868 car-

208 895 448 938 dinalium.

326 967 479 1009 Tenor
502 968 684 1010 cedule:
723 968 837 1010 Cum
862 968 1140 1022 principium
1165 1003 1172 1010 .
1209 1003 1216 1011 .
1253 1003 1261 1011 .
1287 970 1431 1012 sancti
1455 970 1618 1011 Amen.

324 1038 625 1081 Sacrosancta
654 1039 891 1092 generalis
921 1040 1126 1092 synodus
1157 1074 1165 1082 .
1201 1074 1209 1081 .
1245 1075 1253 1082 .
1284 1040 1566 1093 inclusive.2)

326 1110 379 1152 Et
403 1110 672 1163 notandum,
699 1111 823 1163 quod
848 1110 935 1153 ista
961 1111 1181 1154 admissio
1207 1111 1329 1153 facta
1355 1111 1441 1153 fuit
1467 1124 1526 1153 ex
1550 1111 1845 1164 necessitate,
1871 1111 1980 1164 quia

207 1182 343 1223 aliter
369 1181 570 1224 Karolus
596 1182 726 1223 nullo
752 1182 888 1224 modo
914 1183 1191 1224 renunciare
1218 1183 1376 1224 voluit.
1416 1183 1470 1224 Et
1495 1183 1646 1224 visum
1672 1182 1760 1224 fuit
1784 1182 1980 1223 concilio

206 1265 291 1305 pro
315 1256 441 1295 tanto
465 1253 587 1295 bono
612 1253 773 1306 pocius
799 1253 1146 1307 admittendam,
1171 1266 1309 1306 quam
1334 1253 1593 1296 cessionem
1617 1265 1710 1295 non
1734 1253 1857 1295 fieri.

323 1324 423 1367 Hiis
446 1324 616 1366 auditis
639 1324 681 1366 d.
704 1324 955 1366 cardinalis
978 1325 1241 1378 Ragusinus
1263 1328 1479 1378 receptus
1502 1327 1572 1367 est
1594 1324 1642 1366 in
1664 1324 1862 1377 collegio
1883 1336 1979 1366 car-

205 1396 431 1438 dinalium
462 1398 506 1438 et
536 1397 771 1438 osculatus
800 1399 870 1438 est
899 1408 1061 1438 omnes
1091 1399 1137 1438 et
1167 1396 1287 1438 sedit
1317 1395 1550 1439 secundus
1579 1395 1977 1449 presbyterorum,

206 1467 422 1509 videlicet
453 1466 558 1521 'post
591 1467 633 1509 d.
668 1468 994 1509 Veneciarum.
1043 1467 1226 1509 Dudum
1259 1467 1525 1520 patriarcha
1560 1465 1979 1519 Constantinopoli-

205 1542 341 1580 tanus
368 1538 429 1580 ita
458 1541 674 1591 receptus
703 1542 772 1581 est
799 1539 1064 1592 patriarcha
1094 1539 1214 1580 inter
1242 1538 1544 1591 patriarchas.

326 1610 434 1652 Post
457 1610 541 1651 hec
565 1610 620 1652 fit
643 1609 785 1652 missa
808 1623 910 1652 cum
935 1610 1207 1664 sermone‚³)
1248 1609 1388 1652 Missa
1413 1610 1602 1662 expleta
1623 1609 1744 1651 lecta
1767 1610 1874 1651 sunt
1896 1607 1981 1649 hec

205 1681 391 1722 decreta
421 1680 618 1733 concilii,
649 1693 845 1734 quarum
874 1684 1063 1723 tenores
1095 1683 1365 1734 sequuntur.
1410 1680 1465 1722 Et
1495 1679 1840 1733 responderunt
1869 1678 1976 1720 dicti

205 1755 402 1805 quatuor
429 1752 598 1805 prelati
626 1755 671 1794 et
698 1752 950 1794 cardinalis
978 1752 1207 1794 Ostiensis
1235 1755 1284 1794 ut
1312 1764 1471 1804 supra:
1514 1751 1725 1805 Placet.³)

326 1823 439 1865 Item
480 1826 773 1865 sacrosancta
815 1823 1052 1875 generalis
1095 1822 1299 1875 synodus
1342 1821 1713 1864 Constantiensis
1753 1823 1835 1863 ete.
1880 1854 1888 1862 .

207 1895 278 1936 Ad
302 1894 488 1937 facilius
514 1928 523 1937 .
558 1928 567 1937 .
603 1894 653 1949 .⁴)

328 1966 441 2008 Item
481 1969 638 2008 sancta
678 1965 883 2018 synodus
924 1965 1302 2007 Constanciensis
1340 1964 1497 2006 statuit
1534 1966 1580 2006 et
1618 1962 1815 2016 ordinat,
1855 1961 1977 2016 quod

206 2051 367 2080 omnes
401 2037 626 2079 officiales
660 2040 704 2079 et
737 2037 939 2078 curiales
975 2070 983 2078 .
1020 2070 1027 2077 .
1063 2069 1071 2077 .
1107 2035 1263 2077 debita
1298 2034 1655 2077 mansuetudine
1687 2036 1978 2088 potestatem.

210 2110 324 2151 Item
355 2111 491 2162 prout
521 2109 568 2149 in
598 2108 792 2150 articulo
822 2107 1040 2160 superius
1070 2106 1298 2159 convenit,
1329 2119 1418 2159 que
1449 2106 1506 2148 de
1537 2105 1719 2147 duobus
1748 2103 1980 2147 conventi-

206 2181 291 2222 bus
323 2181 370 2222 in
402 2179 566 2222 eodem
599 2180 731 2221 titulo
762 2178 870 2221 facit
902 2178 1246 2231 mencionem.⁵)

322 2251 423 2293 Hiis
451 2250 653 2303 expletis
684 2249 887 2292 surrexit
916 2250 1117 2291 Karolus
1147 2248 1204 2290 de
1238 2247 1491 2290 Malatestis
1519 2250 1566 2289 et
1593 2247 1801 2289 narravit
1830 2246 1977 2288 inten-

205 2323 383 2364 cionem
405 2322 579 2364 domini
600 2321 669 2364 sui
691 2322 749 2363 ad
770 2320 1176 2362 renunciacionem
1196 2322 1241 2361 et
1260 2321 1535 2372 potestatem
1557 2318 1615 2360 ab
1636 2330 1692 2360 eo
1713 2317 1802 2360 sibi
1823 2316 1976 2359 datam

206 2397 465 2436 contentam
496 2394 542 2434 in
572 2393 664 2435 alia
693 2392 836 2444 bulla,
866 2404 1003 2444 quam
1033 2390 1141 2432 fecit
1171 2389 1276 2444 legi,
1306 2389 1434 2431 cuius
1464 2392 1598 2431 tenor
1626 2389 1733 2431 talis
1761 2390 1848 2431 est:

324 2464 579 2518 Gregorius
613 2498 621 2505 .
657 2497 665 2505 .
702 2498 709 2505 .
745 2462 910 2505 Divina
941 2461 1095 2515 gracia
1129 2499 1136 2505 .
1173 2494 1181 2502 .
1217 2495 1225 2502 .
1257 2473 1379 2502 anno
1410 2460 1588 2513 nonost‘)

325 2537 379 2578 Et
401 2536 509 2588 quia
531 2536 577 2577 in
601 2535 721 2577 dicta
743 2534 872 2576 bulla
894 2533 1029 2575 datur
1050 2535 1256 2586 potestas
1279 2530 1601 2583 renunciandi,
1623 2529 1703 2572 ubi
1724 2532 1770 2572 et
1791 2528 1977 2583 quando

205 2607 438 2650 videbitur
459 2606 688 2660 expediri,
708 2605 871 2659 petivit
890 2617 974 2658 per
995 2602 1239 2646 concilium
1260 2602 1505 2654 declarari,
1523 2604 1678 2643 utrum
1698 2613 1783 2654 pro
1803 2601 1976 2642 unione

312 2705 340 2727 ιιι
363 2701 395 2726 et
416 2720 420 2724 .
443 2721 448 2726 .
469 2719 474 2725 .
496 2679 607 2733 placet
627 2698 705 2731 salzlt
729 2699 765 2724 B.

325 2748 356 2791 ¹)
384 2748 504 2782 Hardt
529 2747 593 2789 IV,
617 2748 704 2789 371;
732 2746 857 2780 Mansi
882 2744 1041 2787 XXVII,
1067 2745 1145 2779 734.

325 2809 356 2850 2)
384 2807 504 2841 Ηυνιίί
529 2806 595 2848 11',
618 2807 705 2847 372„-
733 2805 858 2840 Mansz·
883 2803 1043 2845 XXVII,
1069 2804 1146 2839 735.

325 2868 356 2909 ⁵²)
385 2867 564 2909 {sehallen
592 2876 661 2900 con
687 2865 856 2899 Dietrich
885 2873 959 2898 von
986 2863 1170 2897 Milnster.

331 2928 358 2967 ¹)
392 2925 617 2959 Beschliisse
644 2924 764 2958 Har-(ll
794 2923 860 2965 11',
887 2921 1069 2964 375—-78,·
1100 2919 1225 2954 Mansa·
1254 2917 1322 2952 XX
1336 2917 1412 2959 VII,
1442 2918 1508 2952 741
1522 2916 1548 2961 Τ.

327 2986 358 3026 ⁵)
388 2984 507 3018 Hardt
534 2983 599 3025 IV,
624 2983 711 3025 372,-
741 2982 867 3016 Mansi
893 2979 1052 3021 XXVII,
1079 2979 1156 3015 735,

327 3044 358 3085 ὓ)
385 3043 504 3077 Hardt
530 3041 595 3083 IV,
620 3041 707 3084 373;
735 3040 860 3074 Mansz·
885 3037 1045 3079 XXVII,
1069 3037 1147 3073 737.
