2227 3434
528 188 572 224 A.
613 188 810 223 Fillastres
839 188 954 222 Gesta
981 186 1132 222 concilii
1159 185 1473 222 Constantiensis.
1828 187 1884 229 89

120 309 274 351 omnia
307 320 445 361 agere
478 306 736 348 videbatur.
783 305 1176 346 Deliberaverunt
1207 304 1351 346 cciam
1384 304 1614 356 premissa
1647 315 1884 356 exponere

122 380 218 433 regi
251 381 296 421 et
327 377 594 431 supplicari,
628 376 751 429 quod
781 376 891 418 talia
923 388 1015 416 non
1047 375 1235 427 fierent,
1269 378 1338 416 set
1370 375 1523 416 omnia
1556 377 1806 427 agerentur
1840 375 1884 415 in

120 450 364 492 communi.
401 447 610 490 Nescitur
633 450 788 488 tamen
813 459 898 487 nec
923 445 1102 497 dicitur,
1127 445 1250 498 quod
1276 457 1359 486 rex
1386 444 1523 487 sciret
1549 445 1636 486 ista
1661 444 1783 496 fieri,
1808 456 1886 485 ne-

121 532 210 573 que
239 519 410 562 scirent
439 518 496 561 de
526 530 757 560 consensu
787 530 883 559 suo,

236 590 411 641 Quibus
445 590 542 642 regi
577 588 803 641 expositis
837 586 1092 640 respondit,
1126 598 1175 629 se
1209 586 1266 627 de
1302 586 1396 628 illis
1429 585 1570 627 nichil
1606 585 1723 628 scire
1757 588 1803 627 et
1837 597 1885 627 se

120 661 178 703 de
209 661 453 714 premissis
484 671 577 701 non
610 657 916 700 intromittere
947 669 1100 710 neque
1133 657 1190 698 de
1222 669 1343 709 pape
1374 655 1620 707 electione;
1656 659 1724 698 set
1756 656 1886 697 illum

121 733 168 774 in
197 743 365 785 papam
397 730 641 783 reciperet,
673 741 810 782 quern
841 728 1083 770 concilium
1116 727 1203 770 sibi
1235 726 1381 780 daret,
1412 730 1546 779 prout
1576 727 1662 768 hoc
1693 726 1886 768 multum

119 801 263 845 eciam
290 802 407 844 alias
434 813 546 854 sepe
573 800 702 842 dixit.
741 798 1006 841 Cardinalis
1035 797 1331 840 Florentinus
1358 797 1598 850 respondit
1625 796 1736 850 regi,
1764 796 1885 850 quod

120 874 239 916 bene
266 872 629 925 intelligebatur,
657 870 768 923 quid
798 883 880 912 rex
910 869 1182 911 intendebat
1208 881 1293 922 per
1321 868 1564 910 concilium
1592 871 1637 910 et
1665 867 1775 921 quid
1801 880 1886 920 per

119 943 363 997 collegium
396 941 717 993 cardinalium,
752 940 884 994 quasi
918 940 1306 992 interpretaretur
1340 939 1485 980 verba
1519 938 1641 992 regis
1675 938 1732 980 de
1765 950 1886 991 papa

119 1012 337 1068 eligendo
360 1025 446 1066 per
471 1012 731 1064 concilium,
757 1024 850 1053 non
876 1023 961 1064 per
988 1010 1234 1063 collegium
1262 1009 1580 1051 cardinalium.

235 1084 338 1127 Hiis
380 1084 526 1125 eciam
571 1083 797 1136 expositis
839 1081 1128 1134 nacionibus,
1171 1080 1391 1123 naciones
1435 1080 1601 1131 Ytalic,
1646 1079 1798 1122 Gallie
1842 1083 1887 1121 et

120 1154 343 1209 Hispanie
372 1154 603 1196 dederunt
631 1153 875 1206 deputatos
905 1152 951 1194 in
980 1151 1192 1203 materia3
1224 1151 1475 1194 Germanie
1506 1163 1617 1193 vero
1646 1153 1691 1192 et
1719 1150 1886 1203 Anglie

120 1238 212 1268 non
236 1225 398 1268 adhuc.
436 1225 554 1276 Quid
580 1225 677 1277 fiet,
705 1236 789 1266 suo
815 1224 915 1265 loco
941 1226 1153 1276 ponetur.

238 1296 321 1338 Die
355 1295 571 1337 mercurii
603 1295 746 1337 tercia
782 1294 952 1346 Marcii,
985 1306 1074 1346 que
1108 1293 1197 1335 fuit
1228 1296 1331 1346 post
1365 1292 1615 1345 ,Invocavit
1648 1292 1734 1333 me‘
1769 1289 1888 1333 sedit

120 1367 363 1410 concilium
383 1379 468 1420 pro
488 1379 627 1408 causa
648 1365 921 1407 Tridentina
942 1368 987 1406 et
1007 1377 1109 1406 cum
1130 1363 1423 1416 solennitate,
1445 1375 1555 1416 rege
1576 1363 1887 1404 Romanorum

120 1441 339 1492 presente
362 1437 409 1479 in
432 1437 653 1479 cathedra
676 1438 838 1490 parata
861 1439 906 1478 et
930 1437 1076 1477 latere
1102 1435 1277 1477 altaris.
1314 1435 1368 1476 Et
1390 1434 1494 1476 tulit
1517 1432 1760 1475 concilium
1786 1445 1888 1474 sen-

119 1509 315 1551 tenciam
352 1511 510 1550 contra
546 1508 709 1549 ducem
745 1507 932 1549 Austrie
971 1506 1271 1548 Fredericum
1309 1504 1663 1547 declaratoriam
1701 1503 1888 1545 anathe-

121 1580 268 1632 matis,
293 1578 539 1632 sacrilegii,
563 1578 757 1632 periurii
782 1581 826 1620 et
852 1581 1009 1620 contra
1035 1578 1166 1619 illum
1191 1580 1235 1618 et
1260 1588 1421 1618 omnes
1447 1576 1564 1618 alios
1588 1577 1887 1627 occupatores

120 1650 249 1693 nullo
276 1649 464 1693 nomine
493 1661 721 1702 expresso
749 1649 947 1691 ecclesie
977 1651 1022 1690 et
1051 1648 1247 1690 civitatis
1278 1646 1550 1688 Tridentine
1579 1649 1625 1688 et
1654 1645 1889 1698 pertinen-

119 1722 292 1764 ciarum
327 1733 516 1764 suarum
549 1719 1059 1772 excommunicacionis,
1094 1718 1378 1772 perdicionis
1410 1717 1673 1768 feudorum,
1707 1728 1796 1769 que
1831 1715 1888 1757 ab

121 1792 318 1835 ecclesia
344 1795 390 1835 et
415 1791 613 1845 imperio
639 1791 863 1843 obtinent,
891 1789 1283 1832 inhabilitacionis
1311 1789 1369 1831 ad
1396 1788 1566 1831 similia
1593 1791 1637 1829 et
1665 1787 1722 1829 ad
1750 1788 1888 1829 bene-

121 1863 230 1907 ficia
249 1863 564 1906 ecclesiastica
586 1875 734 1916 usque
758 1863 803 1904 in
826 1861 1078 1904 secundam
1100 1860 1457 1914 generacionem
1479 1862 1524 1901 et
1545 1859 1742 1901 aliarum
1766 1857 1889 1899 infra

122 1934 499 1977 constitucionem
522 1934 680 1976 Karoli
710 1933 801 1974 ΙΙΙΙ
828 1932 1121 1986 imperatoris
1143 1931 1457 1973 canonizatam
1481 1943 1531 1972 ac
1554 1933 1705 1971 terras
1728 1941 1887 1971 eorum

122 2005 433 2048 ecclesiastico
479 2005 743 2058 suppositas
788 2003 1031 2045 interdicto
1075 2006 1119 2044 et
1162 2003 1389 2044 commisit
1434 2002 1531 2055 regi
1577 2001 1887 2042 Romanorum

121 2076 390 2118 ulteriorem
423 2074 752 2117 execucionem
784 2087 869 2128 per
901 2074 1140 2116 brachium
1175 2073 1441 2126 seculare.¹)

237 2145 348 2189 Lata
377 2146 642 2189 huiusmodi
673 2146 910 2188 sentencia
940 2145 1188 2187 advocatus
1218 2143 1341 2197 regis
1371 2143 1565 2185 Francie
1596 2141 1733 2195 peciit
1763 2140 1889 2183 audi-

122 2217 297 2260 enciam
326 2217 427 2260 dari
454 2216 742 2270 procuratori
771 2217 908 2270 regis.
948 2216 1045 2267 Qua
1072 2215 1214 2268 petita
1241 2217 1513 2268 procurator
1540 2212 1736 2266 predicti
1765 2212 1888 2264 regis

123 2288 242 2342 cepit
279 2288 438 2342 legere
477 2288 866 2341 protestacionem
905 2290 1064 2328 contra
1100 2285 1332 2339 Anglicos,
1372 2284 1495 2338 quod
1532 2296 1624 2326 non
1662 2283 1890 2325 haberent

124 2370 207 2401 nec
233 2359 304 2402 ius
331 2358 634 2412 adquirerent
660 2361 824 2411 quarte
851 2358 925 2399 vel
953 2358 1113 2410 quinte
1140 2357 1287 2410 partis
1314 2355 1495 2397 concilii
1523 2355 1760 2408 generalis
1786 2366 1889 2407 pro-

124 2429 331 2472 cedendo
356 2442 442 2483 per
465 2429 699 2482 naciones,
726 2441 811 2482 per
837 2441 974 2481 quam
1002 2429 1059 2469 de
1086 2429 1171 2470 hoc
1196 2427 1554 2480 protestabatur.
1594 2426 1649 2467 Et
1674 2425 1781 2478 quia
1806 2424 1889 2465 hoc

125 2499 302 2554 Anglici
325 2500 594 2543 nitebantur
619 2499 883 2552 adquirere,
909 2500 1016 2541 illos
1040 2498 1320 2552 provocabat
1343 2500 1388 2539 et
1412 2496 1682 2550 appellabat
1707 2495 1765 2537 ad
1788 2507 1889 2536 cau-

126 2582 221 2613 sam
249 2582 402 2613 coram
431 2570 626 2613 concilio
654 2571 728 2612 vel
757 2583 878 2624 papa
908 2570 1079 2621 futuro,
1108 2569 1185 2611 ubi
1216 2569 1359 2610 vellet
1386 2567 1626 2621 prosequi3
1657 2570 1702 2607 et
1730 2567 1814 2607 hoc
1841 2568 1889 2606 ut

126 2653 201 2685 res
226 2641 365 2684 fieret
392 2641 605 2695 litigiosa,
633 2653 718 2683 nec
746 2640 925 2694 Anglici
954 2639 1316 2693 prescriberent.
1357 2638 1502 2680 Nichil
1532 2641 1686 2680 tamen
1716 2637 1889 2688 impug-

126 2711 322 2755 nabatur
341 2712 399 2755 de
419 2713 563 2766 gestis
586 2715 662 2754 aut
681 2711 903 2765 gerendis
925 2712 972 2752 in
993 2711 1079 2753 isto
1099 2709 1307 2762 concilio,
1328 2712 1464 2762 prout
1486 2721 1544 2750 ex
1566 2712 1729 2750 tenore
1751 2719 1888 2759 appa—

127 2784 210 2835 ret,
243 2783 319 2836 qui
356 2782 555 2825 inferius
590 2785 660 2825 est
695 2783 912 2824 insertus.
961 2781 1074 2824 Cum
1110 2784 1263 2823 autem
1299 2780 1490 2833 legisset
1524 2780 1645 2821 circa
1681 2780 1779 2819 octo
1814 2776 1888 2817 vel

126 2851 283 2895 decem
305 2853 470 2906 lineas,
494 2853 638 2906 aliqui
661 2853 1020 2904 insuflaverunt,
1042 2852 1120 2894 alii
1145 2852 1359 2893 fecerunt
1381 2850 1624 2903 strepitum
1647 2852 1691 2890 et
1714 2851 1888 2890 tantum

127 2923 382 2977 tumultum,
406 2924 530 2977 quod
555 2924 716 2977 legens
741 2924 892 2965 audiri
919 2935 1011 2964 non
1035 2925 1229 2976 poterat.
1268 2922 1322 2963 Et
1344 2924 1451 2963 tunc
1477 2920 1534 2962 de
1560 2918 1889 2972 impedimento

128 2996 406 3046 protestatur
431 2997 476 3036 et
499 2994 557 3037 de
582 2995 667 3037 hoc
693 2994 1050 3036 instrumentum
1076 2995 1242 3046 petens
1266 2991 1382 3033 dixit
1408 2991 1514 3042 alte,
1540 2993 1588 3032 ut
1612 2989 1771 3043 potuit,
1797 2988 1889 3030 ele-

245 3087 277 3129 1)
304 3066 521 3131 &fisum
548 3087 614 3129 ιν,
641 3087 890 3129 1103-1123,·
918 3087 1043 3121 Mansa·
1067 3085 1226 3127 XXVII,
1254 3085 1448 3120 1016-31.
