2227 3434
528 212 570 247 A.
611 212 809 248 Fillastres
837 212 953 247 Gesta
980 213 1130 248 concilii
1157 212 1472 248 Constantiensis.
1801 217 1884 258 115

117 331 494 385 archiepiscopus
524 330 738 383 Rigensis
771 331 828 373 de
860 331 1024 373 ordine
1056 331 1192 373 beate
1228 332 1371 374 Marie
1405 332 1880 387 Theutonichorum,²²)

117 402 164 446 S:
194 401 571 444 Sarisberiensis.
611 401 690 444 Set
717 401 946 454 Rigensis,
977 402 1082 444 licet
1112 403 1169 444 ab
1199 402 1336 444 inicio
1366 404 1568 445 tenuerit
1597 406 1755 456 partes
1786 404 1884 445 illo-

119 485 234 525 rum,
256 475 410 514 tamen
434 484 687 514 conversus
711 475 781 514 est
803 473 850 514 in
873 472 1045 514 bonum
1068 476 1112 514 et
1135 476 1296 526 postea
1321 474 1464 516 multa
1487 474 1609 515 bona
1632 473 1747 515 dixit
1771 474 1883 527 regi,

116 543 375 596 corripiens
401 555 506 584 eum
533 542 590 584 de
616 542 779 595 modis,
805 555 920 595 quos
946 544 1148 585 tenebat.

234 613 320 655 Die
357 613 517 655 martis
554 613 650 655 XV.
687 613 814 655 zIunii
852 614 991 666 legati
1030 613 1233 656 Castelle
1271 614 1616 667 responderunt
1652 614 1883 668 deputatis

117 683 420 726 cardinalium
447 687 491 725 et
518 684 764 726 nacionum
793 683 943 725 Ytalie
971 687 1016 726 et
1044 684 1300 737 Gallicane,
1327 685 1451 738 quod
1477 688 1611 727 erant
1637 685 1884 727 deliberati

119 767 168 797 se
191 754 325 797 unire
349 754 560 806 concilio;
588 755 757 807 quibus
780 754 961 796 reddite
986 758 1091 796 sunt
1116 756 1377 808 graciarum
1402 755 1613 798 acciones
1637 759 1682 798 et
1705 756 1793 798 fuit
1816 756 1884 797 eis

117 826 329 879 exposita
365 825 530 867 cedula
568 826 885 878 suprascripta
923 826 1039 867 lecta
1077 829 1121 867 et
1161 826 1417 879 approbata
1455 827 1501 868 in
1539 826 1733 868 nacione
1772 826 1884 869 Ger-

118 896 283 938 manie.
326 896 410 947 Qui
441 895 800 949 responderunt,
833 896 956 949 quod
987 896 1107 938 bene
1140 896 1327 939 fuerant
1358 897 1643 951 interrogati,
1676 897 1714 940 si
1745 897 1884 939 habe-

119 967 226 1010 bant
259 966 397 1020 ligam
432 967 505 1008 vel
542 966 978 1009 confederacionem
1013 980 1114 1008 cum
1148 967 1466 1010 cardinalibus
1501 969 1576 1010 vel
1611 968 1884 1010 nacionibus

119 1037 269 1080 Ytalie
300 1037 375 1080 vel
408 1036 576 1079 Gallie.
620 1037 994 1091 Responderunt,
1027 1038 1150 1091 quod
1182 1051 1293 1090 non;
1328 1039 1385 1080 de
1417 1039 1584 1080 ceteris
1616 1039 1757 1080 nichil
1789 1051 1884 1081 um-

117 1120 253 1161 quam
277 1108 492 1150 dixerant
516 1120 600 1150 nec
626 1109 902 1161 scripturam
927 1108 1168 1151 dederant.
1207 1109 1310 1151 Fuit
1334 1109 1527 1162 insuper
1552 1109 1736 1162 dictum,
1761 1109 1882 1163 quod

118 1178 411 1232 expediebat,
436 1179 559 1232 quod
582 1179 895 1221 intencionem
919 1191 1081 1221 eorum
1107 1179 1300 1221 uniendi
1326 1192 1375 1221 se
1402 1183 1693 1233 exponerent
1717 1180 1884 1222 ceteris

117 1249 348 1303 deputatis
382 1249 578 1292 aliarum
610 1249 871 1303 nacionum,
905 1250 1028 1302 quod
1062 1249 1275 1292 fecerunt
1309 1251 1383 1292 die
1418 1251 1635 1292 mercurii
1669 1251 1881 1303 sequenti

119 1320 164 1362 in
197 1323 426 1362 conventu
457 1320 655 1362 fratrum
694 1320 936 1373 Minorum,
970 1320 1050 1362 ubi
1084 1324 1217 1362 erant
1252 1321 1458 1374 deputati
1494 1322 1698 1363 omnium
1733 1322 1884 1363 nacio-

117 1403 226 1433 num
250 1394 295 1433 et
321 1391 641 1433 cardinalium.
681 1391 736 1433 Et
761 1391 849 1433 fuit
873 1392 1108 1445 assignata
1135 1392 1236 1433 dies
1263 1392 1322 1434 ad
1347 1392 1431 1434 hoc
1457 1391 1644 1434 veneris
1670 1392 1883 1445 proxima

118 1461 288 1504 XVIII.
320 1460 461 1504 Junii.

237 1531 361 1574 Inter
394 1532 481 1574 hec
513 1531 601 1574 fuit
635 1532 792 1585 aliqua
825 1531 1057 1575 discordia
1093 1533 1214 1574 inter
1248 1533 1425 1586 legatos
1461 1532 1664 1575 Castelle
1697 1545 1758 1574 ex
1792 1545 1883 1574 una

118 1606 247 1656 parte
279 1605 325 1645 et
356 1603 534 1656 legatos
566 1603 801 1656 Aragonie
834 1616 894 1644 ex
926 1604 1074 1645 altera
1106 1606 1238 1656 parte
1272 1607 1317 1645 et
1351 1604 1472 1645 inter
1504 1607 1659 1645 cetera
1692 1607 1884 1656 propter

117 1673 461 1716 concessionem
488 1673 655 1715 factam
681 1674 1080 1727 Aragonensffius,
1108 1674 1294 1727 quando
1320 1675 1571 1716 univerunt
1598 1686 1648 1715 se
1676 1674 1883 1725 concilio,

119 1743 240 1797 quod
270 1743 317 1785 in
349 1757 432 1787 sua
463 1744 658 1786 nacione
692 1744 921 1786 haberent
954 1744 1271 1786 auctoritatem
1304 1757 1464 1786 vocum
1497 1745 1701 1786 omnium
1726 1745 1885 1798 ‘prela-

118 1816 265 1856 torum
293 1826 544 1868 regnorum
573 1818 618 1857 et
647 1814 953 1867 dominorum,
983 1814 1129 1857 eciam
1158 1815 1417 1857 insularum
1448 1816 1573 1868 regis
1602 1802 1882 1867 Aragonum.

117 1884 212 1937 Que
240 1883 448 1939 sopittab)
477 1888 549 1928 est
577 1886 698 1927 inter
724 1897 819 1928 eos.

234 1955 318 1998 Die
344 1956 561 1998 mercurii
586 1956 708 1998 XVI.
733 1956 860 1998 Junii
885 1957 1024 2009 legati
1049 1956 1258 2010 magistri
1284 1947 1453 1999 milicie
1480 1957 1624 1999 sancti
1651 1956 1811 2011 Jacobi
1838 1957 1883 1997 in

118 2026 443 2081 Compostella,
468 2026 628 2069 fratris
654 2026 778 2080 regis
803 2027 1071 2080 Aragonum
1097 2030 1142 2068 et
1168 2026 1501 2080 consanguinei
1527 2027 1652 2080 regis
1678 2026 1881 2069 Castelle

117 2095 376 2139 habuerunt
413 2100 517 2150 post
555 2097 799 2139 meridiem
838 2097 1129 2139 audienciam
1168 2098 1216 2139 in
1253 2098 1394 2150 plena
1433 2097 1796 2150 congregacione
1836 2098 1881 2138 in

119 2166 219 2209 loco
249 2168 474 2211 sessionis
506 2171 551 2209 et
582 2167 823 2221 proposuit
854 2180 940 2221 pro
972 2168 1041 2210 eis
1074 2180 1194 2210 unus
1227 2168 1448 2221 magister
1480 2168 1528 2209 in
1562 2167 1793 2221 theologia
1826 2168 1884 2209 de

121 2236 282 2279 ordine
312 2237 537 2280 Minorum
565 2238 822 2280 solenniter
848 2241 893 2280 et
918 2239 1053 2280 bene.
1094 2238 1340 2280 Conclusio
1366 2238 1466 2291 fuit,
1493 2238 1616 2291 quod
1643 2238 1766 2280 idem
1795 2251 1885 2280 ma-

121 2306 261 2360 gister
293 2308 479 2351 volebat
513 2322 563 2351 se
597 2309 733 2350 unire
766 2309 961 2350 concilio
994 2321 1079 2362 pro
1113 2321 1163 2351 se
1198 2312 1242 2350 et
1276 2308 1440 2351 ordine
1475 2322 1558 2351 suo
1592 2312 1637 2350 et
1672 2308 1884 2361 subditis,

121 2377 303 2430 quando
333 2391 417 2421 rex
449 2378 652 2422 Castelle
685 2392 733 2421 se
765 2379 919 2421 uniret
949 2391 1034 2432 per
1065 2392 1173 2422 suos
1204 2379 1396 2432 legatos,
1425 2382 1471 2421 et
1502 2379 1608 2421 illos
1640 2380 1786 2432 sequi.
1831 2379 1885 2420 Et

117 2446 304 2491 fuerunt
334 2449 452 2491 lecta
481 2449 800 2503 procuratoria
831 2450 889 2491 ad
919 2450 1017 2491 hoc.

234 2518 319 2561 Die
362 2520 550 2562 veneris
591 2520 764 2562 XVIII.
807 2520 935 2562 ,Junii
978 2532 1100 2562 anno
1142 2519 1391 2562 millesimo
1434 2519 1601 2562 CCCC⁰
1644 2519 1794 2562 XVII⁰
1836 2522 1880 2560 et

118 2588 296 2630 concilii
323 2590 466 2632 tercio
496 2590 615 2633 sedit
644 2590 888 2632 concilium
918 2603 1002 2643 pro
1031 2590 1203 2632 unione
1235 2591 1491 2643 legatorum
1521 2591 1646 2644 regis
1677 2590 1878 2632 Castelle

120 2660 165 2700 et
186 2658 334 2712 primo
356 2660 457 2702 sine
481 2660 766 2714 pluvialibus
789 2664 834 2702 et
858 2661 1024 2703 mittris
1048 2664 1092 2702 et
1116 2660 1202 2702 fuit
1226 2673 1310 2702 rex
1333 2672 1532 2713 presens
1555 2663 1600 2703 et
1622 2660 1710 2702 fuit
1731 2661 1881 2713 primo

122 2728 261 2772 missa
293 2729 411 2772 dicta
446 2734 491 2772 et
524 2734 627 2784 post
661 2732 851 2773 missam
885 2731 1126 2784 proposuit
1159 2743 1279 2773 unus
1314 2731 1535 2784 magister
1569 2731 1615 2772 in
1650 2731 1881 2783 theologia

120 2797 177 2840 de
217 2799 379 2842 ordine
422 2801 784 2854 Predicatorum,
827 2801 945 2843 alter
988 2802 1243 2854 legatorum
1285 2801 1409 2854 regis
1453 2800 1654 2843 Castelle
1699 2803 1880 2853 sumpto

119 2865 334 2912 themate:
382 2869 608 2913 Convenit
640 2872 839 2914 ecclesia
873 2884 1039 2925 magna
1074 2871 1290 2924 cogitare,
1324 2871 1435 2924 quid
1470 2870 1679 2913 facerent
1717 2869 1879 2923 (Primi

124 2936 555 2996 Machabeorum¹)).
596 2941 651 2984 Et
680 2942 768 2984 fuit
798 2942 919 2984 idem
949 2942 1063 2984 ordo
1093 2945 1319 2998 servatus,
1350 2941 1464 2984 sicut
1493 2942 1539 2982 in
1568 2941 1738 2982 unione
1768 2941 1880 2982 Ara-

223 3055 254 3088 ο)
273 3055 544 3091 archiepiscopus
565 3077 571 3083 .
592 3078 598 3085 .
619 3079 625 3085 .
647 3057 946 3085 'l‘heutonichorum
968 3057 1048 3091 fehlt
1070 3059 1107 3084 B.
1157 3057 1188 3089 b)
1211 3058 1237 3083 B
1258 3056 1404 3090 scripta?

235 3102 268 3146 1)
298 3102 326 3138 1.
351 3103 446 3140 Mac.
471 3107 504 3148 5,
531 3107 584 3141 16.

1618 3162 1668 3202 8*
