2102 3444
320 182 405 223 680
754 177 819 211 ΙΙΙ.
852 174 1061 210 Abschnitt.
1105 174 1258 209 Reform
1289 174 1367 208 und
1400 174 1648 218 Versassung.

322 298 467 338 visum
499 299 567 337 ost
599 299 643 337 01
675 295 730 336 (10
763 293 933 335 talibus
965 292 1212 334 beneficiis
1242 292 1315 333 vel
1349 291 1521 335 officiis
1552 292 1664 335 viris
1694 295 1870 336 tantum
1901 296 1946 336 et
1976 293 2082 336 offi-

320 368 434 408 cium
472 368 513 407 in
549 365 716 407 talibus
750 363 1021 416 requisitum
1056 362 1391 415 ignorantibus,
1423 375 1482 405 ex
1514 363 1684 416 quibus
1717 364 1900 406 divinus
1933 365 2082 407 cultus

320 441 387 479 cst
421 437 673 477 ‹linnnutus
707 439 752 476 ct
786 437 940 476 secuta
976 438 1081 476 sunt
1115 433 1257 475 multa
1289 433 1511 475 >scandala
1546 437 1592 476 et
1625 434 1755 476 multi
1791 435 2001 478 desectus
2033 435 2081 477 in

317 506 526 549 ecclesiis
558 504 811 547 antedictis.

1185 620 1206 644 >a

315 692 570 745 Soqnenria
594 691 651 733 ab
677 690 1066 733 instrnccionilnis
1090 689 1290 734 ecclesie
1314 688 1556 733 Gallicane
1581 691 1834 734 secundnm
1860 692 2080 735 materias

488 762 797 815 occurrentes,
827 773 916 814 que
944 773 1028 814 pro
1059 773 1179 803 nanc
1206 762 1474 815 tractantur,
1504 763 1710 805 extracta
1738 762 1900 816 sunta)

432 844 631 885 Primo
697 843 765 885 de
829 855 1085 886 numero
1148 847 1208 886 et
1274 843 1590 896 qualitate
1654 843 2079 887 cardinalium

312 915 492 956 videtur
533 914 886 967 providendum,
928 914 1051 967 quod
1093 914 1259 956 amodo
1299 917 1425 957 esset
1466 917 1618 957 certus
1659 918 1704 957 et
1745 914 2080 958 determinatus

310 998 532 1028 numerus
581 984 900 1038 cardinalium,
950 988 1108 1038 utpote
1157 985 1223 1027 VI
1270 985 1578 1027 cardinalium
1627 985 1966 1042 episcoporum,
2014 986 2079 1029 VI

310 1055 675 1108 presbiterorum
703 1059 749 1098 et
775 1069 857 1098 sex
885 1055 1198 1098 diaconorum.
1240 1055 1443 1099 Cuilibet
1469 1056 1526 1098 de
1554 1057 1833 1110 competenti
1858 1058 2078 1110 porcione

308 1139 393 1179 pro
422 1140 503 1168 suo
532 1130 652 1169 statu
680 1126 1019 1179 providendum
1048 1130 1174 1169 esset
1200 1139 1286 1180 per
1314 1127 1501 1169 modum
1527 1127 1838 1170 advisandum
1865 1140 1953 1182 per
1979 1128 2079 1171 uni-

310 1198 539 1239 versalem
573 1197 830 1240 ecclesiam.
877 1197 1100 1250 Quodque
1135 1198 1335 1250 amplius
1370 1197 1605 1241 beneficia
1635 1198 1954 1242 ecclesiastica
1984 1211 2079 1242 non

308 1267 584 1322 obtinerent,
611 1268 702 1309 nisi
729 1268 887 1311 titulos
914 1269 1145 1321 proprios.
1186 1269 1241 1311 Et
1269 1268 1392 1322 quod
1420 1281 1479 1310 ex
1508 1269 1707 1313 diversis
1735 1269 2006 1323 regionibus
2032 1272 2078 1312 et

309 1338 465 1392 regnis
502 1342 797 1381 assumantur
833 1339 1112 1393 cardinales,
1148 1352 1242 1381 non
1281 1339 1337 1381 de
1375 1352 1468 1382 una
1504 1343 1681 1382 tantum
1716 1340 1972 1395 provincia,
2008 1343 2078 1384 set

308 1409 560 1451 secundum
590 1409 858 1462 qualitatem
886 1414 931 1452 et
959 1410 1262 1463 quantitatem
1291 1411 1535 1464 regionum
1563 1414 1610 1453 et
1636 1424 1901 1465 regnorum.
1940 1411 2078 1454 Vide-

307 1483 379 1522 tur
414 1481 574 1534 eciam,
611 1480 733 1533 quod
769 1481 826 1522 de
862 1481 1113 1534 assumptis
1149 1481 1239 1524 iam
1275 1485 1401 1524 esset
1434 1481 1790 1535 providendum,
1826 1482 1936 1536 quia
1971 1485 2077 1525 sunt

306 1551 467 1603 plures
500 1551 556 1593 de
589 1564 681 1593 una
713 1552 812 1594 sola
844 1551 1009 1605 patria,
1043 1564 1180 1604 quam
1214 1552 1271 1594 de
1305 1553 1462 1595 multis
1496 1552 1602 1596 aliis
1634 1552 1905 1606 regionibus
1938 1554 2075 1607 longe

306 1621 572 1675 maioribus,
600 1635 659 1664 ne
690 1622 772 1664 illa
800 1622 930 1676 regio
955 1635 1096 1676 quam
1122 1623 1285 1677 plures
1313 1623 1455 1666 habet
1482 1623 1615 1677 quasi
1642 1624 1933 1667 hereditario
1958 1623 2075 1678 iure,

306 1704 394 1744 que
423 1704 607 1745 semper
635 1695 761 1735 tenet
786 1696 1022 1747 papatum.

426 1763 537 1805 Item
574 1777 633 1805 ex
665 1776 791 1817 casu,
829 1777 919 1817 quo
957 1764 1021 1807 sic
1056 1777 1150 1807 non
1186 1765 1516 1818 provideretur
1550 1778 1639 1819 pro
1672 1769 1909 1821 presente,
1944 1766 2075 1809 nullo

305 1834 441 1876 modo
464 1838 534 1876 est
555 1835 864 1889 tolerandum,
889 1836 1012 1889 quod
1034 1837 1259 1879 ecclesias
1283 1836 1578 1879 cathedrales
1601 1849 1685 1880 seu
1709 1836 1976 1880 abbaciales
1999 1837 2074 1880 vel

305 1906 536 1957 prioratus
558 1918 763 1959 magnOS‚
785 1907 1118 1950 conventuales
1140 1907 1388 1961 dignitates
1408 1907 1610 1950 maiores
1631 1911 1735 1961 post
1754 1908 2074 1961 pontificalem

305 1976 377 2017 vel
402 1976 601 2019 maiores
624 1977 671 2018 in
693 1977 965 2030 collegiatis,
990 1977 1225 2031 simplices
1247 1977 1516 2031 prebendas
1531 1979 1605 2020 vel
1620 1978 1780 2021 officia
1796 1979 1844 2021 in
1858 1979 2074 2022 claustr-is

305 2047 377 2087 vel
426 2047 648 2091 ecclesias
694 2048 1014 2100 parrochiales
1061 2049 1136 2091 vel
1184 2049 1420 2092 beneficia
1469 2050 1562 2092 alia
1609 2062 1767 2093 curam
1813 2049 2074 2092 animaru-m

305 2117 529 2160 habencia
555 2118 792 2161 obtineant
816 2123 861 2162 et
885 2120 931 2161 in
954 2120 1039 2162 hoc
1062 2120 1260 2162 viriliter
1283 2120 1613 2174 resistendum,
1638 2133 1915 2174 quocunque
1938 2119 2074 2163 modo

305 2187 400 2229 sive
431 2188 476 2229 in
508 2189 703 2242 titulum,
735 2190 833 2232 sive
865 2190 911 2231 in
943 2191 1261 2233 commendam
1291 2191 1351 2233 de
1381 2191 1602 2244 predictis
1630 2192 1704 2235 eis
1728 2191 2072 2245 provideretur.

425 2259 535 2300 Item
564 2259 875 2302 insistendum
906 2265 980 2305 est
1011 2262 1212 2315 omnino,
1246 2262 1369 2315 quod
1401 2262 1459 2304 de
1492 2265 1648 2305 cetero
1681 2262 1947 2317 alienigena
1977 2275 2074 2305 oar-

305 2328 486 2382 (linalis,
514 2332 587 2372 vel
615 2331 734 2374 alius
763 2332 913 2385 quivis
940 2333 1070 2375 nullo
1098 2333 1236 2375 modo
1261 2333 1469 2376 obtineat
1494 2333 1744 2387 dignitates
1771 2333 1972 2377 maiores
1997 2333 2072 2376 vel

304 2400 505 2442 minores
536 2414 621 2443 nec
653 2402 808 2455 aliqua
840 2403 1074 2446 beneficia
1101 2403 1335 2446 secularia
1365 2405 1441 2446 vel
1473 2405 1710 2457 regularia
1742 2405 1789 2446 in
1821 2417 1966 2458 regno
1997 2403 2071 2447 vel

304 2470 598 2523 Dalphinatu.
641 2472 799 2523 Quoad
830 2474 920 2516 iam
951 2477 1187 2527 promotos
1217 2479 1505 2528 remaneant,
1535 2475 1625 2517 nisi
1656 2478 1850 2529 propter
1879 2474 2072 2518 diversi-

304 2544 441 2583 tatem
464 2543 745 2595 ydiomatum
770 2545 844 2586 vel
868 2558 927 2586 ex
954 2546 1073 2588 iusta
1098 2545 1189 2588 alia
1213 2559 1352 2589 causa
1376 2546 1605 2589 deberent
1628 2546 1875 2599 removeri,
1897 2548 2070 2600 utpote,

305 2613 412 2664 quia
453 2617 612 2656 essent
651 2614 775 2668 regis
815 2618 861 2658 et
900 2616 1033 2669 regni
1072 2614 1346 2671 inimicush),
1388 2618 1462 2659 vel
1502 2617 1562 2659 de
1603 2617 1799 2659 nacione
1841 2621 1888 2662 et
1924 2628 2071 2671 regno

306 2681 545 2737 inimica¹‘).

420 2754 499 2796 De
534 2755 1020 2807 provisionibus
1058 2757 1505 2813 ecclesiarum,
1544 2758 2070 2801 monasteriorum

305 2835 328 2864 e
345 2826 409 2865 tc.
450 2824 562 2866 ltem
588 2829 809 2877 quantum
837 2828 893 2870 ad
921 2829 1182 2872 elecciones
1207 2829 1393 2872 fiendas
1420 2830 1467 2871 in
1493 2829 1840 2873 cathedralibus
1865 2832 1911 2872 et
1936 2841 2070 2882 supe-

304 2893 505 2937 rioribus
536 2897 758 2950 ecclesiis,
789 2899 1085 2942 monasteriis
1114 2903 1160 2942 et
1189 2900 1399 2953 collegiis
1427 2903 1519 2943 tam
1550 2900 1780 2954 exemptis
1810 2913 1949 2954 quam
1975 2911 2069 2942 non

408 2990 437 3013 ει)
463 2987 551 3013 Imm
575 2997 623 3013 nm
649 2989 779 3015 Raude:
802 2990 1019 3025 lusi-ascrima
1040 2991 1190 3018 exhibita
1213 2991 1348 3019 suerunt
1368 2992 1511 3019 dominis
1535 2991 1822 3020 anibaxiatoribns
1838 2991 1962 3019 domini
1977 2990 2071 3019 ducis

304 3031 488 3062 liurguntliv
519 3042 556 3060 vx
585 3036 677 3068 parto
704 3036 946 3072 archivpiscopi
969 3037 1169 3065 Turonensis
1191 3040 1224 3066 et
1244 3039 1509 3067 ainbaxiatoruin
1532 3039 1674 3067 ecclesie
1696 3039 1867 3067 Gallicane
1887 3039 1940 3067 dic
1960 3037 2070 3066 xxm.

300 3079 443 3106 ‚tannarii
465 3088 547 3107 anno
569 3082 689 3109 domini
711 3083 950 3111 11111131ῖ1ῥΧΥ111.
1025 3086 1056 3117 b)
1076 3086 1116 3113 So
1139 3094 1185 3113 or.
