2102 3444
281 138 364 182 172
814 139 840 175 Ι.
865 139 1077 176 Abschnitt.
1114 138 1517 186 Konzflstagebucher.

278 256 566 311 benignitate
596 261 640 300 et
669 259 916 312 pacientia,
949 259 987 300 si
1017 271 1236 312 umquam
1266 259 1460 302 verbum
1492 263 1640 304 satum
1670 260 1869 303 fructum
1902 260 2067 319 attulit,

280 341 382 370 cum
406 328 690 371 fecunditate
714 332 759 372 et
783 329 1113 383 exuberancia,
1136 330 1260 372 haud
1287 330 1506 384 dubitem,
1532 331 1654 384 quod
1678 332 1898 385 princeps
1922 330 2051 374 nobi-

280 398 486 441 lissimus
510 400 704 441 verbum
729 401 1085 453 proponendum
1110 401 1312 454 benigne
1338 401 1495 444 audiet
1520 405 1731 445 scrutans
1756 402 1857 445 eius
1882 402 2051 444 intelli-

278 469 499 523 gentiam;
535 470 661 513 haud
696 471 917 524 dubitem,
953 471 1075 524 quod
1109 472 1330 525 princeps
1363 472 1577 526 optimus,
1612 472 2051 516 virtutibus'fecun-

280 541 513 594 dissimus,
537 541 731 584 verbum
758 543 1043 585 intellectum
1067 542 1325 596 prudenter
1349 543 1627 596 confovebit,
1651 546 1699 586 ut
1724 543 1925 586 fructum
1946 555 2051 586 cen-

278 612 494 654 tesimum
522 612 695 655 afferat
722 626 824 654 cum
852 613 1079 656 immensa
1106 613 1266 656 letitia.
1307 613 1544 667 Siquidem
1572 614 1619 656 in
1647 614 1886 669 actibus¹):
1915 614 2051 657 Nobi-

278 682 422 725 liores
456 686 764 736 susceperunt
796 696 897 726 cum
931 685 1055 726 omni
1091 684 1322 727 aviditate.
1368 685 1424 727 Et
1457 684 1580 739 apud
1614 685 1845 739 Lucam²):
1880 684 2049 728 Semen

277 756 349 795 est
375 753 584 806 verbum,
614 754 737 807 quod
765 758 918 797 autem
948 755 1111 797 cecidit
1140 755 1186 797 in
1214 759 1388 798 terram
1417 756 1598 800 bonam.
1642 755 1714 797 Hii
1746 757 1866 810 sunt,
1895 755 1973 809 qui
2002 755 2050 798 in

278 824 416 866 corde
440 824 563 878 bono
585 828 630 867 et
653 825 826 878 optimo
851 825 1095 868 audientes
1118 826 1312 868 verbum
1336 826 1598 869 custodiunt
1623 826 1753 879 illud,
1776 829 1826 868 ut
1849 826 2049 869 fructum

277 895 483 938 afferant
512 895 559 937 in
588 895 833 948 patiencia.

393 965 572 1009 Rursus
606 966 838 1020 legatione
872 967 1110 1021 fungimur
1144 967 1302 1010 vicarii
1338 968 1524 1022 Christi,
1560 967 1779 1021 clavigeri
1814 967 1947 1022 regni
1980 979 2050 1010 ce-

276 1037 422 1090 lestis,
449 1038 652 1090 pastoris
678 1038 833 1092 gregis
862 1037 1092 1081 dominici.
1133 1037 1299 1082 Certus
1328 1052 1443 1092 sum,
1472 1039 1595 1092 quod
1622 1039 1767 1081 verba
1794 1039 1893 1081 vice
1922 1037 2049 1081 illius

278 1108 565 1151 enuntianda
604 1108 884 1151 mirabiliter
923 1109 1225 1152 illustrabunt
1263 1109 1556 1152 audiencium
1599 1110 1900 1162 intellectum,
1942 1108 2050 1163 quia

277 1182 382 1221 sunt
409 1179 555 1222 verba
582 1179 806 1234 veritatis,
835 1193 924 1233 que
953 1184 1024 1223 est
1050 1181 1221 1223 bonum
1252 1184 1296 1223 et
1322 1180 1552 1234 perfectio
1582 1181 1860 1223 intellectus,
1901 1179 2050 1234 Siqui—

277 1250 382 1292 dem
409 1250 456 1292 in
484 1263 660 1293 canone
688 1251 750 1293 ita
777 1251 993 1294 dominus
1019 1251 1265 1305 constituit,
1292 1255 1340 1294 ut
1365 1251 1552 1304 veritas,
1579 1264 1668 1305 que
1697 1254 1833 1294 antea
1858 1251 1978 1305 legis
2005 1253 2050 1293 et

278 1322 610 1375 prophetarum
640 1323 863 1375 preconio
895 1322 1231 1375 continebatur,
1262 1335 1348 1376 per
1380 1322 1679 1376 apostolicam
1711 1323 1868 1365 tubam
1901 1322 1947 1364 in
1980 1334 2050 1364 sa-

275 1393 418 1434 lutem
444 1392 763 1436 universitatis
788 1393 955 1446 exiret,
983 1396 1135 1436 certus
1162 1407 1277 1446 sum,
1304 1393 1427 1446 quod
1453 1393 1598 1435 verba
1625 1393 1722 1435 vice
1750 1393 1878 1436 illius
1902 1404 2050 1434 enun-

276 1463 455 1517 cianda,
485 1463 827 1507 delectabiliter
857 1464 1181 1507 rectificabunt
1211 1464 1506 1507 audiencium
1538 1463 1774 1517 affectum,
1805 1463 1913 1517 quia
1944 1465 2051 1507 sunt

275 1535 420 1577 verba
457 1535 653 1588 virtutis,
690 1548 780 1588 que
815 1535 1066 1578 habentem
1104 1539 1228 1578 recte
1265 1535 1469 1588 disponit
1506 1538 1550 1577 et
1586 1548 1703 1589 opus
1739 1535 1843 1578 eius
1875 1535 2048 1577 bonum

277 1605 441 1648 reddit.
488 1606 609 1649 Sane
645 1607 692 1648 in
727 1619 904 1649 canone
940 1606 1106 1649 Petrus
1141 1606 1317 1660 ligandi
1353 1609 1490 1659 atque
1527 1605 1739 1648 solvendi
1772 1607 2048 1659 potestatem

276 1676 454 1730 primus
482 1676 658 1731 accepit
684 1690 710 1720 a
739 1677 925 1720 domino
953 1677 1226 1731 primusque
1253 1678 1479 1731 populum
1509 1677 1567 1720 ad
1593 1676 1738 1719 fidem
1768 1676 1936 1719 virtute
1966 1669 2050 1720 sue

276 1748 607 1800 predicationis
641 1748 847 1791 adduxit.
894 1748 1059 1791 Certus
1092 1761 1207 1801 sum,
1240 1748 1363 1801 quod
1395 1748 1538 1790 verba
1571 1748 1670 1790 vice
1703 1747 1831 1791 illius
1861 1747 2050 1790 enunci-

277 1819 397 1861 anda
430 1819 746 1861 infallibiliter
776 1819 1035 1873 producent
1065 1819 1310 1862 utilitatem
1342 1822 1387 1861 et
1418 1818 1640 1862 effectum
1671 1819 1909 1872 optimum,
1941 1818 2050 1872 quia

277 1893 383 1932 sunt
415 1890 560 1932 verba
595 1889 876 1943 directionis,
911 1891 1091 1933 ratione
1126 1890 1251 1932 enim
1284 1891 1516 1933 illustrata
1548 1890 1725 1932 lumine
1760 1889 1970 1932 veritatis
2005 1891 2050 1931 et

276 1960 451 2002 affectu
478 1960 746 2003 rectificato.
786 1961 964 2014 Regula
992 1962 1194 2004 racionis
1220 1961 1326 2003 talis
1356 1964 1442 2003 cst:
1485 1961 1554 2003 Ex
1580 1960 1859 2003 necessitate
1887 1972 2050 2014 opera-

274 2031 400 2073 bitur
429 2034 474 2073 et
502 2034 627 2073 recte
656 2031 941 2084 operabitur.
982 2031 1103 2074 Sane
1134 2033 1180 2073 in
1209 2045 1386 2074 canone
1417 2032 1478 2074 ita
1507 2032 1722 2075 dominus
1750 2031 2048 2086 privilegium

275 2102 466 2144 honoris
491 2105 535 2144 et
557 2103 800 2156 potestatis
826 2102 873 2144 in
896 2103 1034 2145 beato
1061 2103 1198 2145 Petro
1224 2103 1476 2155 collocavit,
1501 2106 1550 2145 ut
1574 2103 1632 2145 ab
1656 2102 1758 2156 ipso
1783 2102 1916 2156 quasi
1939 2115 2048 2156 quo-

278 2172 382 2215 dam
417 2173 565 2226 capite
601 2173 721 2215 dona
755 2186 838 2215 sua
872 2174 1004 2226 quasi
1040 2174 1087 2215 in
1122 2173 1293 2215 fideles
1328 2187 1436 2216 suos
1470 2174 1597 2216 velut
1630 2173 1677 2215 in
1711 2186 1878 2227 corpus
1912 2185 2048 2216 omne

276 2243 582 2286 diffunderet.
628 2244 762 2286 Unde
796 2245 935 2298 igitur
969 2257 1146 2286 sumam
1179 2244 1423 2286 exordium
1457 2244 1718 2287 sermonis?
1764 2244 1928 2296 Qualia
1962 2245 2049 2287 iac-

276 2315 383 2356 tabo
410 2314 729 2368 fundamenta,
755 2318 805 2357 ut
832 2315 1124 2368 imperialem
1152 2315 1439 2357 maiestatem
1467 2318 1525 2367 et,
1554 2315 1677 2369 quod
1705 2328 1760 2358 ea
1788 2314 1936 2357 maius
1964 2317 2048 2367 est,

277 2385 613 2428 divinissimam
641 2385 769 2428 illam
795 2386 1012 2428 virtutem
1038 2386 1122 2428 tibi
1151 2387 1480 2428 inexistentem
1507 2386 1593 2428 etsi
1619 2399 1712 2428 non
1740 2386 1894 2440 digna,
1921 2386 2047 2439 quali

277 2456 441 2498 saltem
470 2456 643 2509 possim
673 2456 881 2498 oratione
913 2457 1117 2499 adoriri?
1163 2457 1326 2498 Inveni
1357 2456 1561 2510 lapidem
1589 2457 1743 2499 vivum
1773 2456 2047 2510 angularum

277 2527 334 2569 de
360 2531 512 2569 monte
538 2528 744 2570 excisum
770 2541 794 2570 a
819 2528 1015 2569 muliere
1042 2528 1334 2570 sanctissima
1357 2531 1514 2581 typum
1539 2527 1735 2570 ecclesie
1761 2527 2048 2581 proferente,

277 2599 406 2641 cuius
439 2599 630 2640 nuntius
664 2611 778 2652 sum,
811 2598 1175 2651 conquadratum
1208 2611 1233 2640 a
1266 2599 1365 2641 viro
1396 2599 1639 2652 propheta,
1673 2598 1803 2641 cuius
1834 2598 1923 2640 etsi
1954 2610 2047 2640 non

276 2669 508 2722 virtutem,
537 2669 746 2712 officium
774 2672 929 2711 tamen
958 2682 1083 2723 gero,
1113 2670 1369 2722 expolitum
1399 2683 1423 2712 a
1453 2670 1626 2723 populo
1654 2669 1784 2722 fidei,
1813 2669 1942 2712 cuius
1969 2680 2048 2711 ne-

276 2741 455 2792 gocium
491 2753 766 2793 prosequor,
803 2741 849 2782 in
885 2740 1119 2783 thesauris
1156 2740 1393 2794 regalibus
1431 2740 1719 2782 reconditum
1756 2743 1802 2783 et
1837 2740 1895 2782 ad
1931 2752 2048 2793 opus

277 2810 435 2864 regale
468 2814 774 2864 reservatum,
807 2824 949 2865 super
981 2824 1071 2864 quo
1103 2810 1407 2854 fundamenta
1442 2811 1615 2853 iaciens
1646 2810 1785 2854 huius
1818 2809 2048 2854 oracionis

277 2894 408 2924 sumo
442 2894 528 2935 pro
563 2882 764 2924 themate
799 2881 944 2925 verba
978 2885 1169 2924 exarata
1206 2882 1337 2924 tercii
1376 2894 1536 2935 regum
1571 2881 1738 2935 primo:
1777 2881 1912 2924 Vivat
1947 2893 2046 2933 rex,

276 2951 400 2994 vivat
428 2964 527 3006 rex,
557 2953 681 2995 vivat
708 2952 811 2995 rex!

395 3044 427 3088 1)
459 3025 513 3088 57,
541 3025 626 3080 11?
739 3045 774 3090 2)
804 3046 838 3089 8,
865 3047 921 3089 11,
949 3046 1004 3082 15.
