2227 3434
587 232 626 267 B.
649 231 897 267 Avisamente
918 231 987 266 der
1006 228 1324 266 Reformatorien.
1753 231 1835 275 691

188 351 384 394 Videtur
421 351 576 404 itaque
611 351 697 393 sub
733 349 1024 392 correccione
1059 353 1319 392 vestrarum
1356 361 1451 392 rev.
1487 352 1578 402 pat.
1615 353 1660 392 et
1693 349 1839 391 tocius

71 422 190 464 sacri
221 421 400 463 concilii
430 422 681 474 generalis,
711 421 833 474 quod
863 420 983 462 dicta
1015 421 1143 462 bulla
1174 420 1231 462 sit
1260 420 1604 473 intollerabilis,
1635 419 1840 461 secundo

71 492 194 545 quod
218 492 347 545 pacis
371 496 417 533 et
443 491 656 533 ordinum
685 503 737 533 ac
763 494 907 533 status
929 490 1175 532 ierarchici
1203 490 1399 532 ecclesie
1427 490 1657 532 turbativa
1683 493 1729 532 et
1754 502 1839 543 per

71 574 363 615 consequens
401 562 669 604 auctoritate
708 562 826 604 sacri
863 561 1046 603 concilii
1083 561 1268 614 penitus
1306 561 1593 603 adnullanda
1624 565 1675 604 et
1711 573 1840 603 revo-

71 632 231 675 canda.
276 633 406 684 Quod
438 632 561 674 enim
596 633 653 674 sit
689 643 958 677 intouerabilis
988 634 1184 684 apparet
1214 632 1367 684 primo
1399 643 1457 672 ex
1493 643 1604 677 modo
1638 642 1840 684 condemp-

69 713 240 748 nacionis
274 713 325 748 XI
358 713 604 748 articulorum
638 713 715 747 illic
748 715 1072 755 enumeratorum,
1111 705 1205 743 tum
1238 701 1444 744 secundo
1477 715 1535 743 eX
1566 711 1840 746 fulminacione

71 772 413 815 Sentencifll'um
448 776 494 814 θῒ
526 793 710 827 penarum
749 771 1129 824 gravissimarum
1164 775 1209 814 et
1240 783 1533 825 horrendarum,
1566 775 1661 813 'tum
1695 771 1839 813 tercio

67 853 298 896 adieccione‚
330 854 429 897 quod
461 863 537 888 non
568 853 717 887 obstent
749 855 888 887 statuta
919 853 1127 895 apostolica
1158 845 1205 884 et
1236 841 1477 895 signanter
1510 852 1603 886 illud
1635 850 1842 885 saluberri-

70 933 173 958 mum
202 926 239 958 et
266 923 560 959 celeberrimum
593 915 811 954 Simulum
840 922 984 965 ,Omnis
1010 923 1210 966 utriusque
1240 923 1403 965 sexus‘1)
1435 922 1580 957 editum
1607 910 1839 963 quondam

68 994 107 1028 in
131 994 263 1025 Sacro
286 994 445 1029 concilio
468 993 653 1038 generali,
678 993 738 1028 cui
762 994 948 1037 derogare
975 993 1078 1036 quid,
1102 992 1177 1026 nisi
1202 993 1328 1036 palam
1355 992 1511 1027 deviare
1536 995 1591 1027 est
1622 984 1667 1023 et
1692 983 1841 1023 aucto-

70 1053 194 1096 ritati
226 1052 525 1095 conciliorum
557 1052 848 1106 generalium
881 1064 1023 1105 grave
1052 1051 1364 1105 -preiudicium
1398 1051 1608 1093 afferre?

195 1122 293 1157 Dicit
323 1122 426 1157 enim
457 1132 546 1165 pars
575 1132 650 1156 una
681 1121 1042 1164 condempnacionis
1071 1121 1140 1156 hoc
1169 1122 1302 1156 inodo:
1346 1121 1530 1163 volentes,
1561 1122 1662 1164 quod
1691 1121 1725 1155 si
1755 1121 1841 1164 quis

70 1181 252 1224 deinceps
277 1181 469 1224 predictos
494 1180 675 1215 articulos
701 1190 888 1222 asserere,
915 1182 978 1214 aut
1007 1180 1045 1213 in
1073 1180 1185 1214 scolis
1211 1182 1275 1214 aut
1302 1179 1397 1214 alibi
1422 1180 1585 1223 glosare,
1611 1179 1840 1213 deffendere

70 1249 137 1274 seu
175 1242 306 1274 tenere
341 1242 405 1273 aut
443 1239 641 1282 predicare
678 1238 969 1281 presumpserit,
1006 1241 1199 1281 tamquam
1237 1238 1430 1272 hereticus
1467 1238 1513 1272 sit
1551 1239 1766 1272 censendus
1803 1240 1838 1271 et

70 1297 478 1332 excommunicacionis
502 1297 735 1331 sentenciam
761 1296 844 1339 ipso
869 1297 966 1331 facto
991 1296 1169 1338 incurrat,
1193 1306 1215 1330 a
1241 1306 1315 1339 qua
1339 1296 1414 1330 nisi
1439 1306 1508 1339 per
1532 1306 1723 1330 summum
1748 1305 1840 1339 pon-

70 1356 212 1390 tificem
241 1358 308 1390 etc.
349 1355 525 1397 Additur,
552 1356 651 1399 quod
681 1365 750 1398 per
777 1354 1059 1389 invocacionem
1087 1353 1235 1388 brachii
1262 1354 1458 1396 secularis,
1486 1355 1519 1388 si
1545 1364 1641 1397 opus
1668 1357 1725 1389 est
1753 1353 1840 1386 talis

70 1413 326 1456 coherceatur,
373 1416 483 1456 prout
531 1423 579 1448 ex
625 1413 799 1447 eiusdem
846 1413 952 1447 bulle
999 1415 1131 1447 tenore
1175 1405 1326 1454 potest
1372 1402 1545 1444 Clarius
1592 1413 1837 1454 apparere.

70 1471 225 1507 Constat
258 1475 386 1506 autem
420 1472 525 1506 iuxta
558 1471 735 1515 proprios
769 1471 997 1515 theologiess)
1034 1470 1230 1513 terminos,
1265 1472 1366 1515 quod
1398 1471 1438 1505 in
1471 1471 1642 1506 articulis
1677 1471 1729 1506 XI
1763 1471 1841 1506 illic

71 1531 122 1565 ita
148 1531 366 1574 dampnatis
392 1530 637 1574 implicantur
663 1530 793 1571 multa,
821 1539 895 1573 que
921 1532 1081 1573 possunt
1107 1528 1298 1573 glosari,b)
1327 1531 1470 1564 nedum
1497 1530 1644 1573 absque
1670 1529 1841 1573 periculo

74 1588 224 1623 heresis
238 1591 274 1623 et
289 1588 556 1631 anathematis,
574 1581 643 1620 set
657 1590 759 1619 cum
775 1577 969 1620 veritate
984 1581 1031 1619 et
1049 1578 1229 1630 merito,
1248 1579 1498 1630 presertim
1513 1588 1690 1631 perimes,
1700 1587 1840 1631 quibus

74 1647 298 1690 incumbit
321 1669 369 1694 ex
403 1659 534 1693 officio
568 1659 777 1694 ierarchico
811 1659 1058 1702 interpretari
1092 1661 1128 1693 et
1161 1659 1313 1703 glosare
1348 1658 1556 1701 scripturas
1591 1660 1667 1692 tam
1702 1656 1838 1691 doctri-

70 1717 211 1751 naliter
237 1726 350 1761 quam
377 1717 652 1760 auctoritative,
681 1718 1003 1761 quemadmodum
1031 1720 1117 1751 sunt
1144 1717 1285 1760 prelati
1311 1720 1348 1751 et
1375 1717 1560 1751 doctores.

186 1787 333 1829 Quibus
355 1787 426 1822 hoc
448 1787 621 1822 officium
646 1788 782 1823 tollere
804 1776 926 1817 velle
953 1779 1031 1818 aut
1052 1779 1234 1818 terrore
1259 1776 1420 1818 talium
1445 1787 1672 1828 penarum
1697 1774 1839 1827 impe-

71 1845 187 1899 dire,
210 1846 457 1899 quominus
479 1846 627 1888 libere
651 1851 929 1890 exerceatur
952 1847 1009 1889 ab
1033 1847 1116 1901 eis,
1139 1846 1465 1900 impiissimum
1487 1849 1559 1888 est
1580 1849 1626 1888 et
1646 1858 1841 1899 prorsus

72 1916 402 1959 intollerabile.
446 1916 685 1970 Siquidem
716 1917 800 1959 hoc
830 1930 971 1970 agere
1002 1921 1073 1960 est
1103 1928 1267 1970 obstare,
1296 1938 1346 1963 ne
1377 1927 1589 1962 declaraeio
1620 1935 1840 1960 sermonum

71 1987 156 2029 Dei
181 2000 245 2033 det
272 1998 508 2033 intellectum
534 1999 718 2041 parvulis,
745 1998 925 2042 viamque
952 1999 1105 2033 veritati
1131 1998 1312 2033 claudere
1340 2000 1377 2032 et
1404 1997 1601 2032 erroribus
1627 2006 1670 2031 ac
1694 1995 1839 2030 heresi-

68 2056 140 2091 bus
161 2057 326 2100 aperire.

191 2115 304 2157 Item
330 2115 681 2169 proposiciones
705 2116 931 2169 glosande
959 2119 1065 2158 sunt
1092 2116 1149 2158 de
1176 2115 1454 2158 necessitate
1481 2115 1528 2156 in
1555 2114 1711 2168 aliqua
1737 2126 1840 2156 con-

70 2185 328 2239 stitucione,
356 2186 543 2239 quando
570 2190 676 2229 sunt
703 2187 917 2240 ambigue
947 2187 1021 2229 vel
1049 2186 1374 2239 amphibolice,
1403 2186 1467 2228 sic
1495 2185 1619 2239 quod
1646 2187 1839 2238 possunt

69 2256 244 2299 habere
276 2257 488 2300 diversos
520 2270 701 2311 sensus,
732 2270 927 2310 quorum
958 2270 1079 2300 unus
1109 2260 1235 2300 esset
1264 2269 1418 2310 verus,
1450 2257 1570 2299 alter
1598 2256 1764 2308 falsuS,
1795 2258 1840 2298 et

70 2326 154 2369 hoc
195 2328 270 2370 vel
311 2331 503 2381 propter
545 2329 951 2381 equivocacionem
992 2327 1229 2370 nominum
1272 2327 1382 2369 illuc
1424 2327 1718 2381 positorumss)
1764 2327 1838 2368 vel

69 2401 262 2451 propter
294 2397 527 2441 diversam
562 2399 883 2452 accepcionem
918 2398 1155 2441 doctorum
1188 2399 1264 2440 vel
1297 2401 1490 2451 propter
1524 2397 1839 2439 diversitatem

70 2468 425 2522 compositorum
446 2472 491 2511 et
511 2469 753 2511 divisionis
774 2470 848 2511 vel
868 2472 1060 2523 propter
1081 2469 1295 2511 diversos
1312 2469 1472 2511 modos
1492 2468 1653 2510 utendi
1673 2467 1838 2510 eodem

70 2539 269 2581 termino
298 2539 345 2581 in
374 2539 539 2582 eadem
568 2540 901 2581 constitucione
933 2553 1017 2583 seu
1045 2539 1396 2592 dampnacione.
1437 2538 1514 2582 Set
1540 2539 1590 2580 in
1618 2538 1840 2592 predictis

27 2618 34 2623 ”
73 2609 280 2652 articulis
318 2610 552 2663 reperitur
588 2621 852 2665 multiplicitas
890 2621 1141 2656 terminorum
1180 2625 1215 2656 et
1254 2620 1493 2664 amphibolia
1529 2619 1838 2663 proposicionum

68 2691 143 2724 tam
172 2691 220 2725 de
247 2690 285 2724 vi
312 2691 501 2725 sermonis
528 2692 736 2726 secundum
766 2701 920 2725 sensum
951 2690 1238 2734 compositumd)
1270 2693 1307 2725 et
1335 2690 1513 2733 divisum,
1545 2680 1671 2720 iUX'ta
1701 2689 1838 2730 quam

71 2747 284 2791 videatur
304 2749 361 2791 de
383 2749 588 2792 secunda
608 2750 933 2803 proposicione
955 2749 1220 2803 Johannisss)
1246 2749 1303 2791 de
1325 2749 1511 2791 Poliaco
1530 2752 1576 2791 et
1594 2748 1653 2790 de
1675 2751 1838 2801 quarta

71 2818 266 2861 aliarum
294 2822 394 2862 octo
419 2820 810 2873 proposicionum,
839 2832 976 2873 quam
1004 2819 1319 2862 universalem
1344 2823 1392 2861 et
1419 2818 1713 2861 indefinitam
1742 2816 1835 2872 def)

70 2889 115 2930 vi
151 2891 381 2932 sermonis
417 2893 462 2932 et
499 2890 752 2932 secundum
789 2891 1018 2944 triplicem
1055 2890 1337 2942 facultatem,
1375 2890 1550 2932 scilicet
1584 2888 1837 2931 secundum

177 2962 207 3014 a)
237 2981 276 3014 A,
298 2982 324 3007 Β
353 2981 541 3015 theologice
573 2981 730 3008 doctrino.
805 2982 836 3014 b)
866 2982 921 3008 Stu
951 2990 1003 3007 nm
1034 2982 1165 3008 Raude.-
1198 2980 1325 3009 suadet,
1358 2980 1444 3014 quod
1478 2979 1591 3013 aliqua
1620 2981 1775 3006 contenta
1807 2979 1837 3005 in

70 3025 109 3053 XI
129 3027 280 3054 articulis
300 3030 439 3062 possunt
459 3028 596 3062 glosari.
689 3033 717 3054 ct
738 3029 791 3055 scu
812 3028 1066 3062 prepositorum.
1167 3028 1199 3056 ‹l›
1222 3029 1278 3054 Stia
1301 3028 1508 3061 conceptum.
1606 3032 1635 3059 e)
1657 3026 1742 3053 Fehlt
1763 3026 1840 3059 Seu,-

72 3074 100 3101 B
117 3075 286 3109 einqefia'qt.
360 3075 384 3109 s)
405 3074 444 3102 dc
468 3095 474 3101 .
495 3095 500 3101 .
521 3095 528 3102 .
548 3076 581 3102 et
599 3075 680 3108 fehlt
701 3076 737 3102 B.

188 3123 220 3168 1)
246 3124 265 3158 1
277 3123 312 3158 V.
335 3123 655 3159 Lateran-Decret
687 3123 723 3166 V,
745 3124 802 3166 38,
827 3124 880 3159 12.

1544 3179 1624 3219 44*
