2227 3434
196 130 235 168 C.
276 131 353 167 Der
377 129 617 166 literarische
644 130 787 174 Kampf
811 140 873 164 um
901 129 965 164 die
990 128 1164 173 Stellung
1189 130 1258 163 des
1284 128 1444 172 Papstes
1470 139 1553 162 zum
1584 129 1728 162 Konzil.
1763 130 1846 171 735

196 250 536 304 Respondetur,
562 249 685 302 quod
711 249 819 291 licet
843 247 1087 290 concilium
1113 247 1435 301 principaliter
1460 246 1521 290 sit
1547 247 1605 289 ad
1632 248 1717 289 ista
1744 259 1847 288 con-

78 313 302 375 vocatum,
331 321 529 374 amplior
555 323 710 362 tamen
739 323 809 361 est
837 331 920 361 sua
946 321 1153 371 potestas
1181 322 1226 361 et
1254 318 1312 359 de
1341 317 1441 359 iure
1471 317 1629 359 divino
1657 322 1701 360 et
1728 317 1848 370 posi-

78 392 174 434 tivo
207 404 258 435 se
291 391 502 433 extendit
535 390 596 432 ad
632 386 986 442 surrogaciones
1023 389 1207 430 fiendas
1243 389 1301 430 de
1338 388 1637 441 pontificibus
1673 388 1847 440 eiectis,

79 461 342 515 dampnatis
373 462 447 503 vel
481 460 727 513 defunctis,
760 464 807 502 ut
841 460 897 502 de
931 460 1052 502 Juda
1085 463 1296 512 apparet:
1343 471 1429 501 nec
1462 471 1548 512 per
1580 458 1848 512 specificata

78 532 280 586 capitula
308 531 519 574 abdicata
546 534 617 573 est
643 535 848 583 potestas
877 543 902 572 a
928 531 1138 582 concilio,
1168 529 1385 583 quoniam
1415 530 1473 572 ad
1502 529 1590 572 sibi
1618 529 1847 583 permissa

78 614 243 645 manus
271 602 418 656 possit
445 601 718 654 extendere,
746 601 947 643 maxime
979 601 1120 655 ipsoss)
1153 600 1341 653 putrido
1370 600 1548 642 abiecto
1577 604 1623 642 et
1652 600 1849 642 ecclesia

79 672 282 726 legItime
310 676 605 726 congregata;
634 675 681 714 et
708 672 746 713 si
774 672 857 714 hec
886 671 1011 713 racio
1034 671 1328 724 procederet,
1358 672 1474 713 sicut
1502 683 1593 713 non
1622 670 1744 723 facit,
1772 670 1849 712 ad-

77 744 289 787 nichillat
327 743 516 786 omnino
553 743 708 785 omnia
746 746 876 795 gesta
915 745 961 784 et
999 742 1207 795 gerenda
1246 742 1384 784 huius
1422 743 1619 795 concilii,
1660 754 1750 794 que
1790 741 1848 783 ad

78 815 276 857 alterum
304 814 363 857 de
391 814 524 857 dictis
551 813 700 856 tribus
728 825 822 854 non
850 816 1045 865 possunt
1073 812 1281 864 refferri,
1311 825 1400 865 que
1430 812 1476 853 in
1505 810 1846 865 ignominiam)

78 885 224 928 tocius
251 885 432 927 concilii
458 884 589 926 nulla
617 883 942 936 redderentur,
969 896 1073 936 ymo
1100 883 1346 924 concilium
1376 883 1737 936 dampnabiliter
1765 883 1849 924 hos

79 955 355 1010 decepisset,
391 955 560 1008 quibus
595 955 687 997 alia
723 954 962 1007 expedivit
996 957 1041 995 et
1075 953 1314 995 concessit.
1364 954 1562 1006 Expedit
1598 966 1709 1006 ergo
1744 954 1849 1007 plus

79 1026 261 1068 concilii
302 1025 620 1068 auctoritatem
661 1025 877 1068 dillatare
920 1037 1057 1077 quam
1099 1025 1163 1066 sic
1206 1024 1472 1077 deprimere
1515 1036 1578 1077 ac,
1620 1025 1727 1077 quia
1769 1024 1849 1066 illa

79 1096 369 1150 deprimitur,
393 1109 480 1150 per
503 1095 750 1149 practicam
775 1095 1000 1138 exaltare.

196 1178 423 1231 Secundo,
443 1178 688 1220 concilium
710 1177 915 1231 disponit
936 1177 1275 1230 Lugdunenses
1297 1190 1464 1230 papam
1488 1177 1662 1220 debere
1683 1189 1849 1230 expec-

79 1249 180 1302 tari,
209 1261 295 1291 nec
325 1249 571 1302 quicquam
600 1248 972 1302 iurisdictionis)
1004 1261 1091 1301 *per
1121 1248 1385 1290 cardinales
1417 1248 1590 1289 debere
1622 1249 1849 1299 exerceri,

79 1323 149 1363 set
171 1319 512 1362 intendendum
542 1320 662 1361 circa
692 1319 966 1361 electionem
997 1331 1133 1372 pape.
1177 1319 1299 1372 Ergo
1327 1322 1410 1361 etc.

194 1401 535 1455 Respondetur,
568 1401 692 1454 quod
721 1401 846 1444 racio
876 1401 1042 1443 militat
1073 1400 1119 1442 in
1152 1400 1482 1453 cardinalibus,
1515 1402 1592 1454 qui
1626 1401 1711 1443 soli
1745 1404 1849 1442 sunt

78 1472 314 1526 prohibiti,
341 1476 411 1515 set
435 1485 530 1514 non
558 1472 723 1514 militat
751 1472 903 1524 quoad
930 1472 1190 1525 concilium,
1219 1471 1342 1524 quod
1368 1484 1605 1524 nunquam
1633 1472 1720 1514 fuit
1747 1485 1850 1525 pro-

77 1543 275 1586 hibitum
301 1555 387 1585 nec
414 1543 573 1586 debuit
600 1542 855 1596 prohiberi.

197 1625 374 1678 Tercio‚
408 1625 609 1678 quedam
642 1625 898 1668 electiones
932 1624 1053 1667 fiunt
1087 1625 1134 1666 in
1170 1624 1415 1677 discordia,
1451 1637 1509 1666 ex
1545 1625 1713 1678 quibus
1748 1638 1850 1667 con-

79 1695 235 1738 cilium
278 1696 471 1738 multum
513 1696 684 1749 poterit
728 1694 1074 1750 scandalisarid)
1122 1699 1314 1748 propter
1358 1695 1569 1738 diversos
1609 1695 1850 1749 principes

78 1766 267 1809 diversa
288 1779 375 1820 pro
398 1766 598 1810 diversis
622 1766 881 1808 scribentes
905 1769 949 1808 et
973 1766 1173 1808 fortasse
1199 1779 1224 1808 a
1245 1766 1442 1808 concilio
1465 1766 1635 1819 aliquis
1660 1769 1850 1819 attemp-

78 1840 197 1879 taret
225 1837 483 1890 appellare.

196 1907 537 1961 Respondetur,
563 1908 686 1961 quod
709 1907 798 1950 ista
821 1908 989 1951 electio
1013 1911 1083 1950 est
1109 1908 1230 1950 facta
1258 1908 1304 1949 in
1329 1908 1470 1961 plena
1496 1907 1740 1950 concordia
1766 1919 1851 1949 nec

80 1979 252 2032 aliquis
287 1978 448 2022 scribit
481 1982 639 2021 contra
676 1979 888 2031 electum,
922 1991 1027 2032 ymo
1063 1991 1225 2021 omnes
1261 1978 1468 2021 scribunt
1503 1991 1588 2032 pro
1623 1979 1771 2020 electo
1807 1982 1850 2020 et

80 2061 231 2102 reges,
253 2049 491 2102 principes
516 2052 560 2092 et
584 2050 737 2092 clerus
762 2053 805 2092 et
828 2050 1030 2103 populus
1054 2061 1138 2091 nec
1163 2050 1341 2092 electus
1362 2049 1502 2091 habet
1527 2061 1849 2102 quemcunque

79 2119 477 2163 contradictorem.
523 2120 621 2162 Non
654 2132 766 2174 ergo
797 2123 869 2162 est
899 2120 1280 2173 presumendum,
1314 2120 1437 2173 quod
1470 2120 1714 2173 quisquam
1748 2132 1851 2173 pre-

79 2193 230 2232 sumat
259 2202 286 2232 a
313 2190 677 2233 confirmacione
707 2191 964 2244 appellare.

196 2260 381 2314 Quarto,
428 2264 620 2314 propter
666 2261 1046 2304 examinaciones
1093 2261 1372 2304 electionum
1421 2261 1665 2303 concilium
1714 2260 1849 2303 valde

78 2335 205 2375 esset
233 2331 506 2384 impeditum
535 2335 580 2374 et
611 2331 863 2374 diverteret
894 2345 919 2374 a
949 2332 1198 2385 principali
1230 2333 1470 2385 proposito
1498 2344 1583 2374 nec
1615 2334 1850 2384 oporteret

81 2401 326 2444 intendere
349 2401 440 2444 nisi
464 2402 584 2445 circa
608 2402 862 2445 electiones
887 2402 1222 2444 examinandas
1247 2406 1331 2445 etc.

197 2472 537 2526 Respondetur,
570 2473 692 2526 quod
726 2474 813 2516 ista
844 2477 916 2516 est
948 2473 1038 2515 iam
1070 2473 1335 2515 examinata
1367 2486 1468 2515 cum
1502 2473 1710 2526 rigoroso
1744 2485 1850 2514 exa-

80 2542 203 2583 mine
238 2555 324 2596 per
359 2542 603 2596 deputatos
637 2547 834 2596 quatuor
869 2544 1234 2597 inclinatarum¹·)
1270 2545 1516 2586 nacionum
1551 2547 1596 2586 et
1630 2544 1849 2585 canonica

80 2615 301 2665 repperta
333 2616 379 2655 et
412 2613 610 2656 iudicata
644 2626 695 2656 ac
728 2615 874 2656 eciam
906 2614 1229 2657 confirmanda
1261 2615 1677 2667 conclusionesque
1713 2613 1849 2655 dicto-

81 2694 182 2724 rum
207 2683 530 2736 deputatorum
557 2688 662 2726 sunt
689 2684 734 2726 in
760 2685 907 2728 tribus
932 2685 1206 2727 nacionibus
1232 2686 1371 2738 plene
1398 2685 1668 2738 approbate.

196 2752 376 2807 Quinto,
407 2753 456 2796 in
484 2754 619 2798 novis
648 2754 790 2797 rebus
821 2755 1120 2798 instituendis
1151 2756 1407 2808 requiritur
1437 2754 1630 2796 evidens
1662 2753 1848 2804 utilitaS‚

83 2822 167 2865 sed
180 2823 302 2866 alias
322 2824 517 2866 concilia
535 2826 776 2878 generalia
797 2838 847 2868 se
869 2825 925 2867 de
945 2826 1118 2868 talibus
1138 2838 1230 2867 non
1249 2826 1614 2876 intromiserunt,
1634 2837 1746 2876 ergo
1764 2826 1847 2865 etc.

188 2992 218 3017 a)
242 2987 287 3013 113
307 2986 394 3020 ipsa3
425 2986 506 3013 «loch
526 2986 691 3013 Johunncc
711 2987 847 3013 XXIII?
928 2988 960 3020 b)
984 2988 1029 3013 Ils
1051 2987 1237 3014 innomianl.
1277 2987 1319 3012 Su
1349 2988 1400 3013 Ils.
1482 2993 1509 3013 ct
1533 2986 1578 3011 ΙΙκ
1616 2983 1847 3011 iuridictionis.

79 3032 112 3065 d)
132 3034 179 3060 Ha
199 3032 426 3060 scaudelisari.
499 3040 528 3066 e)
548 3034 587 3060 So
610 3034 663 3060 Ile.
