2102 3444
206 126 291 167 518
560 122 604 156 ll.
638 120 847 155 Abschnill.
889 120 1093 152 Sermones
1124 116 1272 151 concilii
1304 115 1623 151 Constant-iensis.

209 243 291 285 [⁷111
328 242 435 284 Nov.
470 240 508 283 8.
547 267 594 271 -
631 240 669 280 :1
689 251 797 280 nou
816 248 997 289 ymas.

328 312 351 344 'l'
368 322 386 343 (1
402 312 451 343 .rl
472 320 481 343 .·
517 309 570 342 Nil
596 310 641 341 48
665 318 696 350 p.
722 308 798 341 500.

328 369 630 419 Princeps
696 377 850 406 unus
917 363 1202 406 accessit.
1269 362 1665 405 Reverendissimi
1721 365 1878 415 patres
1931 365 1976 404 et

208 439 378 482 domini
408 439 453 479 in
481 439 563 479 hoc
591 449 720 479 sacro
746 435 941 477 concillo
968 438 1058 476 tam
1087 434 1132 475 in
1160 433 1482 486 spiritualibus
1509 445 1646 486 quam
1674 433 1721 474 in
1748 436 1976 486 tempora-

211 511 328 551 libus
350 507 580 550 constituti
603 507 838 558 ceterique
860 509 905 547 et
928 505 1139 547 doctores
1161 508 1205 546 et
1228 504 1434 557 magistri
1454 517 1507 546 vac
1529 504 1702 546 fratres
1724 504 1770 545 in
1793 503 1976 546 Christo

208 578 492 620 dilectissimi
524 610 531 618 .
567 611 575 619 .
612 611 619 618 .

323 650 498 699 Quanta
548 660 725 689 morum
773 648 998 700 gravitate
1048 646 1217 688 debeat
1263 646 1447 698 fulgere
1497 645 1654 687 doctor
1702 646 1976 696 animarum,

206 723 374 771 quanta
409 731 601 771 operum
636 717 875 760 sanctitate
910 717 1080 759 debeat
1112 717 1288 758 florere
1323 716 1534 769 pontifex
1568 715 1895 768 Romanorum,
1929 718 1976 757 ut

206 791 260 832 ad
290 802 515 832 summum
543 788 842 841 pontificatus
868 787 1078 830 officium
1105 790 1340 829 mereatur
1368 786 1540 829 assumi
1568 819 1577 828 .
1612 819 1621 828 .
1657 819 1665 828 .

324 861 390 901 Ex
430 859 598 912 quibus
638 860 761 901 clare
802 859 948 911 liquet
986 858 1158 910 verbis,
1199 857 1399 911 qualiter
1439 869 1668 899 summum
1706 856 1974 910 pontificem

204 930 468 984 eligendum
499 933 771 982 ceterosque
801 930 1010 981 prelatos
1039 928 1179 971 debet
1208 940 1440 970 exornare
1471 939 1649 969 morum
1678 927 1899 970 honestas
1929 926 1975 968 in

204 1000 494 1053 operacione‚
528 1000 666 1042 debet
698 999 920 1041 decorare
955 999 1108 1042 cordis
1139 1000 1332 1052 puritas.

410 1105 418 1113 .
468 1071 579 1112 Dico
614 1070 750 1124 igitur
785 1070 949 1123 primo,
985 1070 1108 1123 quod
1143 1083 1350 1112 summus
1385 1068 1598 1122 pontifex
1633 1068 1893 1122 eligendus,
1927 1071 1975 1110 ut

205 1143 367 1184 merito
409 1142 630 1195 princeps
671 1154 793 1183 unus
836 1141 989 1183 valeat
1031 1140 1305 1194 nuncupari,
1349 1140 1488 1182 debet
1531 1139 1751 1182 exornari
1794 1151 1987 1182 morum>

204 1213 444 1254 honestate
475 1212 519 1253 in
549 1213 671 1253 omni
703 1224 785 1254 sua
815 1212 1093 1264 operacione
1126 1245 1134 1252 .

319 1284 414 1336 Eya
450 1283 601 1336 igitur,
637 1282 1020 1325 reverendissimi
1056 1285 1214 1335 patres
1250 1286 1295 1325 et
1330 1281 1516 1333 domini,
1553 1281 1611 1323 ad
1646 1293 1762 1334 quos
1796 1283 1974 1334 spect-at

204 1367 401 1407 presens
443 1354 623 1406 electio,
667 1353 1020 1395 animadvertite
1063 1356 1108 1395 et
1150 1365 1209 1394 ex
1251 1355 1344 1395 toto
1387 1352 1524 1394 corde
1569 1355 1737 1405 vestro,
1781 1364 1840 1394 ex
1880 1354 1974 1394 tota

203 1424 368 1476 anima,
399 1437 456 1466 ex
486 1424 701 1466 omnibus
729 1423 907 1466 viribus
936 1424 1105 1466 vestris
1134 1423 1441 1477 considerate,
1470 1426 1520 1465 ut
1545 1422 1686 1465 talem
1715 1421 1975 1476 preficiatis

204 1498 452 1548 pastorem,
498 1495 683 1547 qualem
727 1493 949 1537 describit
991 1493 1261 1536 Bernardus
1306 1493 1363 1536 ad
1407 1494 1667 1546 Eugenium
1711 1527 1720 1536 .
1755 1530 1762 1538 .
1799 1526 1808 1535 .
1865 1492 1972 1534 Dixi

204 1565 419 1617 secundo,
442 1565 565 1618 quod
585 1578 813 1607 summum
834 1565 1105 1618 pontificem
1127 1564 1394 1618 eligendum
1417 1564 1557 1606 debet
1578 1564 1804 1606 decorare
1821 1563 1973 1606 cordis

203 1637 380 1689 puritas
416 1636 462 1677 in
499 1636 622 1678 omni
660 1649 742 1678 sua
779 1635 1086 1678 meditacione
1124 1669 1132 1677 .
1169 1669 1177 1678 .
1213 1669 1221 1677 .
1270 1635 1377 1677 Dixi
1412 1634 1570 1688 tercio,
1607 1634 1730 1688 quod
1767 1647 1973 1677 summus

202 1706 414 1759 pontifex
437 1706 681 1760 eligendus
707 1741 714 1749 .
751 1740 759 1748 .
795 1740 803 1749 .
829 1706 969 1748 debet
992 1706 1244 1749 fecondare
1270 1706 1364 1749 oris
1388 1706 1585 1748 veritate
1610 1739 1618 1747 .
1654 1739 1663 1747 .
1699 1739 1706 1747 .

201 1858 309 1901 Nov.
347 1859 411 1901 11.
450 1886 498 1890 -
535 1860 855 1902 lohannes
896 1859 965 1902 de
1007 1859 1196 1902 Podio
1237 1858 1284 1902 Ο.
1326 1858 1539 1902 Praed.

324 1929 347 1962 r
364 1931 448 1962 estet
468 1939 478 1963 .·
518 1929 579 1963 ste
602 1931 648 1964 33
671 1929 696 1972 f.
722 1930 820 1969 373:
841 1930 880 1963 W
904 1930 997 1963 4176
1021 1930 1046 1972 f.
1074 1931 1150 1965 105.

320 1987 591 2029 Beatissime
618 1991 763 2040 pater.
804 1988 874 2029 Ad
900 1991 1160 2030 vestrorum
1184 1988 1357 2041 pedum
1384 1988 1542 2030 oscula
1569 1991 1831 2030 sanctorum
1856 1986 1973 2029 alias

205 2058 442 2100 beatorum
467 2071 553 2112 ego
579 2059 926 2101 Predicatorum
951 2059 1129 2101 ordinis
1155 2060 1262 2101 licet
1287 2059 1545 2102 immeritus
1568 2062 1615 2101 et
1639 2058 1856 2112 indignus
1882 2057 1972 2100 iam

202 2128 248 2169 in
273 2129 444 2171 XVIII.
472 2141 593 2171 anno
618 2130 854 2182 generalis
882 2131 1102 2182 magister
1128 2143 1214 2183 pro
1241 2129 1411 2172 Christi
1437 2130 1686 2172 vicariatus
1712 2128 1972 2182 summique

202 2199 486 2251 apostolatus
517 2199 679 2242 officio
708 2213 793 2253 per
825 2200 1112 2242 sanctitatem
1143 2204 1345 2243 vestram
1376 2201 1560 2243 noviter
1587 2200 1761 2254 adepto
1789 2199 1973 2254 grand-i-

202 2282 332 2311 osum
356 2270 713 2312 consolatorium
738 2271 1085 2324 virtuosumque
1110 2271 1476 2314 exhortatorium
1501 2271 1595 2313 vite
1618 2271 1709 2313 mei
1731 2271 1971 2323 tociusque

162 2393 164 2396 v
202 2339 380 2383 ordinis
409 2340 599 2383 antefati
630 2341 869 2383 humiliter
899 2342 1054 2384 offero
1083 2342 1147 2385 sic
1177 2342 1391 2384 dicendo:
1437 2342 1646 2395 Elegit
1685 2344 1743 2383 te
1784 2341 1974 2383 domi-

201 2422 337 2464 nus,
384 2413 443 2452 ut
487 2410 843 2454 edificares
890 2412 1122 2454 domum
1169 2412 1553 2465 sanctuarii3
1600 2411 1971 2455 confortare

202 2483 258 2522 et
294 2492 323 2532 p
340 2480 463 2521 erfi
480 2482 572 2522 ce!
615 2482 672 2535 (Ι.
702 2482 851 2525 Paral.
878 2483 1117 2537 XXVIII).

319 2563 371 2605 Ni
402 2563 542 2605 fallor
576 2565 620 2605 in
651 2564 735 2606 hoc
765 2565 906 2617 elegit
933 2569 976 2607 te
1008 2565 1237 2619 dominus9
1268 2570 1317 2609 ut
1347 2566 1597 2609 edificares
1629 2566 1814 2608 domum
1844 2577 1972 2607 sanc-

202 2633 338 2675 tuarii
370 2667 377 2675 .
414 2668 421 2675 .
458 2671 464 2677 .
508 2634 741 2676 Summum
773 2635 989 2687 gaudium
1020 2637 1102 2678 tibi
1134 2649 1322 2690 semper
1350 2637 1420 2689 sit,
1450 2637 1721 2679 beatissime
1750 2639 1884 2689 pater
1913 2648 1971 2677 ex

203 2707 280 2746 tue
306 2703 554 2747 eleccionis
581 2705 805 2757 gaudioso
832 2706 1035 2748 omnium
1064 2710 1155 2749 tam
1184 2720 1422 2750 concursu.
1465 2707 1570 2749 Fuit
1596 2707 1721 2749 enim
1750 2710 1971 2760 quantum

204 2774 260 2816 ad
283 2787 467 2817 causam
492 2775 777 2817 efficientem
803 2788 884 2817 seu
909 2777 1137 2820 electores
1161 2779 1404 2831 autentica,
1428 2791 1518 2831 quo
1542 2777 1601 2820 ad
1623 2790 1808 2820 causam
1832 2780 1971 2820 mate-

203 2845 366 2886 rialem
396 2858 479 2888 seu
508 2845 705 2888 electum
734 2846 946 2899 gratuita,
976 2860 1066 2899 quo
1096 2848 1152 2890 ad
1182 2861 1366 2890 causam
1398 2849 1643 2890 formalem
1674 2860 1757 2891 seu
1786 2847 1970 2890 modum

202 2916 435 2969 canonica,
465 2928 556 2968 quo
585 2916 643 2958 ad
672 2929 856 2959 causam
885 2917 1079 2959 finalem
1109 2931 1191 2960 seu
1219 2919 1418 2961 fructum
1448 2922 1548 2961 erat
1577 2918 1834 2962 salutifera.
1876 2918 1971 2960 Hec

203 2987 384 3039 singula
425 2987 608 3040 singule
649 2999 733 3040 per
771 2991 816 3030 te
856 2991 1014 3041 partes
1055 2989 1371 3042 symbolizant,
1423 2990 1536 3032 Nam
1574 3002 1713 3032 causa
1753 2989 1970 3032 efficiens
