2102 3444
308 156 392 197 634
743 154 809 187 III.
842 151 1050 187 Abschnitl.
1095 151 1246 185 Reform
1279 150 1356 183 und
1389 149 1636 193 Verfassung.

310 274 396 314 nisi
435 272 630 313 scIencia
667 272 737 312 vel
777 272 1034 313 litteratura
1070 271 1147 310 aut
1180 267 1376 310 evidens
1410 267 1666 310 necessitas
1703 280 1785 309 seu
1820 267 1993 310 utilitas
2025 270 2070 310 et

310 355 507 395 persone
538 340 849 394 promovende
880 339 1085 381 condicio
1114 338 1249 380 aliter
1278 338 1526 390 permittat.

432 413 538 454 Item
568 412 687 464 quod
718 411 774 452 de
804 414 958 451 cetero
988 422 1078 451 non
1109 408 1407 461 dispensetur
1436 421 1537 450 cum
1566 408 1824 451 constitutis
1853 409 1899 450 in
1927 408 2071 450 sacris

309 483 548 523 ordinibus
587 483 673 523 nisi
715 482 758 522 in
797 481 980 523 casibus
1016 479 1275 532 premissis,
1313 479 1436 532 quod
1473 479 1764 521 matrimonia
1800 478 2071 522 contrahant

308 567 331 594 a
367 556 469 594 voto
501 551 786 594 continencie
822 550 1098 602 recedendo,
1133 562 1328 602 quorum
1364 550 1507 602 aliqui
1543 550 1600 591 de
1633 549 1862 592 fructibus
1895 548 2072 591 benefi-

307 624 478 663 ciorum
509 627 553 664 et
582 621 858 674 patrimonio
889 621 1057 663 Christi
1089 620 1281 663 saturati
1310 620 1367 662 ad
1398 620 1604 662 seculum
1635 620 1846 663 redeunt.

427 693 537 734 Item
569 695 842 733 revocentur
876 691 1052 733 indulta
1084 691 1141 733 de
1172 690 1400 733 fructibus
1430 690 1748 744 percipiendis
1779 691 1826 733 in
1851 689 2072 734 absencia

306 764 393 805 nisi
429 764 473 804 in
506 763 689 804 casibus
723 776 747 804 a
780 762 879 803 iure
912 761 1152 814 expressis
1184 765 1229 803 et
1261 761 1541 814 inhibeatur,
1573 774 1632 803 ne
1666 762 1723 804 de
1754 765 1910 804 cetero
1941 761 2071 804 fiant.

426 835 538 876 Item
577 836 852 874 revocentur
890 832 1273 885 dispensaciones
1311 832 1368 874 ad
1408 832 1772 885 incompatibilia
1810 833 1932 875 ultra
1969 832 2073 885 duo,

307 904 461 946 habito
493 907 645 946 tamen
679 907 892 956 respectu
926 903 983 946 ad
1015 903 1312 945 condiciones
1342 915 1652 956 personarum
1684 906 1728 945 et
1759 903 2073 957 provideatur,

308 988 365 1016 ne
390 975 445 1016 de
468 979 622 1017 cetero
646 974 776 1016 fiant.

426 1046 537 1087 Item
569 1048 845 1087 revocentur
878 1044 1261 1097 dispensaciones
1292 1045 1350 1087 ad
1383 1045 1749 1087 contrahendum
1781 1045 2074 1088 matrimonia

307 1117 352 1158 in
374 1116 594 1169 gradibus
617 1116 1058 1168 consanguineitatis
1079 1118 1125 1157 et
1147 1115 1394 1158 affinitatis
1414 1115 1664 1169 prohibitis
1686 1115 1891 1158 nondum
1914 1115 2072 1158 sortite

307 1188 526 1228 effectum
562 1190 606 1228 et
642 1186 921 1239 inhibeatur,
957 1199 1016 1228 ne
1051 1187 1171 1229 tales
1208 1186 1265 1228 de
1299 1189 1457 1229 cetero
1493 1186 1625 1239 fiant,
1660 1187 1751 1229 nisi
1788 1187 1835 1228 in
1869 1186 2074 1230 raciona-

307 1257 479 1299 bilibus
502 1257 666 1300 causis.

424 1328 536 1370 Item
568 1331 843 1370 revocentur
874 1340 1035 1371 omnes
1066 1328 1378 1382 indulgencie,
1409 1341 1498 1382 que
1528 1331 1739 1382 tem-pore
1772 1328 2002 1372 scismatis
2029 1329 2075 1370 et

306 1399 551 1451 presertim
594 1398 692 1451 ille,
737 1412 827 1452 que
875 1399 1175 1452 reperiuntur
1220 1399 1278 1441 ad
1326 1400 1471 1442 instar
1517 1399 1919 1452 indulgenciarum
1965 1399 2073 1442 anni

308 1470 467 1511 iubilei
507 1470 701 1512 ecclesie
740 1470 886 1512 sancti
927 1470 1065 1512 Marci
1104 1471 1151 1512 in
1187 1470 1420 1523 Venec‘iis,
1459 1470 1504 1512 in
1543 1471 1853 1524 Aquisgrano,
1890 1470 1938 1513 in
1975 1471 2074 1513 loco

306 1541 636 1582 heremitarum
668 1541 803 1583 beate
841 1541 982 1583 Marie
1016 1544 1094 1583 aut
1125 1540 1241 1584 alias
1273 1545 1432 1583 contra
1465 1541 1620 1584 stilum
1651 1540 1780 1584 curie
1809 1544 1856 1584 et
1886 1542 2075 1595 regulas

306 1611 582 1654 cancellarie
616 1624 834 1654 concesse
867 1616 912 1654 et
942 1612 1184 1664 potissime
1215 1612 1313 1665 ille,
1346 1625 1435 1665 que
1469 1625 1494 1654 a
1527 1611 1726 1655 dominis
1759 1611 2075 1655 cardinalibus

307 1682 362 1723 ad
388 1682 463 1734 pia
490 1683 588 1724 loca
613 1685 744 1725 extra
771 1683 944 1725 curiam
970 1683 1225 1725 Romanam
1251 1687 1542 1736 emanarunt,
1568 1696 1764 1736 quarum
1790 1684 1946 1737 alique
1972 1695 2074 1726 con-

306 1752 451 1795 tinent
472 1753 518 1794 in
540 1753 729 1806 effectu,
750 1757 797 1796 ut
818 1758 1065 1807 presentes
1089 1755 1407 1796 decantacioni
1429 1757 1660 1797 certarum
1683 1754 2073 1808 anthiphonarum

307 1823 363 1864 de
408 1824 615 1876 qualibet
656 1827 763 1867 nota
804 1828 988 1867 centum
1033 1825 1135 1868 dies
1178 1825 1581 1879 indulgenciarum
1624 1825 1842 1880 habeant,
1886 1826 2073 1868 circum-

305 1897 469 1936 euntes
497 1907 609 1936 vero
637 1895 737 1948 ipsa
765 1895 841 1948 pia
872 1896 970 1938 loca
999 1896 1188 1939 totidem
1215 1897 1334 1949 dies,
1365 1909 1454 1949 que
1484 1898 1631 1950 magis
1660 1896 1719 1939 ad
1744 1895 2074 1950 dece-pcionem

306 1967 350 2006 et
385 1964 666 2007 derisionem
700 1967 861 2019 populi
898 1967 1150 2010 Christiani
1187 1980 1324 2020 quam
1361 1967 1418 2010 ad
1453 1968 1650 2010 salutem
1686 1967 1944 2010 animarum
1978 1970 2073 2010 ten-

305 2035 435 2085 dunt;
461 2039 505 2077 et
527 2036 648 2088 quod
671 2037 726 2078 de
750 2040 904 2079 cetero
926 2038 1055 2080 nulle
1080 2038 1391 2092 indulgencie,
1415 2042 1461 2080 ut
1484 2038 1780 2092 premittitur,
1804 2039 2072 2081 inconsuete

306 2110 436 2148 extra
458 2107 630 2148 curiam
652 2108 976 2162 concedantur,
999 2109 1145 2151 donec
1164 2110 1366 2162 populus
1388 2110 1434 2151 in
1454 2109 1544 2151 fide
1566 2109 1731 2152 devius
1751 2109 1810 2151 ad
1827 2108 2072 2163 pristinam

306 2176 602 2219 devocionem
650 2178 910 2221 reducatur.
970 2180 1025 2222 Et
1070 2180 1334 2222 huiusmodi
1383 2181 1634 2222 abusiones
1681 2183 1726 2222 et
1769 2180 2072 2233 pecuniarum

306 2247 595 2290 extorsiones
618 2249 802 2301 penitus
826 2251 1133 2303 extirpentur.

425 2319 538 2361 Item
565 2319 842 2373 inhibeatur,
868 2334 926 2363 ne
953 2322 1123 2375 aliquis
1149 2322 1195 2364 in
1222 2322 1348 2365 curia
1373 2322 1579 2365 Romana
1607 2334 1749 2376 super
1775 2322 2072 2365 absolucione

306 2401 329 2429 a
357 2401 477 2440 pena
503 2393 547 2431 et
574 2402 598 2432 a
625 2390 760 2443 culpa
787 2395 864 2433 aut
889 2392 1234 2436 confessionale
1264 2406 1346 2435 seu
1374 2394 1520 2435 altare
1547 2393 1765 2446 portatile
1792 2395 1838 2436 et
1863 2392 1922 2435 ad
1948 2391 2072 2435 audi-

303 2459 471 2501 endum
507 2460 663 2503 divina
699 2462 744 2503 in
781 2463 879 2504 loco
915 2463 1159 2506 interdicto
1194 2463 1373 2506 litteras
1410 2464 1662 2517 impetrare
1695 2476 1780 2506 nec
1814 2462 2070 2518 impetratis

309 2529 367 2570 uti
395 2533 688 2585 presumatss),
713 2532 802 2574 nisi
830 2534 887 2575 ab
914 2533 1150 2576 ordinario
1178 2548 1261 2577 suo
1283 2535 1430 2588 petita
1455 2534 1649 2577 licencia
1672 2538 1720 2577 et
1743 2534 1945 2588 obtenta,
1971 2545 2071 2577 cum

305 2612 388 2651 per
412 2601 673 2643 huiusmodi
702 2603 1058 2656 impetraciones
1082 2618 1258 2648 nervus
1285 2606 1628 2649 ecclesiasticus
1653 2605 1970 2659 vilipenditur,
1993 2617 2070 2659 po-

304 2673 444 2713 testas
482 2671 823 2715 ordinariorum
863 2675 1130 2728 despicitur,
1169 2676 1360 2718 devocio
1396 2676 1749 2729 imp-etrancium
1786 2676 2070 2729 diminuitur,

306 2742 510 2791 symonia
535 2744 736 2786 nutritur
759 2748 803 2787 et
828 2745 1027 2788 avaricia
1052 2746 1215 2800 recipit
1239 2737 1589 2790 incrementum.

424 2858 487 2900 11.
529 2858 641 2909 Quia
670 2859 904 2904 beneficia
931 2865 1123 2916 propter
1151 2831 1310 2906 officia
1335 2831 1652 2906 conceduntur
1682 2897 1691 2906 .
1726 2897 1735 2906 .
1770 2865 1819 2918 .¹)

408 2989 437 3007 ai
463 2984 505 3009 lls
529 2987 728 3017 pra-sumant.

421 3044 450 3083 ¹)
479 3043 558 3077 ,Ius
585 3045 653 3078 der
676 3045 921 3089 Ileformalcle
949 3048 1109 3084 Martius
1146 3049 1191 3091 14,
1215 3049 1364 3084 Hiibler
1390 3051 1457 3085 168
1481 3050 1506 3093 Τ.
