2227 3434
785 118 876 154 1417
899 119 1127 163 September
1149 119 1203 152 12.
1800 120 1886 161 515

117 238 373 290 adversari,
407 237 592 279 modum
626 236 922 279 accomodum
955 237 1080 279 illico
1113 236 1313 289 quesivit
1345 240 1391 278 et
1422 236 1599 289 pariter
1633 236 1885 288 adinvenit,

117 310 190 351 vel
215 312 263 351 ut
284 308 529 351 concilium
552 308 830 350 dissolveret
853 308 927 348 vel
952 307 1139 360 quidem
1163 307 1300 349 etiam
1324 320 1417 349 non
1441 311 1598 349 vocata
1621 307 1883 349 interesset.

118 380 172 422 Et
196 379 366 422 factum
392 383 473 422 est.
514 378 648 421 Unde
674 390 859 432 pomum
887 390 1080 419 aureum
1107 378 1274 419 mirum
1300 381 1488 431 aspectu
1515 382 1559 420 et
1586 377 1884 419 estimacione

115 449 378 503 preciosum
404 449 666 502 margaritis
693 453 738 490 et
765 448 1000 501 lapidibus
1028 448 1301 490 adornatum
1329 449 1556 501 preciosis
1583 448 1882 501 fabricavit.³)

161 553 170 562 .
206 558 213 563 .
256 519 478 573 Audistis,
511 519 684 561 domini
716 520 821 572 mei,
852 519 1047 561 audistis
1078 518 1235 571 utique
1267 519 1521 561 historiam.
1565 518 1732 560 Audite
1765 530 1885 559 nunc

115 590 392 634 misterium!
435 624 443 632 .
479 624 487 632 .
523 625 531 632 .
572 590 693 632 Juno
723 589 860 632 vitam
888 589 1101 642 designat
1129 590 1336 642 activam,
1367 589 1522 631 Pallas
1550 601 1661 631 vero
1688 592 1886 631 contem-

116 661 350 716 plativam,
370 662 532 704 Venus
551 673 664 703 vero
683 661 1020 713 voluptuosam.
1057 660 1246 701 Pomum
1268 663 1420 702 autem
1439 663 1512 702 est
1533 659 1731 713 dignitas
1753 658 1886 712 spiri-

114 733 268 786 tualis,
299 744 389 786 que
420 733 486 774 sic
515 732 728 785 preciosa
758 735 804 774 et
834 732 1150 784 pulcherrima
1179 731 1410 782 videatur;
1441 734 1512 773 est
1543 731 1700 783 utique
1731 733 1887 772 tamen

115 806 242 846 tanto
282 802 490 856 pondere
531 802 698 856 gravis,
741 805 789 843 ut
830 814 993 844 servus
1036 814 1276 843 servorum
1317 801 1436 843 iusto
1475 802 1610 843 titulo
1650 804 1884 842 mereatur

113 874 358 916 nominari.
379 873 511 915 Paris
528 877 680 915 autem
697 872 873 914 arbiter
888 876 1014 914 cetus
1031 873 1283 913 electorum
1297 875 1382 913 est.
1403 870 1538 913 Unde
1555 870 1886 913 altercantibus

115 949 161 988 et
191 944 527 988 dissidentibus
560 944 680 986 inter
713 956 762 986 se
794 942 1082 995 nacionibus,
1115 942 1255 984 immo
1284 942 1441 984 verius
1472 942 1670 995 prefatis
1702 942 1886 983 Junone

116 1015 308 1057 Pallade
336 1018 381 1057 et
407 1015 608 1066 Venere,
636 1014 940 1056 vehementer
964 1013 1219 1055 timendum
1248 1017 1330 1065 est,
1357 1025 1415 1054 ne
1445 1047 1453 1054 .
1489 1047 1497 1054 .
1533 1047 1541 1054 .
1570 1025 1756 1065 pomum
1782 1024 1886 1065 pre-

115 1089 327 1139 paratum
367 1085 661 1127 adiudicetur'
695 1084 881 1126 tandem
921 1084 1110 1137 Veneri,
1150 1084 1233 1126 hoc
1271 1087 1341 1126 est
1379 1083 1471 1125 vite
1510 1083 1799 1136 voluptuose,
1837 1085 1885 1124 ut

116 1155 299 1209 pridem
330 1155 377 1197 in
407 1155 681 1198 Balthasare
714 1156 884 1197 factum
917 1158 986 1197 est
1020 1192 1026 1199 .
1063 1189 1071 1196 .
1108 1189 1116 1196 .

231 1239 374 1291 Naym
398 1237 616 1280 hebraice
642 1250 768 1279 mare
794 1238 1027 1279 fluctuans
1053 1249 1136 1278 seu
1160 1237 1303 1279 maris
1326 1237 1575 1278 commocio
1599 1239 1722 1277 recte
1746 1236 1885 1277 inter-

115 1312 338 1362 pretatur.
391 1308 441 1350 In
478 1308 607 1350 cuius
645 1309 787 1350 maris
824 1307 1046 1350 fluctibus
1083 1320 1167 1349 seu
1203 1307 1424 1360 procellis
1460 1318 1552 1348 non
1590 1306 1885 1348 mediocriter

115 1379 318 1433 quatitur
355 1382 400 1421 et
435 1379 688 1422 fluctuatur
723 1378 870 1432 ipsius
907 1378 1120 1420 navicula
1159 1377 1297 1419 Petri.
1351 1378 1403 1418 In
1441 1389 1531 1430 qua
1567 1376 1755 1430 quidem
1791 1388 1884 1418 non

116 1450 267 1492 solum
301 1450 615 1503 procellarum
654 1453 698 1491 et
736 1452 979 1491 ventorum
1017 1449 1280 1501 commocio,
1319 1447 1525 1500 quinimo
1563 1447 1762 1500 quadam
1801 1446 1886 1488 sub

116 1520 402 1575 metaphora,
435 1521 657 1564 universa
691 1520 835 1563 maris
871 1519 1043 1562 dudum
1079 1519 1313 1572 descripta
1349 1531 1432 1561 seu
1467 1531 1552 1572 per
1585 1520 1749 1571 poetas
1783 1530 1886 1559 con-

115 1590 223 1634 ficta
251 1591 461 1645 pericula
489 1591 592 1633 luce
622 1591 793 1633 clarius
823 1590 1131 1643 continentur,
1159 1591 1224 1632 uti
1254 1588 1605 1642 philometricus
1633 1591 1681 1631 et
1709 1588 1887 1630 facetus

116 1662 203 1704 sub
225 1662 358 1704 brevi
381 1661 599 1705 carminis
623 1661 897 1714 compendio
921 1661 1145 1714 adaptare
1171 1660 1267 1703 sive
1293 1660 1562 1702 describere
1588 1662 1778 1701 conatus
1803 1661 1885 1701 est.

114 1732 190 1776 Ait
214 1733 358 1776 enim:

233 1814 529 1870 Veritatem2)
564 1827 657 1857 non
690 1813 865 1866 tacebo,
1095 1813 1159 1855 ibi
1189 1825 1317 1855 mare
1348 1813 1523 1866 duplex
1552 1811 1718 1864 fervet,

173 1886 257 1929 sed
294 1885 454 1929 ruinas
492 1885 634 1928 Rome
673 1884 816 1937 flebo,
1097 1897 1122 1926 a
1148 1896 1238 1937 quo
1263 1896 1357 1926 non
1382 1886 1466 1937 est,
1493 1883 1571 1936 qui
1597 1884 1808 1925 reservet

173 1964 417 2010 quousque
451 1956 633 1999 iusticia
1096 1954 1185 1996 sibi
1213 1955 1377 1997 valens
1405 1954 1606 1996 obolum.

171 2026 307 2070 nobis
342 2026 429 2070 cito
463 2027 640 2069 oriatur

172 2101 218 2141 et
248 2092 297 2140 ut
329 2098 510 2151 lampas
541 2096 818 2139 accendatur

173 2171 333 2222 pastor
358 2169 405 2210 in
429 2168 640 2211 ecclesia.

1158 2060 1226 2102 Ibi
1258 2059 1384 2103 venti
1417 2059 1712 2112 colliduntur,

1096 2131 1160 2173 ibi
1196 2143 1397 2184 namque
1436 2131 1795 2183 submergentur

1095 2202 1277 2255 byssus,
1313 2204 1501 2254 ostrum,
1536 2212 1764 2254 purpure;

174 2299 230 2305 -—
309 2299 365 2305 —
444 2299 500 2305 —
579 2299 635 2305 -—
714 2299 770 2304 —
850 2299 905 2304 —
1097 2272 1191 2314 illic
1226 2284 1308 2314 ora
1343 2271 1616 2314 relaxantur

1098 2346 1234 2395 atque
1272 2342 1380 2384 iusti
1415 2341 1733 2394 criminantur,

233 2379 376 2423 Cuius
407 2378 506 2421 rote
539 2379 765 2422 auditoris

1097 2413 1256 2456 nullus
1290 2416 1361 2455 est
1396 2413 1478 2455 abs
1513 2423 1765 2454 murmure.

175 2448 426 2493 bitalassus
452 2451 573 2504 gerit
597 2449 776 2502 formis,

173 2532 260 2562 nec
291 2520 377 2563 hoc
408 2520 573 2563 credas
605 2520 845 2572 frivolum3
1097 2545 1153 2550 —
1233 2544 1289 2549 —
1368 2543 1424 2549 -
1503 2543 1559 2549 -
1638 2542 1694 2548 -
1774 2542 1830 2547 -

236 2648 268 2692 ²)
295 2648 344 2683 Es
367 2648 462 2693 7⁰19!
486 2648 550 2683 die
575 2648 790 2691 Erziihlunq
814 2657 886 2682 von
912 2648 999 2682 dem
1028 2646 1150 2681 Urleil
1173 2647 1242 2681 des
1267 2645 1376 2679 Paris
1402 2646 1478 2680 und
1505 2644 1635 2679 seiner
1661 2641 1887 2678 Geschichte

121 2706 179 2741 bis
200 2716 286 2741 zum
310 2706 529 2750 Unleryany
552 2706 703 2749 Trojas,·
731 2706 825 2740 i1'ber
847 2705 870 2740 2
894 2705 1023 2739 seiten
1048 2705 1086 2739 in
1110 2706 1179 2739 cler·
1202 2705 1266 2738 Hs.

233 2776 267 2819 ²)
305 2776 397 2819 Vyl..·
438 2775 598 2819 Propter
622 2775 722 2818 syon
748 2785 823 2809 non
850 2775 999 2815 taceb0;
1028 2774 1128 2818 &fter
1151 2773 1334 2816 (sedrach-t
1360 2773 1496 2816 (seleon
1525 2783 1593 2806 rou
1621 2771 1771 2805 I'lacius
1797 2768 1885 2811 Illy-

117 2833 237 2878 ricus)
266 2834 339 2877 vyl.
371 2834 435 2868 Th.
471 2834 625 2876 Wrigyhl,
657 2833 734 2867 The
766 2833 857 2867 latin
890 2842 1023 2876 poenis
1055 2832 1240 2874 commoly
1271 2831 1478 2865 attributed
1511 2832 1546 2864 lo
1581 2829 1720 2863 Walter
1752 2827 1885 2869 Mapes

119 2891 153 2926 S.
175 2892 245 2927 217
266 2891 309 2936 ΤῙ.
344 2891 423 2926 Das
449 2891 609 2926 Gedicht
633 2891 742 2926 ‘meist
769 2891 897 2926 kleine
920 2891 1205 2931 Aemlerunqen
1231 2889 1308 2932 auf,
1332 2890 1396 2923 die
1421 2898 1461 2923 es
1484 2889 1553 2923 cler
1575 2887 1658 2921 Zeil
1682 2895 1883 2930 anpassen.

119 2948 198 2984 Der
234 2949 374 2994 Schluss
412 2951 460 2984 ise
497 2949 727 2991 vollstiindiy
765 2949 815 2982 im
851 2948 1033 2983 Hinblick
1070 2947 1136 2991 auf
1173 2948 1241 2981 clas
1277 2946 1414 2980 Konzil
1450 2946 1527 2979 und
1565 2945 1629 2979 (lie
1665 2942 1884 2987 Papstu-am

118 3007 313 3050 yeiinderl.

1598 3058 1676 3101 33·
