2102 3444
252 125 308 167 54
355 126 360 133 '
774 126 797 159 Ι.
840 126 1050 160 Abschnitt.
1105 126 1502 171 Konzilstagebficher.

373 243 455 284 Die
489 244 604 286 iovis
637 245 893 296 penultima
927 245 1137 286 Janiiarii
1171 245 1339 298 prefati
1375 247 1718 290 ambaxiatores
1750 248 1795 290 in
1829 248 2022 291 concilio

253 318 529 367 congregato
565 316 825 357 retulerunt
858 319 987 368 gesta
1024 317 1068 357 in
1105 316 1338 369 Aragonia
1373 322 1418 360 et
1453 319 1610 360 retulit
1643 319 2021 373 archiepiscopus

254 385 554 437 Turonensis,
590 398 679 438 qne
712 389 841 439 gesta
876 386 921 427 in
957 386 1131 428 effectu
1167 389 1416 440 continent,
1451 402 1540 441 que
1575 393 1817 442 sequntur:
1867 390 2022 432 Primo

254 456 375 507 quod
414 456 459 497 in
500 456 620 497 festo
659 457 990 509 assumptionis
1030 458 1163 499 beate
1210 459 1351 500 Marie
1391 460 1623 513 virginis¹)
1665 460 1740 501 vel
1781 461 1826 501 in
1866 461 2023 503 crasti-

253 539 361 567 num
401 539 483 567 rex
522 528 830 569 Romanorum
869 532 914 569 et
954 528 1038 581 ipsi
1079 530 1405 581 applicuerunt
1442 531 1656 572 Narbone
1696 531 1795 573 loco
1832 535 1877 574 et
1911 534 2023 573 tem-

252 610 365 649 pore
400 598 688 640 concordatis
722 599 779 639 de
814 611 1044 640 consensu
1078 601 1286 652 parcium
1321 604 1365 642 et
1400 601 1487 643 iam
1524 605 1716 643 venerat
1751 601 2021 655 Perpiniani

256 669 418 710 Petrus
447 669 503 710 de
533 669 660 711 Luna
691 673 759 711 set
788 683 878 711 non
909 683 992 711 rex
1021 671 1054 711 A
1068 683 1301 724 ragonum,
1328 672 1435 724 quia
1462 672 1665 725 graviter
1696 672 2022 715 infirmabatur

254 740 489 781 Valencie.
535 740 677 782 Paulo
707 744 809 793 post
840 741 1004 783 Petrus
1034 742 1090 783 de
1123 742 1250 784 Luna
1282 743 1405 784 misit
1435 743 1492 784 ad
1523 755 1680 795 regem
1711 743 2023 786 Romanorum

253 812 494 853 solennem
529 812 837 867 ambaxiatam
872 813 1173 865 prelatorum,
1208 813 1401 855 militum
1436 818 1480 855 et
1515 814 1751 856 doctorum
1784 818 2024 868 congratu-

255 883 451 923 lancium
481 882 701 924 adventui
733 884 856 935 regis
887 887 931 925 et
962 884 1217 925 dicencium
1250 885 1294 925 in
1324 897 1513 937 genere,
1544 888 1592 926 ut
1622 885 1740 927 solet
1768 885 1934 927 Petrus
1964 885 2022 928 de

254 953 397 1005 Luna,
423 954 545 1006 quod
563 966 753 995 *omnem
778 954 910 996 daret
934 967 1125 1007 operam
1151 955 1208 996 ad
1232 955 1451 997 unionem
1476 959 1521 997 et
1546 955 1669 1008 quod
1692 968 1778 1009 per
1801 968 1907 998 eum
1929 969 2023 999 non

254 1028 410 1076 staret,
436 1028 505 1066 set
528 1025 645 1066 nihil
671 1025 743 1078 agi
768 1029 963 1078 poterat,
989 1026 1135 1068 donec
1161 1039 1244 1067 rex
1269 1027 1534 1080 Aragonum
1561 1027 1781 1069 venisset.

372 1096 423 1136 In
455 1095 670 1137 Narbona
703 1099 931 1138 steterunt
964 1097 1130 1139 diebus
1162 1097 1376 1150 pluribus
1408 1098 1706 1140 consulentes
1739 1098 1796 1139 de
1830 1098 2025 1152 agendis

252 1169 297 1207 et
319 1170 622 1219 expectantes
644 1167 892 1209 adventum
917 1169 1041 1221 regis
1064 1168 1344 1221 Aragonum,
1368 1170 1445 1221 qui
1470 1169 1673 1221 graviter
1696 1169 2024 1212 infirmabatur

252 1238 490 1290 Valencie,
521 1237 692 1291 quique
724 1238 829 1280 licet
859 1252 1020 1281 omnes
1051 1239 1216 1281 medici
1247 1241 1559 1291 consulerent,
1590 1240 1714 1292 quod
1741 1252 1835 1282 non
1866 1252 2025 1293 aggre-

254 1309 443 1351 deretur
487 1310 694 1351 dicentes
742 1311 786 1350 in
830 1311 913 1351 hoc
959 1311 1045 1352 sibi
1091 1311 1250 1353 mortis
1294 1311 1553 1363 periculum
1599 1311 1825 1364 invenire,
1868 1314 2024 1353 tamen

254 1392 501 1432 aggressus
530 1384 599 1422 est
627 1393 711 1433 per
740 1393 867 1422 mare
895 1385 939 1423 et
966 1382 1091 1423 venit
1120 1382 1389 1434 Perpiniani
1417 1383 1622 1435 graviter
1649 1381 1866 1424 infirmus
1892 1382 2024 1434 adeo,

253 1451 376 1503 quod
401 1452 560 1504 sepius
586 1452 671 1493 fuit
696 1452 752 1493 de
780 1452 872 1494 vita
898 1465 981 1494 sua
1007 1452 1319 1505 desparatum.
1360 1453 1467 1494 Post
1494 1453 1631 1495 huius
1657 1452 1920 1507 adventum,
1946 1453 2024 1506 qui

252 1523 467 1564 Narbone
494 1522 654 1564 venire
682 1536 774 1564 non
799 1527 994 1576 poterat,
1021 1537 1104 1565 rex
1130 1524 1441 1565 Romanorum
1468 1526 1513 1565 et
1538 1527 1630 1566 tota
1657 1523 1921 1566 ambaxiata
1945 1523 2024 1565 ivit

254 1593 587 1646 Perpinianum
613 1598 657 1635 et
683 1594 770 1636 fuit
795 1607 879 1636 rex
904 1595 1215 1636 Romanorum
1241 1598 1470 1648 acceptus,
1495 1595 1662 1637 Petrus
1687 1594 1744 1636 de
1770 1594 1901 1637 Luna
1924 1597 2025 1637 erat

255 1665 299 1706 in
324 1668 474 1706 castro
499 1665 771 1718 Perpiniani
798 1667 993 1718 stipatus
1018 1666 1221 1718 armatis,
1247 1679 1330 1707 rex
1356 1667 1622 1719 Aragonum
1646 1669 1747 1707 erat
1770 1665 1818 1707 in
1841 1665 1954 1708 villa
1977 1666 2024 1708 in

253 1735 388 1778 domo
416 1736 554 1777 unius
584 1737 711 1779 civis.
754 1737 861 1779 Post
891 1738 1072 1790 aliquos
1102 1737 1202 1779 dies
1233 1750 1317 1778 rex
1345 1738 1659 1779 Romanorum
1687 1739 1732 1779 et
1761 1737 2025 1779 ambaxiata

252 1821 311 1849 ex
335 1808 634 1850 ordinacione
660 1810 784 1861 regis
808 1810 1072 1861 Aragonum
1099 1809 1403 1851 visitaverunt
1427 1809 1616 1851 Petrum
1639 1809 1697 1850 de
1722 1808 1853 1850 Luna
1874 1807 2025 1862 primo

253 1883 297 1921 et
334 1883 496 1932 postea
534 1892 691 1933 regem
730 1881 1010 1933 Aragonum.
1065 1881 1243 1922 Deinde
1283 1883 1602 1922 convenerunt
1639 1879 1699 1922 ad
1735 1878 2025 1921 tractandum

255 1952 299 1992 in
328 1952 463 1993 domo
492 1953 615 2004 regis
642 1953 907 2004 Aragonum
936 1965 1019 1993 rex
1048 1952 1358 1993 Romanorum
1387 1956 1432 1994 et
1460 1951 1736 2005 ambaxiata,
1762 1963 1916 1993 comes
1942 1950 2025 1992 Ar-

255 2023 448 2065 meniaci
472 2027 517 2064 et
539 2036 692 2065 comes
715 2023 846 2075 Fuxi,
868 2024 945 2075 qui
969 2023 1252 2065 obediebant
1276 2024 1412 2065 Petro
1433 2024 1491 2065 de
1515 2023 1658 2075 Luna,
1681 2022 2025 2065 ambaxiatores

256 2107 416 2147 regum
444 2095 647 2136 Castelle
674 2098 717 2136 et
744 2095 949 2136 Navarre
977 2098 1112 2146 atque
1140 2095 1338 2135 civitatis
1366 2094 1668 2138 Barchinone.

375 2167 540 2208 Plures
584 2167 808 2219 perlocuti
854 2169 958 2207 sunt
1000 2169 1232 2217 tractatus,
1276 2166 1437 2218 plures
1480 2165 1643 2206 cedule
1687 2164 1938 2218 composite
1981 2167 2026 2206 et

256 2237 360 2278 date
402 2250 486 2290 per
527 2237 712 2278 Petrum
755 2237 810 2278 de
854 2237 996 2288 Luna,
1038 2236 1204 2289 quibus
1246 2236 1481 2277 offerebat
1520 2236 1793 2277 cessionem.
1845 2234 1923 2277 Set
1961 2237 2026 2277 tot

256 2308 419 2350 modus
453 2311 608 2360 totque
645 2307 940 2350 condiciones
976 2307 1190 2359 addebat,
1226 2307 1347 2359 quod
1385 2307 1514 2348 nulla
1549 2319 1658 2359 spes
1692 2309 1793 2349 erat
1826 2305 2025 2348 unionis.

262 2380 384 2420 Inter
405 2383 559 2421 cetera
579 2379 764 2421 volebat
785 2379 1029 2421 concilium
1052 2378 1158 2420 fieri
1181 2381 1313 2420 extra
1337 2378 1660 2420 Constanciam
1679 2381 1725 2420 et
1746 2377 1792 2419 in
1813 2377 2026 2431 partibus

255 2451 417 2492 vicinis
454 2451 582 2492 mari.
632 2451 838 2492 Ponebat
873 2450 1084 2492 diversos
1121 2450 1280 2491 modos
1314 2449 1562 2491 eleccionis
1596 2449 1740 2490 futuri
1775 2448 2024 2502 pontificis,

256 2534 394 2563 unum
426 2522 547 2562 inter
577 2524 770 2573 ceteros,
802 2521 924 2573 quod
956 2521 1056 2573 ipse
1086 2521 1295 2573 eligeret.
1338 2520 1549 2573 Volebat,
1581 2520 1703 2572 quod
1734 2522 1839 2562 ante
1870 2518 2023 2562 omnia

254 2596 427 2634 certum
451 2596 590 2645 esset,
612 2593 735 2645 quod
757 2605 918 2634 omnes
940 2592 1178 2645 principes
1198 2591 1443 2633 obedirent
1465 2590 1696 2644 eligendo.
1736 2591 1875 2632 Multa
1896 2590 2024 2632 deni-

255 2676 343 2716 que
370 2664 552 2716 prolixa
579 2667 623 2705 et
648 2663 923 2705 narracione
949 2662 1143 2704 inutilia.
1182 2662 1331 2704 Nostri
1359 2665 1511 2704 autem
1537 2661 1758 2715 petebant
1783 2661 2024 2703 renuncia-

253 2736 431 2776 cionem
468 2748 596 2777 suam
631 2734 903 2787 simplicem,
937 2734 1051 2775 sicut
1084 2734 1160 2775 alii
1197 2733 1288 2775 duo
1321 2733 1543 2774 fecerant.
1594 2732 1747 2775 Multis
1780 2732 1947 2775 diebus
1979 2735 2025 2774 et

254 2806 494 2848 mensibus
522 2809 748 2847 steterunt
778 2805 1003 2847 inutiliter
1034 2806 1077 2846 in
1109 2804 1389 2857 tractatibus,
1418 2803 1635 2845 videlicet
1660 2816 1685 2846 a
1713 2803 1835 2846 festo
1862 2803 2024 2845 nativi-

254 2877 359 2919 tatis
385 2877 516 2919 beate
547 2877 687 2918 Marie
715 2889 859 2929 usque
886 2877 943 2918 ad
968 2877 1138 2918 festum
1163 2875 1366 2917 omnium
1391 2878 1653 2917 sanctorum
1677 2887 1779 2916 cum
1802 2873 2023 2928 gravibus

254 2948 477 3000 expensis
501 2951 546 2989 et
572 2947 796 2989 molestiis
822 2951 867 2989 et
893 2947 1032 2988 nichil
1060 2947 1248 2988 omnino
1272 2945 1564 2999 profuerunt.
1602 2945 1776 2988 Verum
1801 2957 1886 2988 rex
1910 2945 2022 2987 Ara-

374 3042 405 3083 1)
443 3043 490 3076 15.
519 3042 676 3084 August.
