2102 3444
230 137 316 180 280
766 137 791 170 I.
820 136 1028 172 Abschnitt.
1069 135 1467 180 Konzilstagebiicher.

232 254 579 307 quomodolibet
612 254 931 307 impediretur,
966 254 1048 296 sed
1082 254 1327 296 certissimi
1361 267 1467 297 esse
1501 255 1742 307 deberent,
1777 254 1899 308 quod
1931 267 2001 297 ca-

232 326 376 378 pitula
408 325 525 368 alias
555 326 666 368 inita
697 326 817 367 inter
846 325 1198 367 serenissimum
1229 325 1270 367 d.
1300 338 1457 378 regem
1488 325 1799 367 Romanorum
1828 329 1874 367 et
1902 338 2001 368 ora-

233 400 357 438 tores
392 396 572 438 concilii
608 409 665 438 ex
702 409 791 438 una
827 409 877 438 ac
912 395 1112 437 eundem
1148 408 1304 449 regem
1339 396 1604 449 Aragonum
1639 409 1696 438 ex
1732 396 1823 438 alia
1859 409 2000 450 super

232 467 417 509 unionis
448 468 634 520 negotio
663 467 1001 526 inviolabiliter
1035 467 1410 509 observarentur.

354 538 464 579 Item
499 537 540 579 d.
574 537 743 590 Symon
778 537 835 579 de
869 538 1066 579 Teramo
1099 537 1347 579 advocatus
1381 538 1716 580 consistorialis
1750 550 1835 591 pro
1868 541 2000 591 parte

232 609 272 650 d.
304 609 570 650 cancellarii
601 609 798 650 ecclesie
828 608 1110 651 Parisiensis
1139 612 1184 650 et
1213 609 1300 651 sibi
1331 609 1656 651 adherentium
1685 608 1926 662 proposuit
1955 608 1999 650 in

232 692 368 721 causa
402 679 515 720 fidei
549 691 714 721 novem
748 679 1065 721 assercionum
1099 680 1306 733 magistri
1338 680 1565 722 ‚Iohannis
1599 680 1734 721 Parvi
1768 682 1926 722 contra
1958 679 1997 721 d.

231 750 392 792 ducem
416 750 685 803 Burgundie
708 750 989 803 tandemque
1014 753 1237 803 reputans
1258 751 1436 804 primos
1462 750 1636 793 iudices
1661 750 1792 803 quasi
1817 763 2002 804 suspec-

234 824 300 862 tos
327 821 466 874 peciit
492 820 608 864 alios
634 821 810 864 iudices
838 821 924 865 sibi
951 821 1066 863 dari.

350 892 458 934 Post
479 892 608 935 cuius
631 892 1004 945 proposicionem
1028 905 1123 934 rev.
1147 906 1190 946 p.
1215 892 1256 934 d.
1282 892 1533 935 cardinalis
1559 892 1857 935 Florentinus
1880 905 2000 934 unus

230 976 287 1004 ex
323 963 455 1005 dictis
490 962 720 1005 iudicibus
754 976 839 1016 pro
872 967 1004 1016 parte
1039 963 1242 1005 omnium
1276 976 1464 1005 suorum
1499 964 1781 1017 collegarum
1816 964 2001 1017 elegan-

230 1034 406 1076 tissime
433 1034 491 1076 ad
515 1034 888 1087 proposicionem
914 1034 1084 1088 prefati
1111 1034 1152 1076 d.
1178 1034 1390 1087 Symonis
1414 1034 1670 1087 respondit,
1697 1034 1873 1077 seriose
1897 1046 2001 1076 nar-

231 1118 354 1157 rans,
393 1105 593 1158 qualiter
631 1104 807 1147 iudices
845 1105 1016 1159 prefati
1055 1105 1101 1146 in
1141 1118 1278 1147 causa
1317 1105 1417 1158 ipsa
1458 1109 1635 1147 mature
1674 1108 2001 1158 processerant

230 1176 510 1229 tandemque
543 1176 839 1229 concludens,
871 1176 994 1229 quod
1025 1177 1203 1218 eisdem
1236 1176 1466 1218 iudicibus
1498 1179 1597 1218 erat
1630 1175 2001 1230 singularissima

229 1248 398 1300 gracia,
433 1247 555 1300 quod
588 1247 666 1289 alii
701 1246 879 1290 iudices
912 1248 957 1289 in
991 1260 1129 1289 causa
1163 1247 1264 1300 ipsa
1298 1247 1648 1299 deputarentur.

348 1318 432 1360 Die
465 1318 645 1361 sabbati
679 1318 882 1360 secunda
915 1319 1089 1361 mensis
1125 1318 1230 1360 Maii
1263 1319 1347 1360 suit
1380 1319 1500 1360 facta
1532 1318 1834 1372 congregacio
1864 1330 2002 1372 gene-

231 1389 343 1432 ralis
367 1389 571 1431 omnium
593 1390 895 1442 prelatorum,
920 1389 1305 1432 ambassiatorum
1331 1423 1364 1431 ..
1384 1424 1391 1431 .
1417 1390 1554 1432 solito
1577 1385 1816 1442 sessionis,
1840 1390 1887 1431 in
1912 1401 2002 1442 qua

231 1473 428 1514 surgens
457 1461 504 1502 in
532 1460 687 1502 medio
715 1473 809 1502 rev.
839 1473 882 1513 p.
914 1460 955 1502 d.
985 1459 1232 1513 episcopus
1262 1460 1586 1502 Atrebatensis
1616 1463 1771 1502 orator
1801 1460 1842 1503 d.
1873 1459 2002 1502 ducis

232 1531 499 1585 Burgundie
533 1531 764 1585 premisso
796 1531 1016 1574 themate:
1064 1531 1319 1584 Sequimini
1356 1531 1549 1585 vestigia
1584 1531 1699 1585 eius,
1734 1531 1811 1584 qui
1845 1543 2002 1585 pecca-

230 1606 323 1644 tum
352 1616 445 1645 non
474 1603 638 1658 fecit,¹)
671 1603 885 1656 factaque
917 1616 1058 1656 super
1086 1603 1171 1645 hoc
1199 1602 1529 1656 compendiosa
1559 1603 1813 1645 collacione
1842 1602 2003 1644 recita-

233 1674 293 1716 vit
318 1674 495 1717 seriose
520 1675 680 1716 ambos
701 1687 952 1728 processus
976 1674 1021 1715 in
1047 1674 1166 1716 dicta
1190 1687 1329 1716 causa
1352 1673 1498 1716 factos
1522 1677 1614 1716 tam
1637 1686 1791 1716 coram
1815 1673 1857 1715 d.
1882 1674 2002 1727 epis-

231 1758 344 1798 copo
381 1745 651 1797 Parisiensi,
691 1758 826 1798 quem
864 1749 1098 1798 tamquam
1137 1745 1346 1798 iniquum
1387 1746 1686 1798 impugnavit,
1724 1757 1861 1798 quam
1898 1757 2002 1798 pro-

232 1830 412 1859 cessum
456 1816 625 1859 factum
670 1830 822 1859 coram
867 1816 1145 1870 supradictis
1189 1816 1419 1859 iudicibus
1464 1817 1582 1858 sacri
1627 1815 1821 1869 concilii,
1864 1828 2001 1869 quem

231 1891 463 1940 tamquam
494 1889 663 1930 iustum
693 1887 1031 1930 commendavit
1060 1891 1104 1929 et
1133 1887 1410 1941 approbavit
1438 1886 1893 1940 intermiscendoque
1923 1886 2003 1929 ali-

231 1972 320 2011 qua
357 1959 468 2001 satis
502 1959 697 2001 honeste
733 1962 891 2001 contra
927 1959 968 2001 d.
1006 1959 1336 2001 cancellarium
1373 1958 1688 2001 Parisiensem
1723 1958 1862 2011 peciit
1896 1970 2001 2000 eum

230 2033 463 2082 tamquam
500 2030 868 2082 calumpniosum
905 2030 1284 2072 denunciatorem
1322 2030 1670 2082 condempnari,
1706 2029 1923 2072 referens
1958 2032 2002 2071 et

232 2101 506 2153 relinquens
539 2104 707 2153 cetera,
741 2113 829 2154 que
862 2101 977 2143 iuris
1011 2105 1144 2143 erant
1176 2105 1220 2143 et
1253 2114 1342 2154 que
1377 2101 1433 2143 de
1466 2100 1566 2142 iure
1600 2100 1658 2143 ad
1691 2100 1810 2143 dicta
1840 2113 1926 2154 per
1959 2099 2000 2142 d.

230 2171 476 2223 symonem
507 2171 776 2214 advocatum
808 2172 1006 2215 adverse
1035 2173 1182 2225 partis
1213 2174 1258 2213 in
1290 2172 1521 2225 superiori
1552 2171 1930 2225 congregacione,
1959 2171 2000 2212 d.

230 2242 464 2285 Ardecino
489 2242 711 2285 advocato
736 2243 1043 2285 consistoriali
1072 2247 1118 2285 et
1144 2243 1290 2296 ipsius
1319 2244 1359 2285 d.
1387 2243 1515 2285 ducis
1543 2243 1589 2284 in
1615 2255 1753 2285 causa
1779 2242 2000 2296 predicta.

231 2314 321 2356 Sed
355 2315 462 2366 quia
495 2314 626 2356 tarda
659 2314 774 2356 hora
807 2317 920 2366 erat,
953 2327 1038 2355 nec
1073 2314 1171 2367 ipse
1206 2315 1247 2356 d.
1283 2314 1543 2357 Ardecinus
1576 2327 1661 2356 nec
1693 2313 2001 2356 cancellarius

231 2384 481 2437 predictus,
510 2385 586 2438 qui
615 2385 753 2427 etiam
781 2386 925 2427 voluit
954 2386 1257 2437 respondere,
1285 2385 1426 2427 auditi
1457 2385 1661 2427 fuerunt.
1702 2385 1756 2427 Et
1783 2385 1871 2427 fuit
1899 2397 2001 2427 con-

230 2455 443 2508 gregacio
473 2455 713 2498 dissoluta.

348 2526 648 2569 Sacrosancte
676 2527 852 2580 synodo
881 2527 1230 2569 Constanciensi
1260 2527 1304 2568 in
1333 2527 1499 2579 spiritu
1527 2530 1683 2569 sancto
1709 2529 2000 2580 congregate,

231 2597 388 2639 revmis
417 2598 462 2639 in
493 2597 598 2640 Chr.
627 2610 670 2651 p.
701 2601 746 2639 et
775 2598 815 2639 d.
847 2597 1134 2642 Constancie.

348 2668 499 2710 Revmi
526 2670 573 2710 in
603 2668 707 2711 Chr.
734 2682 778 2722 p.
809 2703 817 2711 .
853 2702 860 2710 .
897 2703 904 2710 .
948 2669 1043 2710 Iam
1070 2681 1155 2722 per
1182 2669 1343 2721 plures
1370 2682 1409 2710 v.
1440 2682 1473 2710 r.
1504 2682 1545 2722 p.
1574 2671 1732 2711 notum
1759 2668 1864 2721 feci,
1891 2680 1999 2721 qua-

232 2739 337 2781 liter
375 2741 491 2782 salvi
528 2740 778 2782 conductus
818 2752 977 2792 regum
1017 2740 1210 2781 Francie
1249 2743 1293 2781 et
1331 2740 1550 2782 Ludovici
1588 2739 1792 2782 nondum
1829 2739 1996 2792 portati

231 2810 434 2864 fuerunt,
460 2814 518 2862 et,
543 2811 664 2864 quod
691 2811 825 2864 peius
849 2814 933 2863 est,
958 2810 1319 2853 ambassiatores
1345 2810 1386 2852 d.
1413 2810 1708 2863 imperatoris
1731 2823 1824 2853 non
1848 2812 1998 2863 porta-

231 2885 397 2924 verunt
419 2881 574 2924 salvos
596 2882 847 2924 conductus
870 2882 974 2924 dicti
1000 2882 1040 2924 d.
1066 2881 1373 2934 imperatoris.
1408 2882 1558 2933 Quare
1582 2880 1859 2935 provideant
1880 2882 1998 2923 cele-

231 2953 344 2993 riter
377 2953 682 3005 paternitates
715 2956 884 3005 vestre,
918 2966 973 2995 eo
1008 2953 1114 3006 quia
1148 2965 1275 2995 mora
1310 2953 1501 2994 multum
1534 2965 1681 2995 nocua
1714 2955 1784 2995 est
1817 2963 1995 2994 necnon

351 3025 434 3087 ¹)Wl-
462 3025 561 3080 retr.
587 3047 618 3088 2,
644 3047 698 3081 21.
