2102 3444
238 159 322 204 154
770 156 797 194 1.
822 156 1033 194 Abschnitt.
1071 155 1474 201 Konzilstagebticher.

360 275 473 318 Item
512 276 635 329 quod
675 276 821 318 eciam
861 276 908 317 in
948 274 1134 328 publica
1175 274 1385 318 sessione
1427 274 1668 317 concilium
1708 274 1882 317 electos
1921 286 2008 328 per

237 347 459 389 naciones
481 359 566 400 pro
588 345 815 388 electione
838 359 960 399 pape
984 345 1300 388 cardinalibus
1324 345 1600 399 adiungeret
1619 348 1666 387 et
1689 344 1947 398 deputaret.

360 417 472 459 Item
504 416 839 459 ordinaverunt
869 416 977 458 fieri
1009 428 1094 470 per
1124 415 1368 458 concilium
1400 416 1636 458 decretum
1668 415 1726 457 ad
1756 415 2009 468 dampnan-

239 487 348 529 dum
383 490 428 530 et
460 487 803 541 prohibendum
840 487 1050 539 abusum,
1086 500 1176 539 quo
1210 487 1359 529 electo
1391 486 1598 529 Romano
1632 484 1854 539 pontifice
1889 484 2010 539 rapi-

240 561 380 600 untur
404 558 526 600 bona
554 558 681 600 illius
707 561 750 600 et
777 558 1018 600 occasione
1046 560 1227 610 sumpta
1253 570 1312 599 ex
1336 557 1422 599 hoc
1447 556 1591 599 eciam
1619 556 1829 599 aliorum.
1869 554 2010 598 Cuius

241 628 415 670 decreti
443 631 591 681 tenor,
618 641 719 670 cum
747 628 890 670 fuerit
914 628 1285 680 pronunciatum,
1312 640 1396 670 suo
1421 627 1523 670 loco
1548 629 1761 681 ponetur.

358 699 445 741 Die
478 699 594 742 iovis
625 702 789 752 quarto
818 698 1093 741 Novembris
1123 701 1168 740 et
1200 698 1449 751 incipiente
1481 710 1603 740 anno
1635 699 1799 750 quarto
1830 695 2011 740 concilii

241 782 326 811 rex
348 770 660 812 Romanorum
682 782 902 811 reversus
926 772 997 812 est
1018 769 1349 822 Constantiam,
1372 769 1443 811 cui
1467 768 1557 810 duo
1579 767 1843 810 cardinales
1865 767 2011 810 Bono-

241 840 420 883 niensis
454 843 499 882 et
534 840 759 882 Senensis
794 840 1035 893 querelam
1070 839 1298 893 fecerunt,
1334 839 1457 892 quod
1491 838 1608 880 nulli
1646 837 1703 880 de
1739 837 2012 881 obediencia

242 911 457 964 Gregorii
478 907 671 952 'fuerant
697 911 833 952 electi
860 910 918 952 ad
943 910 1212 964 eligendum
1237 922 1419 964 papam.
1458 910 1558 951 Rex
1582 912 1776 962 propter
1798 909 1886 951 hoc
1908 920 2012 951 con-

242 982 420 1024 vocavit
443 984 539 1023 tres
564 980 828 1023 cardinales
853 984 898 1023 et
920 980 1217 1034 presidentes
1243 993 1294 1023 ac
1318 980 1564 1034 deputatos
1588 979 1834 1022 nacionum
1859 981 1904 1022 et
1925 979 2012 1021 hec

241 1052 459 1105 exposuit
492 1064 711 1105 querens,
745 1051 857 1105 quid
892 1051 986 1094 illis
1019 1051 1342 1105 responderet.
1389 1051 1473 1094 Cui
1505 1050 1595 1093 fuit
1627 1062 1713 1104 per
1747 1062 1909 1093 omnes
1942 1062 2014 1092 re-

243 1135 479 1176 sponsum,
514 1122 638 1176 quod
671 1122 854 1165 sublata
888 1125 988 1164 erat
1021 1121 1301 1164 differencia
1335 1121 1715 1164 obedienciarum
1747 1123 1795 1163 et
1827 1120 2013 1163 unicum

243 1194 379 1248 ovile,
403 1197 449 1236 et
471 1193 594 1247 quod
619 1193 816 1247 quilibet
839 1206 923 1235 suo
947 1193 1140 1235 arbitrio
1163 1193 1385 1246 elegerat,
1409 1195 1458 1234 ut
1480 1192 1735 1245 placuerat,
1758 1191 2014 1245 pluresque

243 1277 303 1306 ex
330 1265 411 1307 illa
438 1263 713 1307 obediencia
740 1264 929 1306 fuerant
953 1264 1193 1306 nominati.
1233 1263 1325 1306 Sed
1352 1263 1471 1304 nulli
1498 1262 1765 1305 habuerunt
1791 1262 2015 1304 maiorem

243 1338 424 1389 partem
459 1348 635 1388 vocum,
670 1334 905 1377 debebant
938 1335 1179 1388 pacienter
1215 1333 1465 1385 sustiner¹e3
1501 1333 1633 1375 nulla
1667 1332 1736 1375 eis
1770 1332 1917 1375 fiebat
1950 1333 2017 1374 in-

244 1406 364 1449 iuria
401 1418 555 1460 neque
593 1406 839 1448 iniusticia.
890 1405 1117 1448 Naciones
1156 1404 1338 1458 singule
1375 1405 1622 1457 elegerunt
1661 1416 1769 1446 suos
1809 1402 2018 1457 quelibet

246 1490 344 1531 sex,
379 1477 457 1531 qui
493 1480 751 1530 sequuntur
785 1489 869 1519 suo
904 1476 1068 1518 ordine
1103 1475 1151 1517 in
1185 1475 1266 1517 illa
1299 1474 1493 1517 nacione
1530 1473 1785 1516 secundum
1819 1473 2017 1518 formam

247 1548 435 1590 decreti.
476 1582 484 1589 .
520 1582 528 1590 .
564 1548 614 1603 .1)
654 1547 755 1590 Hiis
781 1547 947 1589 diebus
974 1546 1270 1589 currentibus
1296 1546 1503 1599 deputati
1531 1557 1673 1598 super
1696 1544 1891 1598 negocio
1916 1556 2018 1586 con-

247 1619 389 1662 clavis
420 1622 465 1661 et
494 1618 785 1672 pertinencia
818 1618 876 1661 ad
907 1616 1182 1659 electionem
1214 1616 1549 1659 ordinaverunt
1580 1614 1783 1669 capitula
1813 1617 2019 1658 extracta

248 1703 273 1733 a
303 1690 637 1732 constitucione
667 1689 881 1742 Gregorii
913 1688 1092 1741 decimi,
1122 1700 1211 1741 que
1242 1687 1419 1740 incipit:
1453 1687 1561 1741 „ubi
1592 1685 1768 1728 maius“
1800 1686 1858 1728 de
1887 1686 2019 1728 elect.

247 1762 294 1803 li.
324 1762 389 1803 VI
420 1765 465 1803 et
497 1761 865 1814 Extravagantes
899 1760 1154 1802 Clementis
1183 1759 1264 1811 VI,
1296 1771 1385 1812 que
1418 1757 1720 1800 moderantur
1750 1757 1953 1811 rigorem
1985 1769 2020 1798 c.

250 1832 358 1885 „ubi
383 1831 575 1885 maius“,
604 1831 710 1874 licet
736 1831 867 1873 multi
896 1831 953 1872 de
981 1829 1255 1873 nacionibus
1283 1828 1634 1882 contenderent,
1662 1827 1785 1882 quod
1812 1839 2022 1870 servare-

249 1907 324 1946 tur
345 1904 426 1946 illa
449 1903 719 1946 constitucio
741 1901 995 1944 Clementis
1016 1901 1096 1954 VI,
1117 1900 1248 1943 cuius
1268 1903 1402 1943 tenor
1424 1898 1624 1942 inferius
1645 1898 1692 1941 in
1712 1898 1788 1941 die
1807 1897 2021 1952 proxime

251 1974 477 2017 sessionis
498 1973 792 2026 describitur,
815 1975 860 2014 et
879 1972 1071 2014 fuerunt
1091 1972 1290 2014 formata
1313 1971 1515 2024 capitula
1535 1968 1830 2013 observanda
1852 1969 1899 2011 in
1920 1981 2024 2011 con-

253 2045 383 2088 clavi.
419 2045 474 2087 Et
498 2057 587 2098 que
611 2044 767 2086 iurare
792 2044 1020 2086 deberent
1043 2043 1085 2085 d.
1109 2045 1329 2095 rectores,
1354 2042 1570 2084 consules
1594 2044 1639 2083 et
1662 2040 1896 2083 officiales
1917 2039 2024 2082 civi-

251 2116 357 2159 tatis
385 2128 581 2169 quorum
610 2115 754 2157 eciam
783 2117 918 2156 tenor
944 2113 1143 2156 inferius
1171 2113 1216 2154 in
1246 2113 1459 2166 proxima
1489 2112 1699 2154 sessione
1730 2110 2023 2153 describitur.

375 2199 488 2240 Item
514 2197 850 2240 ordinaverunt
873 2195 1082 2249 deputati
1109 2194 1320 2249 predicti,
1346 2194 1470 2247 quod
1494 2206 1587 2236 una
1613 2206 1715 2235 cum
1742 2191 2024 2244 custodibus,

255 2269 423 2323 quibus
447 2269 504 2311 de
529 2270 630 2311 iure
654 2268 884 2321 competit,
906 2266 1303 2309 committerentur
1326 2264 1468 2318 aliqui
1491 2264 1675 2306 nobiles
1699 2264 1839 2317 legati
1864 2275 2026 2316 regum

256 2340 315 2383 ad
337 2339 581 2383 concilium
604 2342 649 2381 et
671 2338 765 2391 alii,
786 2341 835 2380 ut
858 2338 904 2379 in
926 2338 1012 2379 hoc
1034 2349 1170 2390 reges
1192 2339 1238 2378 et
1260 2336 1399 2389 legati
1424 2336 1494 2378 sui
1517 2335 1874 2377 honorarentur.
1913 2333 2027 2376 Item

255 2410 476 2464 magister
507 2410 623 2452 Rodi
654 2422 754 2452 cum
784 2408 1159 2461 vicecamerario,
1192 2407 1270 2460 qui
1302 2418 1408 2449 esse
1440 2405 1691 2448 consuevit.
1738 2404 1852 2447 Item
1882 2403 2027 2457 aliqui

255 2481 439 2536 prelati,
471 2482 528 2523 de
560 2481 768 2534 qualibet
796 2479 992 2522 nacione
1021 2491 1142 2520 unus
1172 2481 1219 2520 et
1248 2490 1333 2531 pro
1364 2476 1682 2519 cardinalibus
1712 2476 1816 2518 duo.
1859 2475 1915 2518 Et
1942 2475 2029 2517 hoc

258 2553 344 2595 fuit
365 2554 463 2606 regi
486 2551 763 2605 expositum,
785 2550 869 2592 sed
888 2563 982 2592 non
1002 2549 1176 2603 placuit
1196 2551 1242 2591 et
1262 2548 1391 2601 dixit,
1414 2547 1536 2601 quod
1558 2546 1617 2589 ad
1637 2559 1743 2589 eum
1763 2545 2029 2600 pertinebat

258 2624 316 2666 de
338 2625 454 2677 iure,
474 2626 521 2666 et
540 2623 663 2676 quod
682 2623 768 2664 hoc
790 2621 917 2664 solus
938 2620 1094 2663 facere
1114 2619 1301 2661 volebat
1321 2630 1406 2672 per
1428 2631 1479 2661 se
1499 2618 1573 2659 vel
1596 2618 1738 2660 alium
1759 2620 1836 2659 aut
1856 2629 1914 2658 ex
1936 2618 2029 2658 toto

259 2695 504 2739 dimittere.
547 2695 601 2736 Et
629 2705 771 2746 super
796 2692 882 2734 hoc
908 2691 997 2733 fuit
1025 2690 1099 2732 die
1128 2689 1309 2732 sabbati
1336 2689 1415 2731 VI.
1443 2687 1718 2731 Novembris
1745 2699 1911 2741 magna
1937 2689 2030 2729 tur-

258 2767 405 2820 bacio,
432 2766 539 2819 quia
568 2778 652 2807 rex
677 2764 952 2806 turbabatur
976 2765 1023 2804 et
1049 2761 1117 2803 illi
1147 2761 1203 2802 de
1231 2759 1426 2802 concilio
1451 2759 1676 2801 nolebant
1700 2757 1933 2800 dimittere
1960 2756 2030 2800 illi

262 2838 363 2880 soli.
401 2837 503 2879 Fuit
530 2839 683 2878 autem
709 2835 798 2878 sibi
823 2833 1007 2886 dictum,
1033 2831 1157 2885 quod
1182 2831 1288 2874 illos
1313 2830 1496 2873 nobiles
1521 2830 1622 2883 ipse
1649 2827 1908 2882 deputaret.
1944 2828 2029 2880 Qui

262 2908 319 2951 de
344 2911 478 2950 nocte
506 2906 718 2960 cogitavit
745 2908 790 2947 et
817 2904 1032 2947 inductus
1056 2901 1192 2945 bonis
1220 2901 1427 2943 consiliis
1454 2899 1684 2943 dominica
1708 2899 1813 2942 VII.
1840 2899 2032 2941 Novem-

382 3060 413 3103 1)
443 3060 490 3094 Es
515 3059 646 3103 folyen
672 3058 736 3093 die
760 3059 920 3099 Numen,
947 3056 1020 3099 vyl.
1046 3056 1167 3090 Hardl
1194 3054 1260 3096 IV,
1291 3054 1380 3089 1473
1392 3053 1427 3097 †‚·
1456 3053 1583 3088 Mansa*
1609 3051 1769 3095 XXVII,
1796 3050 1926 3099 11691.
