2227 3434
852 165 942 200 1415
973 165 1075 199 Marz
1105 165 1157 199 11.
1804 167 1888 210 407

128 283 405 326 universalis
430 283 626 325 ecclesie
650 286 975 335 concernente,
999 295 1093 324 non
1116 283 1273 325 habita
1297 283 1676 325 consideracione
1703 284 1760 325 ad
1784 297 1893 337 qua-

128 354 301 396 litatem
324 366 526 407 persone
550 353 845 406 requirentis,
867 357 1053 396 tenetur
1075 366 1196 406 papa
1219 354 1304 395 sub
1325 366 1449 407 pena
1471 354 1647 407 peccati
1667 354 1892 396 mortalis,

125 423 222 475 Quo
253 437 376 477 casu,
409 437 465 466 eo
497 424 838 466 contradicente
873 425 945 465 vel
979 424 1087 477 plus
1117 424 1274 466 debito
1307 424 1568 478 protelante
1600 427 1752 478 potest
1783 424 1893 466 fieri

124 496 361 548 generalis
391 495 664 537 convocacio
693 495 876 536 concilii
906 508 992 548 per
1024 495 1234 537 dominos
1264 495 1543 548 cardinales,
1574 495 1819 550 episcopos
1847 498 1895 537 et

125 566 332 619 prelatos
358 566 538 608 concilii
565 567 750 609 vocales
774 566 996 619 precipue
1024 565 1289 619 valebitque
1317 569 1362 607 et
1388 566 1478 608 vim
1503 569 1549 608 et
1577 566 1895 610 auctoritatem

125 637 307 679 concilii
334 628 598 679 continebit.
638 637 952 689 Poteruntque
979 637 1043 679 sic
1069 637 1302 679 convocati
1330 636 1648 690 presidentem
1676 637 1723 678 in
1747 638 1895 679 conci-

127 708 189 750 lio
210 708 292 750 illo
313 709 489 761 eligere
512 708 652 750 alium
676 721 701 750 a
724 720 858 761 papa.
893 707 938 750 si
962 707 1086 749 enim
1107 708 1405 760 perlegamus
1427 707 1618 750 concilia
1639 707 1894 761 general-ia,

128 778 326 820 maxime
356 791 425 831 ea,
455 791 544 832 que
575 779 764 821 maioris
793 779 1075 821 auctoritatis
1105 778 1319 820 dicuntur
1348 778 1510 830 fuisse,
1542 791 1648 820 raro
1677 782 1754 821 aut
1781 791 1896 820 nun-

127 861 264 902 quam
289 849 579 903 reperiemus
602 862 770 903 papam
795 850 842 891 in
868 850 948 891 1110
971 849 1223 902 prefuisse,
1248 862 1333 891 nec
1357 862 1441 891 suo
1464 850 1565 891 loco
1587 849 1729 891 alium
1753 849 1895 903 depu-

126 924 264 974 tasse,
289 921 396 963 licet
420 920 702 963 extimentur
726 921 1085 962 convocaciones
1103 921 1289 962 illorum
1305 919 1604 962 conciliorum
1621 920 1779 973 sepius
1794 932 1896 962 auc-

126 992 308 1034 toritate
330 996 379 1034 *et
402 1004 633 1033 consensu
657 1004 778 1045 pape
804 991 950 1034 factas
974 991 1199 1034 extitisse.
1238 991 1305 1032 Ex
1329 991 1573 1044 premissis
1599 992 1699 1033 luce
1723 991 1897 1032 clarius

127 1063 399 1115 ostenditur,
423 1063 546 1116 quod
568 1063 857 1116 temporibus
882 1063 1136 1115 retroactis,
1153 1063 1230 1104 ubi
1248 1062 1306 1104 de
1322 1062 1421 1103 iure
1438 1065 1636 1115 papatus
1651 1062 1897 1104 contende-

131 1134 263 1176 batur
285 1146 370 1175 nec
392 1134 449 1176 ab
472 1134 668 1176 ecclesia
692 1134 911 1176 universa
935 1146 1054 1175 unus
1078 1134 1364 1176 indubitatus
1385 1146 1471 1186 pro
1493 1146 1614 1186 papa
1635 1133 1896 1184 tenebatur,

128 1206 274 1258 potuit
296 1209 340 1247 et
360 1205 519 1247 debuit
540 1206 663 1247 omni
686 1206 787 1247 iure
809 1205 978 1258 divino,
1001 1205 1202 1247 naturali
1224 1208 1269 1246 et
1289 1205 1487 1257 positivo
1509 1205 1629 1246 Pisis
1650 1217 1735 1257 per
1756 1204 1897 1246 domi-

128 1288 212 1319 nos
238 1275 502 1319 cardinales
528 1280 573 1318 et
598 1276 806 1329 prelatos
833 1277 1074 1329 utriusque
1102 1276 1376 1318 obediencie
1404 1275 1648 1317 concilium
1674 1275 1897 1329 generale

128 1348 369 1390 convocari
408 1347 661 1400 habuitque
701 1348 824 1389 vires
864 1351 908 1389 et
947 1348 1264 1389 auctoritatem
1302 1347 1538 1400 generalis
1576 1346 1755 1388 concilii
1795 1358 1898 1387 con-

127 1418 281 1460 cilium
316 1418 548 1461 Pisanum.
594 1419 683 1460 Nec
718 1431 819 1461 meo
853 1418 1020 1460 iudicio
1053 1418 1215 1460 aderat
1246 1417 1603 1460 conveniencior
1637 1429 1719 1460 seu
1748 1417 1898 1470 pos-si-

129 1489 265 1532 bilior
291 1489 456 1532 modus
482 1490 674 1531 uniendi
702 1489 946 1532 ecclesiam
976 1490 1021 1531 in
1048 1502 1158 1531 casu
1186 1489 1417 1542 premisso
1445 1489 1644 1530 maxime
1673 1487 1898 1530 cessionis

129 1561 388 1603 voluntarie
420 1561 539 1602 viam
575 1561 898 1603 recusantibus
930 1560 1043 1614 ipsis
1077 1595 1084 1602 .
1122 1595 1129 1602 .
1166 1595 1173 1602 .
1218 1560 1391 1601 Verum
1423 1559 1530 1612 quia
1563 1559 1706 1602 sacris
1737 1558 1899 1601 edoce-

129 1645 230 1674 mur
260 1631 420 1674 edictis
452 1636 497 1674 et
527 1632 820 1685 experientia
852 1645 1008 1673 rerum
1043 1630 1314 1673 instruimur
1345 1631 1563 1684 magistra
1594 1630 1808 1683 plenarie
1839 1630 1897 1671 de

129 1702 378 1746 effectibus
406 1707 451 1745 et
477 1703 878 1746 commoditatibus
908 1702 1104 1745 infinitis
1133 1702 1431 1744 conciliorum
1458 1701 1764 1755 generalium,
1795 1700 1899 1742 ideo

129 1774 187 1816 de
212 1774 642 1817 continuacionibus
670 1775 875 1827 ipsorum
902 1775 1098 1816 utilitate
1126 1777 1170 1815 et
1196 1774 1252 1814 de
1279 1773 1446 1825 fructu,
1473 1785 1641 1814 vanum
1668 1775 1713 1813 et
1739 1783 1899 1824 super-

131 1857 323 1887 vacuum
361 1845 462 1887 fore
502 1858 607 1887 reor
645 1845 877 1887 discutere
916 1857 1000 1898 per
1039 1844 1252 1897 amplius.
1303 1844 1399 1886 Non
1439 1844 1561 1885 enim
1600 1843 1763 1895 silebo,
1802 1880 1809 1886 .
1847 1876 1854 1884 .

130 1916 252 1969 quod
279 1916 441 1959 modus
469 1916 826 1958 conveniencior
853 1929 903 1958 ac
930 1916 1211 1958 commodior
1237 1918 1282 1956 et
1308 1914 1588 1956 fructuosior
1616 1927 1701 1967 pro
1728 1913 1898 1955 unione

129 1987 422 2040 procuranda
453 1987 767 2040 sedandisque
798 1987 1105 2039 scismatibus‚
1135 1986 1426 2039 extirpandis
1455 1986 1630 2027 cunctis
1659 1983 1900 2026 erroribus

130 2058 571 2112 reformationeque,
604 2071 832 2112 prospero
866 2062 910 2100 et
941 2058 1196 2110 tranquillo
1228 2057 1425 2099 ecclesie
1460 2059 1579 2099 statu
1611 2059 1656 2097 et
1689 2055 1824 2098 modo
1855 2058 1901 2096 et

132 2129 178 2170 in
197 2132 438 2183 posterum
465 2132 534 2171 est
558 2130 829 2171 continuare
855 2129 1047 2171 concilia
1071 2128 1311 2182 generalia
1337 2131 1381 2169 et
1404 2127 1574 2169 debitis
1599 2128 1698 2168 loco
1721 2129 1768 2168 et
1790 2129 1901 2168 tem-

130 2213 243 2253 pore
274 2203 436 2242 tenere
469 2235 476 2242 .
513 2235 520 2242 .
557 2235 565 2242 .
598 2201 687 2242 Per
718 2200 927 2253 predicta
957 2200 1068 2242 satis
1100 2203 1225 2252 patet
1256 2199 1490 2240 declarata
1521 2198 1663 2240 tercia
1693 2196 1902 2239 conside-

133 2272 269 2325 racio‚
290 2285 380 2325 que
400 2275 484 2324 est,
505 2273 669 2325 quales
688 2284 826 2314 cause
848 2271 939 2313 sint
960 2272 1004 2312 in
1024 2271 1327 2324 generalibus
1347 2270 1555 2311 conciliis
1575 2267 1900 2318 examinande,

131 2342 369 2385 tractande
395 2345 441 2385 et
464 2342 771 2384 terminande.
808 2342 920 2385 'Nam
948 2341 1133 2384 sedacio
1157 2341 1384 2383 scismatis
1410 2339 1772 2393 procuracioque
1797 2351 1901 2392 per-

131 2413 250 2457 fecte
277 2413 465 2456 unionis
494 2417 539 2456 et
567 2414 850 2456 universalis
880 2413 1120 2455 militantis
1149 2412 1346 2454 ecclesie
1377 2423 1570 2464 corpore
1602 2410 1780 2452 mistico
1809 2421 1900 2452 om-

132 2485 271 2528 nibus
300 2485 385 2528 viis
412 2488 456 2526 et
485 2484 632 2527 modis
660 2484 883 2537 honestis,
912 2483 1273 2526 racionabilibus
1301 2486 1346 2524 et
1373 2481 1580 2524 iuridicis
1605 2479 1899 2534 procuranda

132 2559 202 2599 est
234 2556 279 2598 in
310 2568 379 2598 eo.
425 2556 494 2598 Ad
526 2555 876 2598 denotacionem
909 2554 1030 2597 enim
1065 2554 1255 2596 unitatis
1287 2553 1469 2595 dicebat
1500 2552 1751 2605 apostolus,
1785 2551 1901 2592 sicut

133 2626 179 2668 in
208 2627 358 2680 prima
391 2626 768 2669 consideracione
804 2626 939 2669 latius
972 2625 1217 2667 deductum
1250 2628 1334 2676 est,
1366 2636 1508 2665 unum
1541 2635 1707 2676 corpus
1739 2633 1900 2663 omnes

133 2696 302 2740 fideles
336 2709 441 2740 esse
476 2698 521 2739 in
556 2697 738 2740 Christo
775 2731 782 2737 .
819 2731 826 2738 .
863 2731 870 2738 .
918 2697 1145 2749 Denique,
1178 2694 1456 2748 extirvpande
1491 2697 1596 2735 sunt
1628 2693 1823 2734 hereses
1856 2693 1900 2733 et

134 2781 159 2810 a
181 2768 278 2811 fide
301 2771 426 2811 recta
448 2768 689 2810 deviantes
713 2768 771 2811 ad
793 2768 1003 2810 veritatis
1024 2766 1144 2809 viam
1167 2769 1273 2809 sunt
1295 2764 1563 2808 reducendi.
1599 2764 1794 2816 Propter
1815 2762 1899 2804 hoc

134 2839 257 2881 enim
282 2839 519 2881 celebrata
542 2842 647 2881 sunt
671 2842 866 2892 quatuor
889 2837 1081 2880 concilia
1106 2837 1346 2891 generalia
1372 2839 1415 2877 et
1441 2835 1546 2886 alia,
1571 2835 1627 2875 de
1652 2833 1821 2886 quibus
1845 2831 1900 2873 fit

135 2922 276 2963 supra
302 2910 494 2953 mencio.
536 2909 606 2951 Ad
634 2909 694 2962 id,
721 2909 844 2962 quod
872 2909 928 2950 de
958 2907 1225 2950 reductione
1255 2907 1421 2948 dicitur
1448 2904 1637 2958 proprie
1665 2903 1774 2945 facit
1800 2914 1898 2954 cap.

135 2980 518 3023 convenientibus
546 2980 601 3022 ΙΙ.
627 2993 668 3032 q.
693 2980 782 3021 VII
808 2983 852 3021 et
876 2979 997 3032 quod
1023 2981 1207 3020 notatur
1232 2977 1276 3018 in
1303 2989 1400 3029 cap.
1427 2976 1484 3017 de
1509 2974 1725 3016 hereticis
1751 2974 1796 3014 li.
1821 2972 1898 3013 VI.

137 3051 226 3092 Per
247 3051 331 3093 hoc
354 3051 642 3093 concluditur
667 3049 999 3092 intendendum
1024 3061 1130 3091 esse
1154 3049 1272 3090 circa
1299 3047 1551 3089 Grecorum
1577 3044 1898 3086 reduccionem
