2227 3434
526 185 563 220 B.
605 184 683 220 Der
708 185 807 220 liber
831 187 1023 228 gestorum
1051 184 1120 218 des
1147 183 1388 218 Cerretanus.
1757 184 1841 226 343

78 302 295 345 dandum.
339 302 467 354 Quod
498 303 614 345 alias
646 302 914 355 probamus:
960 314 1066 344 nam
1089 301 1310 354 ‚prefatus
1342 300 1382 343 d.
1415 304 1574 342 noster
1605 313 1689 341 rex
1720 300 1843 343 misit

78 373 329 416 novissime
353 377 561 415 oratores
586 386 694 415 suos
721 373 954 414 solemnes
979 372 1036 414 ad
1061 384 1217 425 regem
1242 376 1286 413 et
1312 383 1504 424 regnum
1531 371 1733 413 Castelle
1758 384 1843 423 pro

77 443 332 486 directione
377 444 514 487 huius
556 443 845 485 sanctissime
889 443 1075 485 unionis
1117 446 1164 484 et
1206 455 1291 495 pro
1333 455 1390 484 ea
1433 441 1741 494 procuranda,
1786 453 1845 483 ex

78 526 168 567 qua
196 515 418 557 missione
446 526 531 556 seu
557 514 679 556 facto
709 513 942 555 missionis
972 514 1195 566 probatur
1224 513 1438 555 voluntas
1467 513 1640 565 optima
1668 511 1726 554 ad
1754 511 1846 553 fac-

77 588 190 638 tum;
218 585 340 628 facto
363 585 487 627 enim
514 584 647 627 datur
673 584 898 628 voluntas.
940 584 993 626 Et
1018 584 1101 625 hoc
1127 584 1183 625 de
1210 584 1360 637 prima
1384 583 1681 636 peroratione
1707 582 1844 624 huius

78 659 235 698 sancte
262 656 506 709 legationis
532 658 703 698 nostre.
742 655 892 696 Venio
917 654 975 696 ad
1002 654 1251 696 secundam
1277 658 1323 696 et
1349 655 1539 695 multum
1566 653 1785 695 breviter.

195 726 406 769 Secunda
432 727 579 769 nostri
607 725 894 768 serenissimi
923 726 1047 778 regis
1074 725 1309 778 peroratio
1338 725 1534 766 relativa
1559 724 1689 777 ponit
1715 736 1846 777 argu-

30 791 40 793 *
78 800 283 839 mentum
308 798 397 840 iam
423 797 650 839 notorium
677 801 722 839 et
747 809 907 838 verum
933 795 1284 848 completorium
1309 808 1394 848 pro
1418 797 1635 848 exoptata
1659 794 1844 836 unione.

78 868 222 920 Quam
246 868 411 921 probat
435 880 624 910 concors
649 868 862 909 voluntas
886 866 1059 908 effecta
1082 869 1127 908 et
1151 867 1197 907 in
1221 866 1352 907 nullo
1376 866 1465 908 iam
1491 865 1686 918 defecta,
1710 878 1847 919 prop-

79 942 150 980 ter
173 951 310 991 quam
333 938 507 981 fuimus
532 939 676 991 missi,
701 938 808 990 quia
833 937 960 980 dedit
983 938 1025 978 ei
1050 950 1126 978 cor
1152 949 1306 978 unum.
1345 936 1458 978 Cum
1483 937 1607 978 enim
1630 949 1715 989 per
1739 948 1847 989 qua-

79 1009 292 1062 draginta
313 1008 416 1051 fere
439 1021 665 1051 annorum
689 1008 916 1050 curricula
938 1021 1023 1050 nos
1047 1007 1396 1050 Celtiberenses
1418 1007 1646 1049 fuerimus
1669 1020 1694 1049 a
1715 1006 1846 1048 vobis

79 1079 357 1133 quandoque
380 1079 608 1132 omnibus,
630 1079 908 1133 quandoque
932 1092 957 1121 a
979 1081 1184 1120 vestrum
1208 1077 1441 1131 aliquibus
1463 1078 1600 1120 corde
1623 1081 1668 1119 et
1690 1090 1847 1131 opere,

78 1150 222 1203 proch
253 1149 399 1203 dolor,
429 1150 669 1203 condivisi‚
702 1150 835 1192 modo
867 1149 1155 1191 exsultamus
1187 1150 1476 1192 exsultantes
1508 1152 1552 1190 et
1585 1149 1631 1190 in
1662 1149 1848 1190 domino

79 1221 466 1274 congaudeamus,
497 1221 604 1274 quia
632 1221 896 1263 habitamus
927 1220 1061 1263 simul
1093 1220 1329 1261 vobiscum
1359 1224 1417 1271 et,
1447 1223 1496 1262 ut
1526 1220 1582 1261 de
1613 1219 1849 1261 Abraham

78 1295 125 1334 et
150 1292 318 1335 Ismael
340 1293 523 1345 legitur,
545 1291 932 1345 congregabimur
955 1295 1001 1333 et
1023 1303 1313 1344 apponemur
1328 1290 1388 1332 ad
1402 1291 1625 1344 populum
1640 1292 1849 1332 nostrum

83 1363 220 1417 (Gen.
266 1363 431 1417 XXV).
489 1363 715 1405 Venimus
760 1363 884 1404 enim
931 1362 1166 1404 vobiscum
1213 1361 1334 1402 uniri
1379 1361 1607 1414 tripharia
1653 1361 1847 1403 unitate:

81 1433 230 1487 prima
257 1434 427 1477 amoris
453 1437 497 1476 et
524 1433 781 1486 concordie,
810 1433 1013 1476 secunda
1040 1432 1249 1475 veritatis
1276 1436 1320 1473 et
1348 1431 1541 1484 iusticie,
1569 1432 1704 1474 tertia
1731 1431 1852 1484 capi-

80 1505 138 1549 tis
165 1508 210 1548 et
235 1505 448 1558 ecclesie,
474 1508 524 1547 ut
550 1505 634 1547 hac
661 1505 783 1546 trina
812 1504 917 1546 freti
949 1504 1123 1545 unitate
1152 1503 1348 1545 dulciter
1376 1502 1692 1545 decantemus:
1736 1502 1850 1544 Ecce

81 1589 218 1629 quam
253 1576 425 1619 bonum
460 1579 505 1618 et
539 1588 676 1628 quam
713 1575 961 1617 iucundum
1000 1609 1007 1616 .
1044 1609 1051 1616 .
1088 1609 1096 1616 .
1132 1573 1343 1616 habitare
1379 1574 1552 1616 fratres
1587 1577 1678 1616 tam
1714 1572 1852 1618 unius

80 1646 346 1689 obedientie
377 1660 514 1700 quam
546 1647 740 1689 alterius
772 1647 818 1688 in
847 1659 986 1687 unum
1022 1646 1213 1699 (Psalm.
1246 1644 1497 1698 CXXXII).

200 1718 354 1761 Prima
378 1718 516 1772 igitur
538 1718 691 1760 unitas
717 1721 760 1759 et
785 1730 861 1759 cor
888 1729 1028 1758 unum
1051 1716 1185 1758 nobis
1211 1716 1366 1758 datum
1392 1719 1462 1758 est
1485 1714 1655 1757 amoris
1681 1718 1726 1757 et
1747 1727 1851 1757 con-

80 1788 250 1843 cordie,
281 1789 404 1843 quod
433 1788 748 1831 intimavimus
780 1789 824 1829 in
857 1788 1070 1830 Narbona
1101 1790 1145 1828 et
1176 1800 1297 1828 nunc
1328 1787 1540 1829 venimus
1571 1786 1629 1828 ad
1660 1785 1852 1828 realiter

78 1860 466 1902 concludendum:
509 1872 646 1913 quam
677 1860 897 1901 unitatem
926 1859 1213 1912 Augustinus
1241 1858 1472 1911 depromit
1503 1857 1633 1911 (XIX
1661 1857 1718 1899 de
1747 1856 1852 1898 civi-

80 1934 171 1974 tate
205 1931 334 1985 Dei):
386 1931 435 1972 In
470 1931 624 1983 rebus,
658 1930 819 1982 inquit,
852 1930 1019 1972 creatis
1051 1930 1226 1971 unitate
1260 1928 1503 1971 concordie
1537 1927 1755 1971 cordialis
1786 1927 1848 1968 nil

80 2002 330 2054 gratiosius
355 2002 474 2044 solet
498 2001 664 2053 audiri,
690 2001 754 2042 nil
780 2000 1103 2042 delectabilius
1129 2000 1405 2053 concupisci,
1431 2000 1496 2040 nil
1523 1998 1682 2041 utilius
1706 1998 1852 2052 possi·
1876 2021 1879 2023 >

82 2072 200 2125 deri;
232 2085 339 2115 nam
371 2073 486 2115 sicut
518 2072 709 2125 spiritus
741 2072 971 2113 humanus
1002 2083 1240 2124 nunquam
1272 2070 1477 2112 vivificat
1506 2071 1731 2122 membra,
1761 2069 1851 2111 nisi

83 2143 258 2186 fuerint
282 2144 329 2185 in
352 2156 494 2185 unum
519 2155 687 2196 corpus
712 2143 852 2195 unita,
877 2142 939 2184 sic
964 2142 1153 2195 spiritus
1178 2145 1362 2184 sanctus
1387 2153 1623 2194 nunquam
1647 2139 1852 2182 vivificat

82 2214 396 2257 ecclesiastica
431 2214 653 2267 membra,
686 2213 775 2256 nisi
809 2213 986 2255 fuerint
1020 2214 1065 2254 in
1100 2212 1274 2254 unitate
1309 2225 1391 2255 seu
1426 2224 1537 2265 pace
1573 2211 1685 2253 fidei
1720 2210 1852 2264 gluti-

83 2287 223 2328 nata.
259 2318 268 2327 .
303 2319 311 2327 .

200 2356 360 2399 Pateat
385 2355 634 2409 universis,
663 2356 786 2408 quod
813 2368 898 2397 nos
927 2354 1152 2397 Alfonsus
1182 2389 1190 2396 .
1227 2388 1234 2396 .
1271 2389 1278 2396 .
1321 2353 1509 2407 Signum
1540 2352 1724 2395 Alfonsi
1754 2387 1762 2395 .
1799 2386 1806 2393 .

84 2427 246 2470 Testes
282 2430 402 2480 sunt,
438 2427 516 2480 qui
553 2427 610 2469 ad
647 2426 854 2479 predicta
890 2428 1136 2480 presentes
1172 2425 1364 2479 fuerunt
1401 2459 1409 2467 .
1446 2459 1453 2466 .
1490 2459 1498 2466 .
1534 2423 1723 2478 Signum
1762 2424 1850 2465 mei

84 2497 215 2540 Pauli
243 2497 430 2551 Nicolai‚
461 2497 569 2539 dicti
598 2497 639 2540 d.
671 2497 793 2550 regis
823 2497 1078 2549 secretarii,
1109 2495 1353 2538 autoritate
1384 2495 1511 2549 regia
1541 2495 1710 2537 notarii
1739 2495 1852 2548 pub-

86 2567 173 2620 lici,
203 2581 287 2622 per
315 2571 454 2611 totam
485 2571 657 2610 terram
687 2572 732 2610 et
762 2567 990 2610 dicionem
1022 2579 1166 2619 suam,
1198 2567 1274 2619 qui
1306 2566 1526 2619 predictis
1557 2564 1748 2607 interfui
1778 2578 1852 2607 ea-

84 2650 173 2690 que
200 2638 257 2681 de
277 2638 430 2691 ipsius
455 2639 673 2681 mandato
697 2638 835 2681 scribi
861 2638 950 2680 feci
977 2642 1022 2680 et
1045 2638 1245 2691 clausi.¹)

204 2708 286 2752 Die
329 2709 546 2751 mercurii
588 2709 707 2752 XVI.
752 2710 925 2751 mensis
967 2708 1256 2761 Septembris
1297 2711 1507 2750 oratores
1548 2706 1851 2759 suprascripti

86 2779 492 2823 serenissimorum
515 2780 776 2834 principum
799 2780 840 2822 d.
863 2780 1023 2822 Jacobi
1049 2780 1172 2832 regis
1195 2782 1241 2820 et
1263 2778 1476 2820 Johanne
1501 2777 1660 2830 regine
1685 2777 1730 2817 in
1754 2777 1852 2818 loco

87 2850 272 2902 publico
297 2851 522 2894 sessionis
548 2850 805 2893 astantibus
831 2850 1046 2893 omnibus
1073 2849 1191 2892 sacri
1217 2849 1397 2891 concilii
1427 2847 1636 2901 patribus
1663 2846 1852 2889 audien-

204 2966 234 3009 ¹)
263 2966 570 3002 Procnratorc‘um
595 2967 743 3010 AIfons,
770 2966 888 3001 Hardt
915 2966 980 3007 ll',
1005 2966 1185 3008 657—62;
1214 2965 1338 2999 Mansi
1364 2963 1523 3005 XXVII,
1546 2963 1718 2998 926-29.
1767 2961 1851 2995 torn

88 3024 406 3067 diplomatis-chen
443 3025 682 3069 Slandlmnkl
718 3035 786 3059 aus
824 3025 869 3059 ist
904 3024 967 3059 (lie
1001 3023 1202 3067 feierliclze
1238 3022 1487 3063 Ans-stellaria
1522 3022 1588 3055 mil
1625 3021 1750 3063 Sieqel
1785 3020 1853 3053 des

87 3079 231 3125 Kb‘m‘ys
256 3083 333 3117 und
361 3083 488 3117 seinos
516 3082 725 3117 seh-renim.
752 3083 808 3117 als
838 3082 1006 3116 nolarc'us
1032 3081 1208 3125 publicus
1234 3091 1275 3115 ,ῆι
1308 3079 1509 3114 beachten!
