<?xml version="1.0" encoding="UTF-8"?>
<!DOCTYPE html PUBLIC "-//W3C//DTD XHTML 1.0 Transitional//EN"
    "http://www.w3.org/TR/xhtml1/DTD/xhtml1-transitional.dtd">
<html xmlns="http://www.w3.org/1999/xhtml" xml:lang="en" lang="en">
 <head>
  <title>
</title>
<meta http-equiv="Content-Type" content="text/html;charset=utf-8" />
  <meta name='ocr-system' content='tesseract 3.04.00' />
  <meta name='ocr-capabilities' content='ocr_page ocr_carea ocr_par ocr_line ocrx_word'/>
</head>
<body>
  <div class='ocr_page' id='page_1' title='image "./actaconciliicons02counuoft/actaconciliicons02counuoft_0626.png"; bbox 0 0 2102 3444; ppageno 0'>
   <div class='ocr_carea' id='block_1_1' title="bbox 331 130 1661 187">
    <p class='ocr_par' dir='ltr' id='par_1_1' title="bbox 331 130 1661 187">
     <span class='ocr_line' id='line_1_1' title="bbox 331 130 1661 187; baseline -0.008 -11"><span class='ocrx_word' id='word_1_1' title='bbox 331 143 416 187; x_wconf 84' lang='lat'>612</span> <span class='ocrx_word' id='word_1_2' title='bbox 768 138 833 172; x_wconf 86' lang='lat' dir='ltr'>III.</span> <span class='ocrx_word' id='word_1_3' title='bbox 867 135 1075 171; x_wconf 75' lang='lat' dir='ltr'>Abschnitt.</span> <span class='ocrx_word' id='word_1_4' title='bbox 1121 134 1271 168; x_wconf 77' lang='lat' dir='ltr'>Reform</span> <span class='ocrx_word' id='word_1_5' title='bbox 1304 133 1382 167; x_wconf 86' lang='lat' dir='ltr'>und</span> <span class='ocrx_word' id='word_1_6' title='bbox 1414 130 1661 176; x_wconf 77' lang='lat' dir='ltr'>Vei-fassung.</span> 
     </span>
    </p>
   </div>
   <div class='ocr_carea' id='block_1_2' title="bbox 333 247 2102 2922">
    <p class='ocr_par' dir='ltr' id='par_1_2' title="bbox 333 247 2102 802">
     <span class='ocr_line' id='line_1_2' title="bbox 334 247 2101 312; baseline -0.007 -9"><span class='ocrx_word' id='word_1_7' title='bbox 334 261 415 302; x_wconf 85' lang='lat' dir='ltr'>Ad</span> <span class='ocrx_word' id='word_1_8' title='bbox 468 258 625 312; x_wconf 88' lang='lat' dir='ltr'>quod</span> <span class='ocrx_word' id='word_1_9' title='bbox 677 268 883 299; x_wconf 89' lang='lat' dir='ltr'>omnes</span> <span class='ocrx_word' id='word_1_10' title='bbox 936 253 1174 306; x_wconf 91' lang='lat' dir='ltr'>prelati</span> <span class='ocrx_word' id='word_1_11' title='bbox 1228 254 1285 293; x_wconf 90' lang='lat' dir='ltr'>et</span> <span class='ocrx_word' id='word_1_12' title='bbox 1339 250 1567 303; x_wconf 88' lang='lat' dir='ltr'>ceteri,</span> <span class='ocrx_word' id='word_1_13' title='bbox 1620 248 1722 303; x_wconf 89' lang='lat' dir='ltr'>qui</span> <span class='ocrx_word' id='word_1_14' title='bbox 1774 248 1846 291; x_wconf 91' lang='lat' dir='ltr'>ad</span> <span class='ocrx_word' id='word_1_15' title='bbox 1895 247 2101 291; x_wconf 91' lang='lat' dir='ltr'>conci-</span> 
     </span>
     <span class='ocr_line' id='line_1_3' title="bbox 336 320 2102 375; baseline -0.006 -2"><span class='ocrx_word' id='word_1_16' title='bbox 336 332 481 373; x_wconf 91' lang='lat' dir='ltr'>lium</span> <span class='ocrx_word' id='word_1_17' title='bbox 518 330 607 370; x_wconf 88' lang='lat' dir='ltr'>ire</span> <span class='ocrx_word' id='word_1_18' title='bbox 644 329 941 369; x_wconf 81' lang='lat' dir='ltr'>tenentur</span> <span class='ocrx_word' id='word_1_19' title='bbox 977 325 1086 366; x_wconf 89' lang='lat' dir='ltr'>sub</span> <span class='ocrx_word' id='word_1_20' title='bbox 1121 321 1303 375; x_wconf 91' lang='lat' dir='ltr'>penis</span> <span class='ocrx_word' id='word_1_21' title='bbox 1341 322 1502 363; x_wconf 90' lang='lat' dir='ltr'>iuris</span> <span class='ocrx_word' id='word_1_22' title='bbox 1538 323 1595 362; x_wconf 88' lang='lat' dir='ltr'>et</span> <span class='ocrx_word' id='word_1_23' title='bbox 1630 320 1784 363; x_wconf 88' lang='lat' dir='ltr'>aliis</span> <span class='ocrx_word' id='word_1_24' title='bbox 1818 331 1928 373; x_wconf 88' lang='lat' dir='ltr'>per</span> <span class='ocrx_word' id='word_1_25' title='bbox 1960 331 2102 362; x_wconf 89' lang='lat' dir='ltr'>con-</span> 
     </span>
     <span class='ocr_line' id='line_1_4' title="bbox 333 390 2102 450; baseline -0.006 -7"><span class='ocrx_word' id='word_1_26' title='bbox 333 401 545 443; x_wconf 80' lang='lat' dir='ltr'>cilium</span> <span class='ocrx_word' id='word_1_27' title='bbox 598 395 997 450; x_wconf 78' lang='lat' dir='ltr'>imponendis</span> <span class='ocrx_word' id='word_1_28' title='bbox 1049 394 1284 446; x_wconf 80' lang='lat' dir='ltr'>absque</span> <span class='ocrx_word' id='word_1_29' title='bbox 1337 391 1464 434; x_wconf 91' lang='lat' dir='ltr'>alia</span> <span class='ocrx_word' id='word_1_30' title='bbox 1514 390 1908 446; x_wconf 71' lang='lat' dir='ltr'>vocacione⁸)</span> <span class='ocrx_word' id='word_1_31' title='bbox 1961 401 2102 433; x_wconf 90' lang='lat' dir='ltr'>con-</span> 
     </span>
     <span class='ocr_line' id='line_1_5' title="bbox 335 462 2101 517; baseline -0.006 -4"><span class='ocrx_word' id='word_1_32' title='bbox 335 471 590 513; x_wconf 65' lang='lat' dir='ltr'>veniant.</span> <span class='ocrx_word' id='word_1_33' title='bbox 663 469 774 509; x_wconf 79' lang='lat' dir='ltr'>Nec</span> <span class='ocrx_word' id='word_1_34' title='bbox 833 478 946 507; x_wconf 89' lang='lat' dir='ltr'>non</span> <span class='ocrx_word' id='word_1_35' title='bbox 1008 464 1354 517; x_wconf 87' lang='lat' dir='ltr'>imperator</span> <span class='ocrx_word' id='word_1_36' title='bbox 1412 462 1743 515; x_wconf 89' lang='lat' dir='ltr'>ceterique</span> <span class='ocrx_word' id='word_1_37' title='bbox 1802 472 1987 514; x_wconf 82' lang='lat' dir='ltr'>reges</span> <span class='ocrx_word' id='word_1_38' title='bbox 2042 463 2101 503; x_wconf 87' lang='lat' dir='ltr'>et</span> 
     </span>
     <span class='ocr_line' id='line_1_6' title="bbox 335 531 2101 594; baseline -0.005 -12"><span class='ocrx_word' id='word_1_39' title='bbox 335 541 661 594; x_wconf 69' lang='lat' dir='ltr'>principes</span> <span class='ocrx_word' id='word_1_40' title='bbox 725 538 820 578; x_wconf 78' lang='lat' dir='ltr'>vel</span> <span class='ocrx_word' id='word_1_41' title='bbox 886 533 1327 588; x_wconf 76' lang='lat' dir='ltr'>personaliter</span> <span class='ocrx_word' id='word_1_42' title='bbox 1391 531 1544 586; x_wconf 78' lang='lat' dir='ltr'>aut&#39;·)</span> <span class='ocrx_word' id='word_1_43' title='bbox 1610 544 1720 585; x_wconf 88' lang='lat' dir='ltr'>per</span> <span class='ocrx_word' id='word_1_44' title='bbox 1783 532 2101 574; x_wconf 82' lang='lat' dir='ltr'>solemnes</span> 
     </span>
     <span class='ocr_line' id='line_1_7' title="bbox 335 601 2102 659; baseline -0.005 -6"><span class='ocrx_word' id='word_1_45' title='bbox 335 612 596 653; x_wconf 72' lang='lat' dir='ltr'>nuncios</span> <span class='ocrx_word' id='word_1_46' title='bbox 646 612 946 659; x_wconf 77' lang='lat' dir='ltr'>tamquam</span> <span class='ocrx_word' id='word_1_47' title='bbox 1008 605 1076 646; x_wconf 88' lang='lat' dir='ltr'>ad</span> <span class='ocrx_word' id='word_1_48' title='bbox 1126 616 1437 645; x_wconf 77' lang='lat' dir='ltr'>commune</span> <span class='ocrx_word' id='word_1_49' title='bbox 1491 602 1847 644; x_wconf 84' lang='lat' dir='ltr'>incendium</span> <span class='ocrx_word' id='word_1_50' title='bbox 1893 601 2102 645; x_wconf 85' lang='lat' dir='ltr'>extin-</span> 
     </span>
     <span class='ocr_line' id='line_1_8' title="bbox 335 672 2102 734; baseline -0.005 -12"><span class='ocrx_word' id='word_1_51' title='bbox 335 681 637 734; x_wconf 77' lang='lat' dir='ltr'>quendum</span> <span class='ocrx_word' id='word_1_52' title='bbox 670 677 1055 731; x_wconf 75' lang='lat' dir='ltr'>perviscera</span> <span class='ocrx_word' id='word_1_53' title='bbox 1087 675 1589 728; x_wconf 65' lang='lat' dir='ltr'>misericordie*·)</span> <span class='ocrx_word' id='word_1_54' title='bbox 1623 674 1817 716; x_wconf 80' lang='lat' dir='ltr'>Jliesu</span> <span class='ocrx_word' id='word_1_55' title='bbox 1859 672 2102 717; x_wconf 85' lang='lat' dir='ltr'>Christi</span> 
     </span>
     <span class='ocr_line' id='line_1_9' title="bbox 335 747 1906 802; baseline -0.007 -9"><span class='ocrx_word' id='word_1_56' title='bbox 335 766 402 793; x_wconf 75' lang='lat' dir='ltr'>ex</span> <span class='ocrx_word' id='word_1_57' title='bbox 448 764 601 792; x_wconf 75' lang='lat' dir='ltr'>nuuc</span> <span class='ocrx_word' id='word_1_58' title='bbox 645 747 1022 802; x_wconf 79' lang='lat' dir='ltr'>exliortati&#39;¹)</span> <span class='ocrx_word' id='word_1_59' title='bbox 1069 748 1461 789; x_wconf 72' lang='lat' dir='ltr'>concurrant,</span> <span class='ocrx_word' id='word_1_60' title='bbox 1875 773 1906 782; x_wconf 22' lang='grc' dir='ltr'>,Δ</span> 
     </span>
    </p>

    <p class='ocr_par' dir='ltr' id='par_1_3' title="bbox 334 813 2102 2708">
     <span class='ocr_line' id='line_1_10' title="bbox 453 813 2102 873; baseline -0.004 -10"><span class='ocrx_word' id='word_1_61' title='bbox 453 823 515 863; x_wconf 79' lang='lat' dir='ltr'>Et</span> <span class='ocrx_word' id='word_1_62' title='bbox 564 820 838 873; x_wconf 83' lang='lat' dir='ltr'>quilibet</span> <span class='ocrx_word' id='word_1_63' title='bbox 888 818 1162 870; x_wconf 86' lang='lat' dir='ltr'>ipsorum</span> <span class='ocrx_word' id='word_1_64' title='bbox 1210 829 1318 868; x_wconf 87' lang='lat' dir='ltr'>pro</span> <span class='ocrx_word' id='word_1_65' title='bbox 1366 816 1631 857; x_wconf 81' lang='lat' dir='ltr'>Romano</span> <span class='ocrx_word' id='word_1_66' title='bbox 1676 813 1992 868; x_wconf 81' lang='lat' dir='ltr'>pontifice</span> <span class='ocrx_word' id='word_1_67' title='bbox 2039 825 2102 856; x_wconf 86' lang='lat' dir='ltr'>se</span> 
     </span>
     <span class='ocr_line' id='line_1_11' title="bbox 334 885 2102 945; baseline -0.004 -12"><span class='ocrx_word' id='word_1_68' title='bbox 334 891 691 945; x_wconf 78' lang='lat' dir='ltr'>geroncium</span> <span class='ocrx_word' id='word_1_69' title='bbox 753 889 922 930; x_wconf 79' lang='lat' dir='ltr'>infra</span> <span class='ocrx_word' id='word_1_70' title='bbox 984 899 1250 928; x_wconf 80' lang='lat' dir='ltr'>mensem</span> <span class='ocrx_word' id='word_1_71' title='bbox 1313 900 1338 928; x_wconf 91' lang='lat' dir='ltr'>a</span> <span class='ocrx_word' id='word_1_72' title='bbox 1400 886 1524 938; x_wconf 85' lang='lat' dir='ltr'>die,</span> <span class='ocrx_word' id='word_1_73' title='bbox 1586 898 1699 938; x_wconf 89' lang='lat' dir='ltr'>qua</span> <span class='ocrx_word' id='word_1_74' title='bbox 1760 885 2102 927; x_wconf 86' lang='lat' dir='ltr'>scienciam</span> 
     </span>
     <span class='ocr_line' id='line_1_12' title="bbox 336 957 2102 1014; baseline -0.004 -9"><span class='ocrx_word' id='word_1_75' title='bbox 336 964 566 1005; x_wconf 84' lang='lat' dir='ltr'>babere</span> <span class='ocrx_word' id='word_1_76' title='bbox 612 961 814 1014; x_wconf 80' lang='lat' dir='ltr'>potuit</span> <span class='ocrx_word' id='word_1_77' title='bbox 859 960 1046 1000; x_wconf 86' lang='lat' dir='ltr'>alium</span> <span class='ocrx_word' id='word_1_78' title='bbox 1091 959 1186 998; x_wconf 76' lang='lat' dir='ltr'>vel</span> <span class='ocrx_word' id='word_1_79' title='bbox 1234 957 1398 1008; x_wconf 78' lang='lat' dir='ltr'>alios</span> <span class='ocrx_word' id='word_1_80' title='bbox 1442 957 1873 1009; x_wconf 78' lang='lat' dir='ltr'>assumpsisse</span> <span class='ocrx_word' id='word_1_81' title='bbox 1915 967 2102 1010; x_wconf 84' lang='lat' dir='ltr'>papa-</span> 
     </span>
     <span class='ocr_line' id='line_1_13' title="bbox 336 1027 2102 1085; baseline -0.004 -10"><span class='ocrx_word' id='word_1_82' title='bbox 336 1038 429 1075; x_wconf 71' lang='lat' dir='ltr'>tus</span> <span class='ocrx_word' id='word_1_83' title='bbox 481 1032 783 1085; x_wconf 73' lang='lat' dir='ltr'>insignia,</span> <span class='ocrx_word' id='word_1_84' title='bbox 833 1031 926 1071; x_wconf 75' lang='lat' dir='ltr'>vel</span> <span class='ocrx_word' id='word_1_85' title='bbox 978 1030 1035 1070; x_wconf 91' lang='lat' dir='ltr'>in</span> <span class='ocrx_word' id='word_1_86' title='bbox 1084 1031 1314 1081; x_wconf 84' lang='lat' dir='ltr'>papatu</span> <span class='ocrx_word' id='word_1_87' title='bbox 1363 1027 1883 1080; x_wconf 74' lang='lat' dir='ltr'>administrasse,</span> <span class='ocrx_word' id='word_1_88' title='bbox 1930 1029 2102 1069; x_wconf 86' lang='lat' dir='ltr'>tene-</span> 
     </span>
     <span class='ocr_line' id='line_1_14' title="bbox 337 1097 2102 1151; baseline -0.005 -5"><span class='ocrx_word' id='word_1_89' title='bbox 337 1109 472 1146; x_wconf 81' lang='lat' dir='ltr'>atur</span> <span class='ocrx_word' id='word_1_90' title='bbox 535 1104 642 1144; x_wconf 83' lang='lat' dir='ltr'>sub</span> <span class='ocrx_word' id='word_1_91' title='bbox 708 1100 1242 1142; x_wconf 70' lang='lat' dir='ltr'>interminacione</span> <span class='ocrx_word' id='word_1_92' title='bbox 1308 1097 1794 1141; x_wconf 75' lang='lat' dir='ltr'>malediccionis</span> <span class='ocrx_word' id='word_1_93' title='bbox 1856 1100 2102 1151; x_wconf 76' lang='lat' dir='ltr'>eterne,</span> 
     </span>
     <span class='ocr_line' id='line_1_15' title="bbox 337 1168 2102 1223; baseline -0.002 -8"><span class='ocrx_word' id='word_1_94' title='bbox 337 1174 678 1216; x_wconf 64' lang='lat' dir='ltr'>amissione</span> <span class='ocrx_word' id='word_1_95' title='bbox 716 1172 901 1223; x_wconf 80' lang='lat' dir='ltr'>iuris,</span> <span class='ocrx_word' id='word_1_96' title='bbox 939 1172 987 1211; x_wconf 77' lang='lat' dir='ltr'>si</span> <span class='ocrx_word' id='word_1_97' title='bbox 1025 1170 1181 1222; x_wconf 74' lang='lat' dir='ltr'>quod</span> <span class='ocrx_word' id='word_1_98' title='bbox 1218 1170 1385 1211; x_wconf 72' lang='lat' dir='ltr'>forte</span> <span class='ocrx_word' id='word_1_99' title='bbox 1424 1169 1547 1210; x_wconf 85' lang='lat' dir='ltr'>sibi</span> <span class='ocrx_word' id='word_1_100' title='bbox 1583 1168 1896 1222; x_wconf 89' lang='lat' dir='ltr'>quesitum</span> <span class='ocrx_word' id='word_1_101' title='bbox 1932 1169 2102 1211; x_wconf 80' lang='lat' dir='ltr'>esset</span> 
     </span>
     <span class='ocr_line' id='line_1_16' title="bbox 338 1238 2102 1297; baseline -0.003 -11"><span class='ocrx_word' id='word_1_102' title='bbox 338 1244 391 1286; x_wconf 88' lang='lat' dir='ltr'>in</span> <span class='ocrx_word' id='word_1_103' title='bbox 440 1247 692 1297; x_wconf 53' lang='lat' dir='ltr'>papatu³</span> <span class='ocrx_word' id='word_1_104' title='bbox 739 1254 909 1295; x_wconf 79' lang='lat' dir='ltr'>quam</span> <span class='ocrx_word' id='word_1_105' title='bbox 957 1241 1092 1293; x_wconf 78' lang='lat' dir='ltr'>ipso</span> <span class='ocrx_word' id='word_1_106' title='bbox 1140 1244 1305 1281; x_wconf 77' lang='lat' dir='ltr'>iacto</span> <span class='ocrx_word' id='word_1_107' title='bbox 1355 1241 1639 1282; x_wconf 86' lang='lat' dir='ltr'>incurrat</span> <span class='ocrx_word' id='word_1_108' title='bbox 1684 1244 1741 1283; x_wconf 89' lang='lat' dir='ltr'>et</span> <span class='ocrx_word' id='word_1_109' title='bbox 1785 1239 1954 1282; x_wconf 88' lang='lat' dir='ltr'>ultra</span> <span class='ocrx_word' id='word_1_110' title='bbox 1995 1238 2102 1280; x_wconf 86' lang='lat' dir='ltr'>hoc</span> 
     </span>
     <span class='ocr_line' id='line_1_17' title="bbox 338 1309 2102 1367; baseline -0.003 -10"><span class='ocrx_word' id='word_1_111' title='bbox 338 1316 405 1357; x_wconf 81' lang='lat' dir='ltr'>ad</span> <span class='ocrx_word' id='word_1_112' title='bbox 454 1314 777 1367; x_wconf 82' lang='lat' dir='ltr'>quaslibet</span> <span class='ocrx_word' id='word_1_113' title='bbox 824 1312 1177 1365; x_wconf 73' lang='lat' dir='ltr'>dignitates</span> <span class='ocrx_word' id='word_1_114' title='bbox 1224 1311 1427 1352; x_wconf 77' lang='lat' dir='ltr'>active</span> <span class='ocrx_word' id='word_1_115' title='bbox 1477 1315 1535 1353; x_wconf 88' lang='lat' dir='ltr'>et</span> <span class='ocrx_word' id='word_1_116' title='bbox 1581 1310 1839 1363; x_wconf 87' lang='lat' dir='ltr'>passive</span> <span class='ocrx_word' id='word_1_117' title='bbox 1887 1310 1970 1354; x_wconf 89' lang='lat' dir='ltr'>sit</span> <span class='ocrx_word' id='word_1_118' title='bbox 2014 1309 2102 1351; x_wconf 91' lang='lat' dir='ltr'>in-</span> 
     </span>
     <span class='ocr_line' id='line_1_18' title="bbox 337 1379 2102 1443; baseline -0.003 -16"><span class='ocrx_word' id='word_1_119' title='bbox 337 1386 601 1437; x_wconf 74' lang='lat' dir='ltr'>habilis,</span> <span class='ocrx_word' id='word_1_120' title='bbox 650 1384 987 1426; x_wconf 82' lang='lat' dir='ltr'>concilium</span> <span class='ocrx_word' id='word_1_121' title='bbox 1035 1383 1231 1443; x_wconf 82' lang='lat' dir='ltr'>ipsum</span> <span class='ocrx_word' id='word_1_122' title='bbox 1280 1382 1350 1423; x_wconf 86' lang='lat' dir='ltr'>ad</span> <span class='ocrx_word' id='word_1_123' title='bbox 1396 1382 1728 1423; x_wconf 83' lang='lat' dir='ltr'>terminum</span> <span class='ocrx_word' id='word_1_124' title='bbox 1775 1380 1920 1423; x_wconf 88' lang='lat' dir='ltr'>anni</span> <span class='ocrx_word' id='word_1_125' title='bbox 1966 1379 2102 1434; x_wconf 71' lang='lat' dir='ltr'>pre-</span> 
     </span>
     <span class='ocr_line' id='line_1_19' title="bbox 337 1450 2102 1507; baseline -0.002 -10"><span class='ocrx_word' id='word_1_126' title='bbox 337 1457 563 1497; x_wconf 67' lang='lat' dir='ltr'>dictum</span> <span class='ocrx_word' id='word_1_127' title='bbox 604 1456 736 1496; x_wconf 81' lang='lat' dir='ltr'>loco</span> <span class='ocrx_word' id='word_1_128' title='bbox 772 1455 949 1507; x_wconf 79' lang='lat' dir='ltr'>prius</span> <span class='ocrx_word' id='word_1_129' title='bbox 989 1453 1290 1505; x_wconf 85' lang='lat' dir='ltr'>deputato</span> <span class='ocrx_word' id='word_1_130' title='bbox 1328 1452 1778 1494; x_wconf 87' lang='lat' dir='ltr'>celebrandum</span> <span class='ocrx_word' id='word_1_131' title='bbox 1817 1450 2102 1506; x_wconf 80' lang='lat' dir='ltr'>indicere</span> 
     </span>
     <span class='ocr_line' id='line_1_20' title="bbox 338 1521 2102 1580; baseline -0.002 -13"><span class='ocrx_word' id='word_1_132' title='bbox 338 1529 442 1580; x_wconf 50' lang='lat' dir='ltr'>ev)</span> <span class='ocrx_word' id='word_1_133' title='bbox 494 1526 826 1579; x_wconf 71' lang='lat' dir='ltr'>publicare</span> <span class='ocrx_word' id='word_1_134' title='bbox 877 1526 984 1578; x_wconf 81' lang='lat' dir='ltr'>et¹)</span> <span class='ocrx_word' id='word_1_135' title='bbox 1037 1536 1146 1576; x_wconf 86' lang='lat' dir='ltr'>per</span> <span class='ocrx_word' id='word_1_136' title='bbox 1195 1536 1339 1565; x_wconf 89' lang='lat' dir='ltr'>suas</span> <span class='ocrx_word' id='word_1_137' title='bbox 1389 1523 1651 1565; x_wconf 85' lang='lat' dir='ltr'>litteras</span> <span class='ocrx_word' id='word_1_138' title='bbox 1699 1521 2102 1576; x_wconf 86' lang='lat' dir='ltr'>competitori</span> 
     </span>
     <span class='ocr_line' id='line_1_21' title="bbox 338 1592 2102 1649; baseline -0.002 -11"><span class='ocrx_word' id='word_1_139' title='bbox 338 1599 431 1638; x_wconf 67' lang='lat' dir='ltr'>vel</span> <span class='ocrx_word' id='word_1_140' title='bbox 487 1595 1016 1649; x_wconf 83' lang='lat' dir='ltr'>competitoribus</span> <span class='ocrx_word' id='word_1_141' title='bbox 1071 1596 1270 1648; x_wconf 91' lang='lat' dir='ltr'>ipsum</span> <span class='ocrx_word' id='word_1_142' title='bbox 1325 1595 1423 1636; x_wconf 84' lang='lat' dir='ltr'>vel</span> <span class='ocrx_word' id='word_1_143' title='bbox 1478 1595 1652 1646; x_wconf 88' lang='lat' dir='ltr'>ipsos</span> <span class='ocrx_word' id='word_1_144' title='bbox 1703 1592 2102 1646; x_wconf 84' lang='lat' dir='ltr'>provocando</span> 
     </span>
     <span class='ocr_line' id='line_1_22' title="bbox 340 1662 2102 1719; baseline -0.003 -10"><span class='ocrx_word' id='word_1_145' title='bbox 340 1669 407 1709; x_wconf 85' lang='lat' dir='ltr'>ad</span> <span class='ocrx_word' id='word_1_146' title='bbox 464 1680 706 1709; x_wconf 85' lang='lat' dir='ltr'>causam</span> <span class='ocrx_word' id='word_1_147' title='bbox 763 1666 1113 1708; x_wconf 87' lang='lat' dir='ltr'>et·ceteris</span> <span class='ocrx_word' id='word_1_148' title='bbox 1169 1666 1448 1718; x_wconf 86' lang='lat' dir='ltr'>prelatis</span> <span class='ocrx_word' id='word_1_149' title='bbox 1505 1663 1614 1719; x_wconf 75' lang='lat' dir='ltr'>acf)</span> <span class='ocrx_word' id='word_1_150' title='bbox 1672 1662 2102 1717; x_wconf 60' lang='lat' dir='ltr'>principibus²</span> 
     </span>
     <span class='ocr_line' id='line_1_23' title="bbox 340 1733 2102 1791; baseline -0.002 -12"><span class='ocrx_word' id='word_1_151' title='bbox 340 1741 627 1791; x_wconf 88' lang='lat' dir='ltr'>quantum</span> <span class='ocrx_word' id='word_1_152' title='bbox 680 1738 737 1778; x_wconf 86' lang='lat' dir='ltr'>in</span> <span class='ocrx_word' id='word_1_153' title='bbox 790 1749 858 1779; x_wconf 90' lang='lat' dir='ltr'>eo</span> <span class='ocrx_word' id='word_1_154' title='bbox 908 1736 1108 1778; x_wconf 82' lang='lat' dir='ltr'>fuerit</span> <span class='ocrx_word' id='word_1_155' title='bbox 1160 1736 1457 1777; x_wconf 88' lang='lat' dir='ltr'>intimare</span> <span class='ocrx_word' id='word_1_156' title='bbox 1509 1747 1619 1777; x_wconf 90' lang='lat' dir='ltr'>nec</span> <span class='ocrx_word' id='word_1_157' title='bbox 1669 1733 2102 1777; x_wconf 86' lang='lat' dir='ltr'>nontermino</span> 
     </span>
     <span class='ocr_line' id='line_1_24' title="bbox 340 1801 2102 1865; baseline -0.002 -16"><span class='ocrx_word' id='word_1_158' title='bbox 340 1808 594 1861; x_wconf 84' lang='lat' dir='ltr'>prefixo</span> <span class='ocrx_word' id='word_1_159' title='bbox 647 1809 755 1849; x_wconf 90' lang='lat' dir='ltr'>sub</span> <span class='ocrx_word' id='word_1_160' title='bbox 808 1808 990 1860; x_wconf 89' lang='lat' dir='ltr'>penis</span> <span class='ocrx_word' id='word_1_161' title='bbox 1043 1806 1412 1861; x_wconf 68' lang='lat' dir='ltr'>predictisg)</span> <span class='ocrx_word' id='word_1_162' title='bbox 1470 1807 1540 1848; x_wconf 91' lang='lat' dir='ltr'>ad</span> <span class='ocrx_word' id='word_1_163' title='bbox 1593 1807 1790 1848; x_wconf 93' lang='lat' dir='ltr'>locum</span> <span class='ocrx_word' id='word_1_164' title='bbox 1842 1801 2102 1865; x_wconf 83' lang='lat' dir='ltr'>concilii</span> 
     </span>
     <span class='ocr_line' id='line_1_25' title="bbox 343 1874 2102 1932; baseline -0.002 -12"><span class='ocrx_word' id='word_1_165' title='bbox 343 1879 781 1932; x_wconf 80' lang='lat' dir='ltr'>personaliter</span> <span class='ocrx_word' id='word_1_166' title='bbox 838 1891 899 1919; x_wconf 87' lang='lat' dir='ltr'>se</span> <span class='ocrx_word' id='word_1_167' title='bbox 954 1878 1324 1920; x_wconf 78' lang='lat' dir='ltr'>transferre</span> <span class='ocrx_word' id='word_1_168' title='bbox 1380 1889 1489 1919; x_wconf 90' lang='lat' dir='ltr'>nec</span> <span class='ocrx_word' id='word_1_169' title='bbox 1542 1876 1688 1918; x_wconf 83' lang='lat' dir='ltr'>inde</span> <span class='ocrx_word' id='word_1_170' title='bbox 1744 1874 2102 1928; x_wconf 65' lang='lat' dir='ltr'>discedere1</span> 
     </span>
     <span class='ocr_line' id='line_1_26' title="bbox 342 1945 2102 2002; baseline -0.001 -13"><span class='ocrx_word' id='word_1_171' title='bbox 342 1950 531 1991; x_wconf 73' lang='lat' dir='ltr'>donec</span> <span class='ocrx_word' id='word_1_172' title='bbox 568 1962 673 2002; x_wconf 85' lang='lat' dir='ltr'>per</span> <span class='ocrx_word' id='word_1_173' title='bbox 711 1949 1073 2001; x_wconf 78' lang='lat' dir='ltr'>concilium,</span> <span class='ocrx_word' id='word_1_174' title='bbox 1110 1961 1296 1991; x_wconf 82' lang='lat' dir='ltr'>causa</span> <span class='ocrx_word' id='word_1_175' title='bbox 1334 1948 1658 1990; x_wconf 87' lang='lat' dir='ltr'>scismatis</span> <span class='ocrx_word' id='word_1_176' title='bbox 1693 1947 1991 2001; x_wconf 88' lang='lat' dir='ltr'>plenarie</span> <span class='ocrx_word' id='word_1_177' title='bbox 2028 1945 2102 1989; x_wconf 81' lang='lat' dir='ltr'>sit</span> 
     </span>
     <span class='ocr_line' id='line_1_27' title="bbox 342 2018 2102 2073; baseline -0.001 -12"><span class='ocrx_word' id='word_1_178' title='bbox 342 2021 532 2062; x_wconf 74' lang='lat' dir='ltr'>finita</span> <span class='ocrx_word' id='word_1_179' title='bbox 573 2022 678 2062; x_wconf 84' lang='lat' dir='ltr'>hoc</span> <span class='ocrx_word' id='word_1_180' title='bbox 720 2020 1041 2073; x_wconf 70' lang='lat' dir='ltr'>adiuncto,</span> <span class='ocrx_word' id='word_1_181' title='bbox 1083 2020 1240 2072; x_wconf 91' lang='lat' dir='ltr'>quod</span> <span class='ocrx_word' id='word_1_182' title='bbox 1279 2020 1496 2061; x_wconf 89' lang='lat' dir='ltr'>nullus</span> <span class='ocrx_word' id='word_1_183' title='bbox 1535 2018 1815 2071; x_wconf 86' lang='lat' dir='ltr'>ipsorum</span> <span class='ocrx_word' id='word_1_184' title='bbox 1855 2019 2102 2059; x_wconf 87' lang='lat' dir='ltr'>conten·</span> 
     </span>
     <span class='ocr_line' id='line_1_28' title="bbox 343 2090 2102 2144; baseline 0.002 -13"><span class='ocrx_word' id='word_1_185' title='bbox 343 2091 622 2132; x_wconf 70' lang='lat' dir='ltr'>(leucium</span> <span class='ocrx_word' id='word_1_186' title='bbox 670 2091 737 2132; x_wconf 89' lang='lat' dir='ltr'>de</span> <span class='ocrx_word' id='word_1_187' title='bbox 783 2094 1014 2144; x_wconf 89' lang='lat' dir='ltr'>papatu</span> <span class='ocrx_word' id='word_1_188' title='bbox 1060 2091 1118 2132; x_wconf 92' lang='lat' dir='ltr'>in</span> <span class='ocrx_word' id='word_1_189' title='bbox 1164 2091 1300 2142; x_wconf 89' lang='lat' dir='ltr'>ipso</span> <span class='ocrx_word' id='word_1_190' title='bbox 1346 2090 1622 2132; x_wconf 88' lang='lat' dir='ltr'>concilio</span> <span class='ocrx_word' id='word_1_191' title='bbox 1667 2092 1728 2132; x_wconf 89' lang='lat' dir='ltr'>ut</span> <span class='ocrx_word' id='word_1_192' title='bbox 1770 2100 1928 2142; x_wconf 90' lang='lat' dir='ltr'>papa</span> <span class='ocrx_word' id='word_1_193' title='bbox 1971 2099 2102 2141; x_wconf 77' lang='lat' dir='ltr'>pre.-</span> 
     </span>
     <span class='ocr_line' id='line_1_29' title="bbox 344 2158 2102 2215; baseline -0.001 -14"><span class='ocrx_word' id='word_1_194' title='bbox 344 2162 562 2204; x_wconf 79' lang='lat' dir='ltr'>sideat.</span> <span class='ocrx_word' id='word_1_195' title='bbox 613 2163 923 2215; x_wconf 71' lang='lat' dir='ltr'>Quinymo,</span> <span class='ocrx_word' id='word_1_196' title='bbox 963 2165 1021 2204; x_wconf 91' lang='lat' dir='ltr'>ut</span> <span class='ocrx_word' id='word_1_197' title='bbox 1058 2164 1232 2203; x_wconf 88' lang='lat' dir='ltr'>tanto</span> <span class='ocrx_word' id='word_1_198' title='bbox 1270 2160 1548 2202; x_wconf 90' lang='lat' dir='ltr'>liberius</span> <span class='ocrx_word' id='word_1_199' title='bbox 1586 2163 1643 2202; x_wconf 93' lang='lat' dir='ltr'>et</span> <span class='ocrx_word' id='word_1_200' title='bbox 1679 2159 1871 2203; x_wconf 86' lang='lat' dir='ltr'>citius</span> <span class='ocrx_word' id='word_1_201' title='bbox 1907 2158 2102 2201; x_wconf 87' lang='lat' dir='ltr'>eccle·</span> 
     </span>
     <span class='ocr_line' id='line_1_30' title="bbox 344 2227 2102 2284; baseline 0 -13"><span class='ocrx_word' id='word_1_202' title='bbox 344 2234 433 2274; x_wconf 71' lang='lat' dir='ltr'>sia</span> <span class='ocrx_word' id='word_1_203' title='bbox 476 2235 653 2274; x_wconf 78' lang='lat' dir='ltr'>unico</span> <span class='ocrx_word' id='word_1_204' title='bbox 692 2237 748 2274; x_wconf 91' lang='lat' dir='ltr'>et</span> <span class='ocrx_word' id='word_1_205' title='bbox 788 2232 1151 2274; x_wconf 87' lang='lat' dir='ltr'>indubitato</span> <span class='ocrx_word' id='word_1_206' title='bbox 1191 2235 1447 2284; x_wconf 86' lang='lat' dir='ltr'>pastore</span> <span class='ocrx_word' id='word_1_207' title='bbox 1487 2230 1782 2284; x_wconf 81' lang='lat' dir='ltr'>gaudeat,</span> <span class='ocrx_word' id='word_1_208' title='bbox 1821 2229 1948 2273; x_wconf 80' lang='lat' dir='ltr'>sint</span> <span class='ocrx_word' id='word_1_209' title='bbox 1985 2227 2102 2282; x_wconf 81' lang='lat' dir='ltr'>ipsi</span> 
     </span>
     <span class='ocr_line' id='line_1_31' title="bbox 343 2299 2102 2356; baseline 0 -15"><span class='ocrx_word' id='word_1_210' title='bbox 343 2316 548 2345; x_wconf 81' lang='lat' dir='ltr'>omnes</span> <span class='ocrx_word' id='word_1_211' title='bbox 593 2303 660 2344; x_wconf 87' lang='lat' dir='ltr'>de</span> <span class='ocrx_word' id='word_1_212' title='bbox 705 2308 934 2356; x_wconf 86' lang='lat' dir='ltr'>papatu</span> <span class='ocrx_word' id='word_1_213' title='bbox 979 2303 1468 2355; x_wconf 81' lang='lat' dir='ltr'>contendentes,</span> <span class='ocrx_word' id='word_1_214' title='bbox 1513 2304 1839 2355; x_wconf 90' lang='lat' dir='ltr'>postquam</span> <span class='ocrx_word' id='word_1_215' title='bbox 1880 2299 2102 2342; x_wconf 46' lang='lat' dir='ltr'>¹dictum</span> 
     </span>
     <span class='ocr_line' id='line_1_32' title="bbox 343 2370 2102 2427; baseline -0.001 -13"><span class='ocrx_word' id='word_1_216' title='bbox 343 2373 1692 2427; x_wconf 67' lang='lat' dir='ltr'>conc-iliuminceptumfuerit,auctoritate</span> <span class='ocrx_word' id='word_1_217' title='bbox 1720 2370 1905 2414; x_wconf 85' lang='lat' dir='ltr'>huius</span> <span class='ocrx_word' id='word_1_218' title='bbox 1934 2381 2102 2414; x_wconf 74' lang='lat' dir='ltr'>sacre</span> 
     </span>
     <span class='ocr_line' id='line_1_33' title="bbox 343 2441 2102 2496; baseline 0 -13"><span class='ocrx_word' id='word_1_219' title='bbox 343 2445 559 2495; x_wconf 67' lang='lat' dir='ltr'>synodi</span> <span class='ocrx_word' id='word_1_220' title='bbox 623 2446 690 2486; x_wconf 91' lang='lat' dir='ltr'>ab</span> <span class='ocrx_word' id='word_1_221' title='bbox 751 2445 909 2486; x_wconf 92' lang='lat' dir='ltr'>omni</span> <span class='ocrx_word' id='word_1_222' title='bbox 970 2444 1542 2486; x_wconf 83' lang='lat' dir='ltr'>administracione</span> <span class='ocrx_word' id='word_1_223' title='bbox 1615 2441 1941 2496; x_wconf 86' lang='lat' dir='ltr'>suspensi,</span> <span class='ocrx_word' id='word_1_224' title='bbox 2000 2452 2102 2494; x_wconf 74' lang='lat' dir='ltr'>nec</span> 
     </span>
     <span class='ocr_line' id='line_1_34' title="bbox 345 2514 2102 2567; baseline -0.001 -13"><span class='ocrx_word' id='word_1_225' title='bbox 345 2516 436 2556; x_wconf 77' lang='lat' dir='ltr'>eis</span> <span class='ocrx_word' id='word_1_226' title='bbox 485 2528 589 2556; x_wconf 71' lang='lat' dir='ltr'>nec</span> <span class='ocrx_word' id='word_1_227' title='bbox 637 2527 843 2556; x_wconf 83' lang='lat' dir='ltr'>eorum</span> <span class='ocrx_word' id='word_1_228' title='bbox 894 2515 1113 2567; x_wconf 75' lang='lat' dir='ltr'>alteri,</span> <span class='ocrx_word' id='word_1_229' title='bbox 1162 2515 1354 2557; x_wconf 85' lang='lat' dir='ltr'>donec</span> <span class='ocrx_word' id='word_1_230' title='bbox 1403 2526 1588 2556; x_wconf 88' lang='lat' dir='ltr'>causa</span> <span class='ocrx_word' id='word_1_231' title='bbox 1636 2514 1773 2566; x_wconf 85' lang='lat' dir='ltr'>ipsa</span> <span class='ocrx_word' id='word_1_232' title='bbox 1819 2523 2102 2567; x_wconf 87' lang='lat' dir='ltr'>percon·</span> 
     </span>
     <span class='ocr_line' id='line_1_35' title="bbox 345 2584 2102 2638; baseline 0 -13"><span class='ocrx_word' id='word_1_233' title='bbox 345 2585 554 2626; x_wconf 83' lang='lat' dir='ltr'>cilium</span> <span class='ocrx_word' id='word_1_234' title='bbox 593 2587 932 2628; x_wconf 87' lang='lat' dir='ltr'>terminata</span> <span class='ocrx_word' id='word_1_235' title='bbox 970 2586 1197 2638; x_wconf 78' lang='lat' dir='ltr'>fuerit,</span> <span class='ocrx_word' id='word_1_236' title='bbox 1236 2584 1712 2638; x_wconf 88' lang='lat' dir='ltr'>quomodolibet</span> <span class='ocrx_word' id='word_1_237' title='bbox 1749 2596 1776 2627; x_wconf 91' lang='lat' dir='ltr'>a</span> <span class='ocrx_word' id='word_1_238' title='bbox 1811 2593 2102 2638; x_wconf 85' lang='lat' dir='ltr'>quoqua-n:</span> 
     </span>
     <span class='ocr_line' id='line_1_36' title="bbox 346 2654 1733 2708; baseline 0.001 -13"><span class='ocrx_word' id='word_1_239' title='bbox 346 2657 453 2697; x_wconf 87' lang='lat' dir='ltr'>sub</span> <span class='ocrx_word' id='word_1_240' title='bbox 496 2668 651 2708; x_wconf 89' lang='lat' dir='ltr'>pena</span> <span class='ocrx_word' id='word_1_241' title='bbox 692 2656 973 2698; x_wconf 76' lang='lat' dir='ltr'>fautorie</span> <span class='ocrx_word' id='word_1_242' title='bbox 1017 2657 1338 2698; x_wconf 87' lang='lat' dir='ltr'>scismatis</span> <span class='ocrx_word' id='word_1_243' title='bbox 1381 2654 1733 2697; x_wconf 89' lang='lat' dir='ltr'>obediatur.</span> 
     </span>
    </p>

    <p class='ocr_par' dir='ltr' id='par_1_4' title="bbox 344 2722 2102 2922">
     <span class='ocr_line' id='line_1_37' title="bbox 461 2722 2102 2780; baseline -0.001 -12"><span class='ocrx_word' id='word_1_244' title='bbox 461 2727 624 2778; x_wconf 87' lang='lat' dir='ltr'>Quod</span> <span class='ocrx_word' id='word_1_245' title='bbox 670 2728 717 2768; x_wconf 92' lang='lat' dir='ltr'>si</span> <span class='ocrx_word' id='word_1_246' title='bbox 766 2726 988 2780; x_wconf 70' lang='lat' dir='ltr'>forteh)</span> <span class='ocrx_word' id='word_1_247' title='bbox 1037 2727 1425 2768; x_wconf 84' lang='lat' dir='ltr'>eleccionem</span> <span class='ocrx_word' id='word_1_248' title='bbox 1472 2726 1725 2768; x_wconf 89' lang='lat' dir='ltr'>Romani</span> <span class='ocrx_word' id='word_1_249' title='bbox 1770 2722 2102 2778; x_wconf 58' lang='lat' dir='ltr'>pontifici}</span> 
     </span>
     <span class='ocr_line' id='line_1_38' title="bbox 347 2795 2102 2850; baseline 0.001 -13"><span class='ocrx_word' id='word_1_250' title='bbox 347 2808 453 2847; x_wconf 85' lang='lat' dir='ltr'>per</span> <span class='ocrx_word' id='word_1_251' title='bbox 484 2798 1233 2850; x_wconf 79' lang='lat' dir='ltr'>metum,quicaderetin</span> <span class='ocrx_word' id='word_1_252' title='bbox 1265 2795 2102 2850; x_wconf 88' lang='lat' dir='ltr'>constantem‚seuimpres·</span> 
     </span>
     <span class='ocr_line' id='line_1_39' title="bbox 344 2865 2102 2922; baseline 0.001 -16"><span class='ocrx_word' id='word_1_253' title='bbox 344 2866 576 2908; x_wconf 87' lang='lat' dir='ltr'>sionem</span> <span class='ocrx_word' id='word_1_254' title='bbox 615 2867 730 2922; x_wconf 69' lang='lat' dir='ltr'>dei)</span> <span class='ocrx_word' id='word_1_255' title='bbox 772 2868 1034 2922; x_wconf 62' lang='lat' dir='ltr'>ceteroi)</span> <span class='ocrx_word' id='word_1_256' title='bbox 1074 2867 1231 2910; x_wconf 83' lang='lat' dir='ltr'>fieri</span> <span class='ocrx_word' id='word_1_257' title='bbox 1269 2868 1597 2921; x_wconf 85' lang='lat' dir='ltr'>contingat</span> <span class='ocrx_word' id='word_1_258' title='bbox 1636 2868 1831 2920; x_wconf 90' lang='lat' dir='ltr'>ips-am</span> <span class='ocrx_word' id='word_1_259' title='bbox 1867 2865 2102 2908; x_wconf 61' lang='lat' dir='ltr'>nullius</span> 
     </span>
    </p>
   </div>
   <div class='ocr_carea' id='block_1_3' title="bbox 342 2955 2102 3087">
    <p class='ocr_par' dir='ltr' id='par_1_5' title="bbox 342 2955 2102 3087">
     <span class='ocr_line' id='line_1_40' title="bbox 450 2955 2102 2991; baseline 0 -8"><span class='ocrx_word' id='word_1_260' title='bbox 450 2963 478 2987; x_wconf 74' lang='lat' dir='ltr'>a)</span> <span class='ocrx_word' id='word_1_261' title='bbox 504 2961 523 2981; x_wconf 67' lang='grc' dir='ltr'>Ν</span> <span class='ocrx_word' id='word_1_262' title='bbox 544 2959 792 2986; x_wconf 63' lang='lat' dir='ltr'>columem-ione.</span> <span class='ocrx_word' id='word_1_263' title='bbox 863 2960 894 2988; x_wconf 66' lang='lat' dir='ltr'>b&gt;</span> <span class='ocrx_word' id='word_1_264' title='bbox 924 2960 957 2985; x_wconf 69' lang='lat'>11⁷</span> <span class='ocrx_word' id='word_1_265' title='bbox 975 2968 1009 2985; x_wconf 71' lang='lat' dir='ltr'>so</span> <span class='ocrx_word' id='word_1_266' title='bbox 1031 2959 1154 2991; x_wconf 54' lang='lat' dir='ltr'>lsnr&#39;rz&#39;m</span> <span class='ocrx_word' id='word_1_267' title='bbox 1174 2966 1235 2986; x_wconf 68' lang='lat' dir='ltr'>aas</span> <span class='ocrx_word' id='word_1_268' title='bbox 1258 2959 1306 2985; x_wconf 67' lang='lat' dir='ltr'>wi</span> <span class='ocrx_word' id='word_1_269' title='bbox 1331 2960 1385 2985; x_wconf 63' lang='lat' dir='ltr'>wie</span> <span class='ocrx_word' id='word_1_270' title='bbox 1406 2959 1484 2985; x_wconf 65' lang='lat' dir='ltr'>noch</span> <span class='ocrx_word' id='word_1_271' title='bbox 1511 2959 1546 2986; x_wconf 88' lang='grc' dir='ltr'>Ι).</span> <span class='ocrx_word' id='word_1_272' title='bbox 1621 2960 1650 2991; x_wconf 86' lang='lat' dir='ltr'>c)</span> <span class='ocrx_word' id='word_1_273' title='bbox 1677 2958 1714 2984; x_wconf 79' lang='lat' dir='ltr'><em>W</em></span> <span class='ocrx_word' id='word_1_274' title='bbox 1730 2965 1784 2984; x_wconf 80' lang='lat' dir='ltr'>um</span> <span class='ocrx_word' id='word_1_275' title='bbox 1805 2957 1919 2985; x_wconf 75' lang='lat' dir='ltr'>Raude</span> <span class='ocrx_word' id='word_1_276' title='bbox 1937 2958 1996 2985; x_wconf 68' lang='lat' dir='ltr'>mit</span> <span class='ocrx_word' id='word_1_277' title='bbox 2026 2956 2056 2984; x_wconf 90' lang='lat' dir='ltr'>V·</span> <span class='ocrx_word' id='word_1_278' title='bbox 2078 2955 2102 2983; x_wconf 82' lang='lat'><em>2</em></span> 
     </span>
     <span class='ocr_line' id='line_1_41' title="bbox 343 3003 2102 3040; baseline 0.006 -12"><span class='ocrx_word' id='word_1_279' title='bbox 343 3004 461 3030; x_wconf 60' lang='lat' dir='ltr'>domini</span> <span class='ocrx_word' id='word_1_280' title='bbox 486 3005 598 3031; x_wconf 67' lang='lat' dir='ltr'>nostri.</span> <span class='ocrx_word' id='word_1_281' title='bbox 622 3007 735 3031; x_wconf 61' lang='lat' dir='ltr'>wieder</span> <span class='ocrx_word' id='word_1_282' title='bbox 754 3007 940 3038; x_wconf 60' lang='lat' dir='ltr'>{sexta-irtam).</span> <span class='ocrx_word' id='word_1_283' title='bbox 1004 3006 1034 3038; x_wconf 73' lang='lat' dir='ltr'>il)</span> <span class='ocrx_word' id='word_1_284' title='bbox 1065 3007 1098 3032; x_wconf 76' lang='lat' dir='ltr'><em>W</em></span> <span class='ocrx_word' id='word_1_285' title='bbox 1115 3006 1254 3037; x_wconf 69' lang='lat' dir='ltr'>exorati,</span> <span class='ocrx_word' id='word_1_286' title='bbox 1316 3011 1344 3034; x_wconf 76' lang='lat' dir='ltr'>c)</span> <span class='ocrx_word' id='word_1_287' title='bbox 1368 3006 1451 3033; x_wconf 54' lang='lat' dir='ltr'>lv&#39;emt</span> <span class='ocrx_word' id='word_1_288' title='bbox 1472 3008 1500 3033; x_wconf 67' lang='lat' dir='ltr'>S.</span> <span class='ocrx_word' id='word_1_289' title='bbox 1556 3006 1582 3039; x_wconf 81' lang='lat' dir='ltr'>f)</span> <span class='ocrx_word' id='word_1_290' title='bbox 1603 3007 1624 3031; x_wconf 66' lang='lat' dir='ltr'><em>S</em></span> <span class='ocrx_word' id='word_1_291' title='bbox 1642 3005 1676 3033; x_wconf 81' lang='lat' dir='ltr'>et</span> <span class='ocrx_word' id='word_1_292' title='bbox 1750 3005 1783 3039; x_wconf 84' lang='lat' dir='ltr'>g)</span> <span class='ocrx_word' id='word_1_293' title='bbox 1803 3004 1826 3032; x_wconf 86' lang='lat' dir='ltr'><strong><em>S</em></strong></span> <span class='ocrx_word' id='word_1_294' title='bbox 1842 3003 1989 3040; x_wconf 62' lang='lat' dir='ltr'>pre-fixis</span> <span class='ocrx_word' id='word_1_295' title='bbox 2042 3003 2102 3038; x_wconf 48' lang='lat'>1¹0⁴</span> 
     </span>
     <span class='ocr_line' id='line_1_42' title="bbox 342 3050 2098 3087; baseline -0.001 -5"><span class='ocrx_word' id='word_1_296' title='bbox 342 3050 423 3082; x_wconf 53' lang='grc' dir='ltr'>[ΜΕΝ</span> <span class='ocrx_word' id='word_1_297' title='bbox 447 3051 705 3083; x_wconf 67' lang='lat' dir='ltr'>protenderetur.</span> <span class='ocrx_word' id='word_1_298' title='bbox 764 3053 783 3084; x_wconf 90' lang='lat' dir='ltr'>i)</span> <span class='ocrx_word' id='word_1_299' title='bbox 804 3052 884 3086; x_wconf 73' lang='lat' dir='ltr'>s&#39;¹&#39;l1l¹</span> <span class='ocrx_word' id='word_1_300' title='bbox 907 3054 946 3080; x_wconf 71' lang='lat' dir='ltr'>I).</span> <span class='ocrx_word' id='word_1_301' title='bbox 973 3056 1013 3087; x_wconf 68' lang='lat' dir='ltr'>N;</span> <span class='ocrx_word' id='word_1_302' title='bbox 1048 3054 1082 3079; x_wconf 66' lang='lat'>11⁷</span> <span class='ocrx_word' id='word_1_303' title='bbox 1099 3061 1149 3079; x_wconf 73' lang='lat' dir='ltr'>um</span> <span class='ocrx_word' id='word_1_304' title='bbox 1174 3054 1295 3079; x_wconf 63' lang='lat' dir='ltr'>Itumle.</span> <span class='ocrx_word' id='word_1_305' title='bbox 2092 3055 2098 3062; x_wconf 84' lang='lat'>&#39;</span> 
     </span>
    </p>
   </div>
  </div>
 </body>
</html>
