2227 3434
741 87 787 123 A.
824 85 1158 122 Reformtraktate.
1748 87 1834 130 595

0 196 6 237 '.
64 208 139 250 nis
173 207 262 260 vel,
298 207 337 248 si
372 206 592 249 traditum
629 205 785 259 fuerit,
819 205 974 247 eidem
1011 206 1057 247 in
1094 204 1346 248 continenti
1380 204 1650 247 restituatur
1684 216 1833 257 usque

0 283 17 333 ν’,
66 278 124 320 ad
148 278 234 320 hos
258 276 372 320 dies.

4 347 5 350 ’
185 348 253 391 Ita
289 348 548 401 gubernata
585 351 656 390 est
694 347 893 410 ecclesia
932 350 976 389 et
1014 347 1306 400 prophanata
1345 346 1597 388 scientibus
1634 345 1835 388 dominis

8 432 10 434 ’
65 420 237 462 nostris
264 418 581 460 cardinalibus
607 450 616 460 .
651 451 660 459 .
695 451 704 459 .
731 418 790 459 de
819 430 910 470 quo
936 430 1007 458 me
1037 417 1220 459 remitto
1246 417 1306 459 ad
1331 418 1574 459 verit-atem
1602 450 1610 458 .
1647 450 1654 458 .
1691 450 1699 458 .
1726 418 1836 469 quot

66 502 267 543 persone
302 489 615 531 ecclesiastice
648 489 801 530 omnis
836 491 980 531 status
1015 489 1310 541 superiorum
1346 492 1390 530 et
1426 487 1703 529 inferiorum
1738 487 1837 528 illa-

67 565 233 614 queate
270 560 521 602 sentenciis
558 572 585 602 a
619 559 790 601 divinis
825 559 1150 601 abstinuerunt
1185 562 1230 600 et
1267 559 1515 611 abstinent,
1552 561 1661 611 quot
1695 553 1835 599 misse

66 630 326 685 perduntur
357 632 579 683 quociens
612 630 871 672 abstinetur
903 642 929 671 a
958 629 1282 671 celebracione
1315 629 1530 671 ordinum
1561 632 1608 671 et
1639 629 1836 671 aliorum

67 701 430 744 ministeriorum
474 701 908 754 ecclesiasticorum,
953 703 1062 753 quot
1106 704 1293 753 accepta
1337 703 1493 742 mutua
1538 700 1643 743 sub,
1669 699 1838 751 usuris,

68 776 177 826 quot
202 776 413 826 sumptus
437 772 737 825 cambiorum,
762 772 943 813 viarum
971 775 1015 813 et
1041 771 1274 824 itinerum,
1301 774 1410 823 quot
1436 770 1555 823 lites,
1583 774 1693 823 quot
1718 771 1838 811 circa

67 847 111 886 et
137 843 195 886 ob
221 844 305 886 hoc
331 846 556 896 sumptus,
581 846 690 896 quot
714 845 897 896 oportet
920 854 1113 895 pascere
1141 842 1449 883 mediatorum
1474 841 1634 883 fauces
1660 840 1839 882 fameli-

67 927 158 968 cas,
187 916 288 957 auri
318 927 450 957 sacra
478 914 627 956 fames
657 914 892 955 stomacho
921 913 1108 954 illorum
1138 925 1325 965 semper
1354 912 1615 954 insaciabili
1644 916 1690 954 et
1718 911 1839 953 idro-

68 987 171 1039 pica
206 987 404 1039 pecunie
442 985 529 1037 siti,
565 985 644 1026 ubi
681 985 827 1037 magis
863 987 1048 1037 potatur
1085 984 1231 1037 magis
1268 983 1441 1025 bibitur
1477 986 1523 1025 et
1559 982 1727 1024 excitat
1761 995 1839 1024 cor

70 1057 255 1099 illorum
297 1056 635 1109 inextingibilis
675 1055 876 1097 avaricie
919 1055 1070 1097 ardor.
1124 1053 1354 1107 Numquid
1397 1057 1503 1095 sunt
1544 1054 1750 1107 episcopi
1792 1053 1839 1094 in

69 1127 263 1170 Francia
289 1140 316 1170 a
342 1127 523 1169 duobus
551 1126 686 1169 annis
715 1127 804 1168 iam
832 1126 1030 1179 promoti
1058 1138 1144 1179 per
1173 1126 1361 1179 curiam,
1391 1125 1468 1177 qui
1496 1124 1703 1166 nondum
1729 1136 1838 1165 suas

69 1201 319 1252 potuerunt
346 1210 499 1251 neque
529 1200 725 1251 possunt
754 1197 908 1239 bullas
937 1197 1144 1238 habere?
1191 1196 1245 1238 Et
1275 1208 1376 1237 cum
1407 1196 1491 1238 hoc
1521 1208 1547 1237 a
1577 1195 1840 1237 mercatori-

68 1269 154 1312 bus
180 1273 372 1323 propter
397 1268 598 1312 creditas
626 1281 710 1322 pro
739 1268 838 1310 istis
865 1268 1122 1309 vaccanciis
1148 1266 1396 1320 peccunias
1424 1270 1469 1309 et
1495 1278 1638 1319 super
1665 1265 1838 1308 addita-

69 1340 251 1394 mentis,
281 1352 370 1394 que
402 1340 662 1393 principale
692 1339 751 1381 de
783 1339 941 1381 multis
971 1338 1217 1391 excedunt,
1249 1338 1323 1379 vel
1356 1337 1415 1380 ad
1445 1337 1637 1379 istorum
1670 1338 1842 1378 instan-

67 1411 184 1454 ciam
212 1415 318 1454 sunt
347 1410 744 1464 excommunicati,
774 1410 980 1463 agravati
1009 1413 1055 1451 et
1084 1409 1346 1462 reagravati
1373 1411 1419 1450 et
1448 1409 1634 1450 remissi
1665 1407 1840 1450 auxilio

70 1482 246 1525 brachii
270 1482 509 1535 secularis,
533 1482 744 1524 ecclesiis
769 1482 833 1524 sic
855 1481 1056 1535 pastoris
1080 1480 1340 1522 denudatis.
1376 1478 1490 1521 Sunt
1514 1480 1659 1521 eciam
1684 1479 1841 1531 aliqua

69 1553 364 1607 monasteria,
395 1565 485 1606 que
517 1553 574 1594 de
606 1552 706 1595 istis
736 1552 1008 1594 vacantibus
1038 1564 1123 1605 pro
1154 1551 1289 1593 factis
1320 1549 1707 1603 predecessorum
1739 1561 1841 1590 suo-

67 1637 168 1666 rum
202 1624 364 1677 adhuc,
397 1624 505 1677 quia
537 1624 615 1666 alii
649 1623 814 1665 summi
846 1622 1095 1676 pontifices
1125 1634 1219 1663 non
1249 1621 1504 1674 exigebant
1534 1621 1646 1663 istas
1678 1619 1840 1663 soluci-

69 1707 183 1738 ones
218 1700 263 1738 et
296 1708 419 1737 nunc
453 1707 538 1748 per
573 1706 805 1736 cameram
839 1697 885 1735 et
921 1694 1058 1736 istum
1096 1693 1333 1734 dominum
1369 1692 1631 1734 Johannem
1666 1690 1837 1734 XXIII.

69 1765 391 1820 exigebantur,
420 1766 477 1808 de
506 1768 716 1818 tempore
746 1777 973 1807 annorum
1002 1764 1174 1806 debent
1201 1763 1342 1815 XXX,
1369 1763 1447 1804 XL
1479 1772 1528 1815 1¹¹,
1556 1774 1657 1804 cum
1686 1765 1842 1804 tamen

71 1840 281 1894 annataa)
319 1849 412 1879 non
447 1836 667 1878 ascendat
701 1836 838 1878 hodie
874 1835 933 1878 ad
967 1835 1110 1877 mille.
1162 1835 1278 1877 Istos
1313 1835 1377 1876 sic
1413 1833 1640 1886 obligatos
1674 1836 1720 1874 et
1754 1832 1841 1874 sol-

70 1912 232 1951 ventes
253 1911 358 1951 ante
382 1907 677 1949 monitorium
703 1907 775 1961 (·?)
799 1909 1014 1960 opportet
1035 1918 1118 1959 pre
1140 1908 1416 1958 paupertate
1439 1904 1647 1946 divinum
1667 1903 1839 1946 cultum

70 1983 146 2021 aut
176 1992 234 2022 ex
264 1982 359 2022 toto
390 1978 622 2020 dimittere
654 1981 731 2020 aut
763 1978 811 2019 in
841 1980 1018 2019 tantum
1051 1976 1326 2029 diminuere,
1359 1979 1407 2018 ut
1437 1988 1524 2028 pro
1554 1975 1595 2016 X
1624 1973 1840 2028 personis

70 2062 162 2092 non
202 2051 293 2093 sint
331 2050 440 2102 due3
481 2061 602 2091 nunc
640 2048 837 2091 ecclesie
876 2051 921 2090 et
960 2047 1171 2090 edifficia
1210 2047 1303 2089 alia
1341 2058 1400 2088 ex
1437 2048 1530 2088 toto
1570 2045 1838 2087 inhabitata.

71 2120 185 2163 Ecce
212 2120 411 2163 fructum
437 2120 729 2162 vaccancium
754 2124 801 2162 et
826 2119 905 2161 alii
931 2131 1068 2171 quam
1094 2117 1297 2171 plurimi,
1323 2130 1439 2170 quos
1465 2128 1745 2158 enumerare
1771 2118 1841 2157 est
1899 2170 1902 2171 ⁷

71 2191 374 2245 impossibile.
410 2191 502 2234 Sed
527 2224 535 2233 .
571 2224 579 2232 .
615 2225 623 2233 .
650 2190 835 2232 racione
861 2189 1063 2231 naturali
1089 2187 1378 2231 considerari
1401 2190 1609 2241 possunt.

187 2262 268 2305 Est
306 2262 398 2304 alia
432 2262 742 2316 premaxima:
784 2261 893 2313 quia
932 2261 995 2303 sic
1035 2260 1261 2302 intrantes
1299 2259 1347 2300 in
1388 2258 1473 2300 Dei
1511 2256 1840 2311 patrimonium

72 2345 163 2376 non
202 2333 374 2376 intrant
410 2345 496 2386 per
533 2333 748 2384 hostium,
787 2331 871 2373 sed
909 2330 1098 2373 aliunde
1136 2333 1183 2372 ut
1222 2330 1354 2372 fures
1391 2332 1435 2372 et
1473 2329 1693 2380 latrones,
1730 2327 1841 2381 quia

71 2403 302 2446 violentus
336 2406 408 2446 est
441 2403 639 2456 quilibet
673 2402 979 2455 symoniacus,
1014 2405 1062 2444 ut
1098 2400 1206 2442 dicit
1239 2401 1369 2454 glosa
1406 2433 1414 2441 .
1451 2433 1459 2441 .
1495 2433 1503 2441 .
1551 2399 1606 2441 Et
1641 2398 1748 2441 ideo
1782 2410 1841 2440 ex

71 2473 157 2517 ista
195 2474 351 2517 radice
393 2473 642 2516 solucionis
683 2474 875 2515 istarum
913 2472 1207 2514 vaccancium
1248 2505 1256 2513 .
1292 2504 1300 2512 .
1336 2504 1344 2512 .
1385 2482 1479 2513 non
1515 2472 1668 2523 potest
1707 2469 1839 2522 sequi

71 2544 191 2588 alius
225 2544 404 2588 fructus
438 2544 528 2586 nisi
565 2543 840 2597 dampnacio
875 2542 1134 2585 animarum
1169 2545 1214 2584 et
1250 2541 1502 2583 destructio
1536 2540 1839 2582 ecclesiarum

72 2618 263 2669 propter
299 2615 519 2657 viciosum
560 2615 836 2667 ingressum.
887 2614 956 2655 Ve
997 2616 1150 2655 autem
1187 2612 1271 2664 illi,
1310 2623 1396 2665 per
1434 2623 1571 2664 quem
1611 2610 1685 2652 vel
1724 2621 1841 2663 quos

72 2684 292 2728 seandala
316 2685 416 2728 hec.

188 2755 499 2810 Supponatur,
541 2755 664 2808 quod
703 2755 878 2797 domini
918 2754 1197 2807 cardinales,
1238 2754 1316 2806 qui
1358 2752 1404 2794 in
1444 2751 1545 2794 istis
1586 2749 1841 2793 vaccanciis

72 2826 364 2880 participant,
398 2839 492 2868 non
530 2825 910 2879 participaverint
946 2837 1032 2867 nec
1069 2824 1392 2866 consenserint
1429 2822 1622 2874 insuper
1657 2832 1841 2862 excres-

73 2897 231 2939 cencia
258 2901 304 2940 et
332 2896 436 2938 aliis
464 2896 737 2939 excessibus
763 2899 810 2938 et
839 2895 1064 2938 abusibus
1091 2897 1136 2936 et
1165 2891 1533 2935 mediacionibus
1562 2903 1648 2944 pro
1677 2891 1841 2931 semet-

179 3001 209 3032 Β)
228 2999 277 3027 He
296 3000 448 3027 annuata.

1548 3041 1628 3083 38*
