<?xml version="1.0" encoding="UTF-8"?>
<!DOCTYPE html PUBLIC "-//W3C//DTD XHTML 1.0 Transitional//EN"
    "http://www.w3.org/TR/xhtml1/DTD/xhtml1-transitional.dtd">
<html xmlns="http://www.w3.org/1999/xhtml" xml:lang="en" lang="en">
 <head>
  <title>
</title>
<meta http-equiv="Content-Type" content="text/html;charset=utf-8" />
  <meta name='ocr-system' content='tesseract 3.04.00' />
  <meta name='ocr-capabilities' content='ocr_page ocr_carea ocr_par ocr_line ocrx_word'/>
</head>
<body>
  <div class='ocr_page' id='page_1' title='image "./actaconciliicons02counuoft_0679.png"; bbox 0 0 2227 3434; ppageno 0'>
   <div class='ocr_carea' id='block_1_1' title="bbox 582 203 1834 245">
    <p class='ocr_par' dir='ltr' id='par_1_1' title="bbox 582 203 1834 245">
     <span class='ocr_line' id='line_1_1' title="bbox 582 203 1834 245; baseline -0.001 -6"><span class='ocrx_word' id='word_1_1' title='bbox 582 205 621 239; x_wconf 88' lang='lat' dir='ltr'>B.</span> <span class='ocrx_word' id='word_1_2' title='bbox 644 203 892 239; x_wconf 89' lang='lat' dir='ltr'>Avisamente</span> <span class='ocrx_word' id='word_1_3' title='bbox 913 204 982 238; x_wconf 90' lang='lat' dir='ltr'>der</span> <span class='ocrx_word' id='word_1_4' title='bbox 1002 203 1319 237; x_wconf 83' lang='lat' dir='ltr'>Reformatorien.</span> <span class='ocrx_word' id='word_1_5' title='bbox 1749 204 1834 245; x_wconf 88' lang='lat'>665</span> 
     </span>
    </p>
   </div>
   <div class='ocr_carea' id='block_1_2' title="bbox 63 319 1845 2432">
    <p class='ocr_par' dir='ltr' id='par_1_2' title="bbox 63 319 1838 942">
     <span class='ocr_line' id='line_1_2' title="bbox 63 319 1835 383; baseline -0.002 -18"><span class='ocrx_word' id='word_1_6' title='bbox 63 335 171 365; x_wconf 90' lang='lat' dir='ltr'>nem</span> <span class='ocrx_word' id='word_1_7' title='bbox 212 323 270 365; x_wconf 90' lang='lat' dir='ltr'>ad</span> <span class='ocrx_word' id='word_1_8' title='bbox 308 323 426 364; x_wconf 89' lang='lat' dir='ltr'>tales</span> <span class='ocrx_word' id='word_1_9' title='bbox 465 333 631 374; x_wconf 77' lang='lat' dir='ltr'>preces</span> <span class='ocrx_word' id='word_1_10' title='bbox 665 319 669 383; x_wconf 63' lang='lat' dir='ltr'>l</span> <span class='ocrx_word' id='word_1_11' title='bbox 704 321 886 363; x_wconf 85' lang='lat' dir='ltr'>videtur</span> <span class='ocrx_word' id='word_1_12' title='bbox 916 321 1142 374; x_wconf 86' lang='lat' dir='ltr'>expedire</span> <span class='ocrx_word' id='word_1_13' title='bbox 1173 325 1219 363; x_wconf 90' lang='lat' dir='ltr'>et</span> <span class='ocrx_word' id='word_1_14' title='bbox 1250 321 1530 374; x_wconf 77' lang='lat' dir='ltr'>specialiter,</span> <span class='ocrx_word' id='word_1_15' title='bbox 1562 333 1662 361; x_wconf 90' lang='lat' dir='ltr'>cum</span> <span class='ocrx_word' id='word_1_16' title='bbox 1694 320 1835 362; x_wconf 84' lang='lat' dir='ltr'>fuerit</span> 
     </span>
     <span class='ocr_line' id='line_1_3' title="bbox 66 386 1836 447; baseline -0.002 -12"><span class='ocrx_word' id='word_1_17' title='bbox 66 406 152 447; x_wconf 92' lang='lat' dir='ltr'>per</span> <span class='ocrx_word' id='word_1_18' title='bbox 193 405 243 436; x_wconf 90' lang='lat' dir='ltr'>se</span> <span class='ocrx_word' id='word_1_19' title='bbox 286 392 431 435; x_wconf 86' lang='lat' dir='ltr'>factas</span> <span class='ocrx_word' id='word_1_20' title='bbox 475 405 631 444; x_wconf 88' lang='lat' dir='ltr'>accep·</span> <span class='ocrx_word' id='word_1_21' title='bbox 666 386 668 440; x_wconf 79' lang='grc' dir='ltr'>Ι</span> <span class='ocrx_word' id='word_1_22' title='bbox 705 392 762 433; x_wconf 89' lang='lat' dir='ltr'>ad</span> <span class='ocrx_word' id='word_1_23' title='bbox 799 391 1081 433; x_wconf 84' lang='lat' dir='ltr'>eleccionem</span> <span class='ocrx_word' id='word_1_24' title='bbox 1120 392 1193 432; x_wconf 88' lang='lat' dir='ltr'>vel</span> <span class='ocrx_word' id='word_1_25' title='bbox 1232 391 1546 444; x_wconf 86' lang='lat' dir='ltr'>provisionem</span> <span class='ocrx_word' id='word_1_26' title='bbox 1583 390 1836 443; x_wconf 86' lang='lat' dir='ltr'>proceden-</span> 
     </span>
     <span class='ocr_line' id='line_1_4' title="bbox 67 460 1837 528; baseline -0.003 -22"><span class='ocrx_word' id='word_1_27' title='bbox 67 462 571 515; x_wconf 68' lang='lat' dir='ltr'>taverit,eteleccion=is</span> <span class='ocrx_word' id='word_1_28' title='bbox 586 465 631 503; x_wconf 88' lang='lat' dir='ltr'>et</span> <span class='ocrx_word' id='word_1_29' title='bbox 666 462 669 528; x_wconf 59' lang='lat' dir='ltr'>i</span> <span class='ocrx_word' id='word_1_30' title='bbox 705 462 826 503; x_wconf 90' lang='lat' dir='ltr'>dum.</span> <span class='ocrx_word' id='word_1_31' title='bbox 868 463 922 504; x_wconf 94' lang='lat' dir='ltr'>Et</span> <span class='ocrx_word' id='word_1_32' title='bbox 948 462 1026 503; x_wconf 92' lang='lat' dir='ltr'>ubi</span> <span class='ocrx_word' id='word_1_33' title='bbox 1052 462 1101 503; x_wconf 94' lang='lat' dir='ltr'>in</span> <span class='ocrx_word' id='word_1_34' title='bbox 1127 461 1328 514; x_wconf 90' lang='lat' dir='ltr'>capitulo</span> <span class='ocrx_word' id='word_1_35' title='bbox 1355 461 1641 514; x_wconf 85' lang='lat' dir='ltr'>,Quisqui·s‘¹)</span> <span class='ocrx_word' id='word_1_36' title='bbox 1672 460 1837 502; x_wconf 88' lang='lat' dir='ltr'>dicitur</span> 
     </span>
     <span class='ocr_line' id='line_1_5' title="bbox 64 531 1838 589; baseline -0.002 -13"><span class='ocrx_word' id='word_1_37' title='bbox 64 534 348 587; x_wconf 91' lang='lat' dir='ltr'>provisionis</span> <span class='ocrx_word' id='word_1_38' title='bbox 395 532 632 575; x_wconf 91' lang='lat' dir='ltr'>commodo</span> <span class='ocrx_word' id='word_1_39' title='bbox 667 536 669 582; x_wconf 70' lang='grc' dir='ltr'>ζ</span> <span class='ocrx_word' id='word_1_40' title='bbox 705 532 761 574; x_wconf 87' lang='lat' dir='ltr'>de</span> <span class='ocrx_word' id='word_1_41' title='bbox 793 532 1117 589; x_wconf 78' lang='lat' dir='ltr'>suspensione,</span> <span class='ocrx_word' id='word_1_42' title='bbox 1147 532 1366 585; x_wconf 51' lang='lat' dir='ltr'>dicatum)</span> <span class='ocrx_word' id='word_1_43' title='bbox 1397 531 1500 584; x_wconf 87' lang='lat' dir='ltr'>ipso</span> <span class='ocrx_word' id='word_1_44' title='bbox 1531 532 1630 589; x_wconf 86' lang='lat' dir='ltr'>iure</span> <span class='ocrx_word' id='word_1_45' title='bbox 1661 534 1706 572; x_wconf 92' lang='lat' dir='ltr'>et</span> <span class='ocrx_word' id='word_1_46' title='bbox 1734 544 1838 583; x_wconf 90' lang='lat' dir='ltr'>pro-</span> 
     </span>
     <span class='ocr_line' id='line_1_6' title="bbox 65 587 1837 655; baseline -0.002 -8"><span class='ocrx_word' id='word_1_47' title='bbox 65 607 233 647; x_wconf 87' lang='lat' dir='ltr'>careat.</span> <span class='ocrx_word' id='word_1_48' title='bbox 267 604 422 646; x_wconf 91' lang='lat' dir='ltr'>Eciam</span> <span class='ocrx_word' id='word_1_49' title='bbox 445 603 632 646; x_wconf 87' lang='lat' dir='ltr'>inabilis</span> <span class='ocrx_word' id='word_1_50' title='bbox 667 587 669 624; x_wconf 33' lang='grc' dir='ltr'><em>ἶ</em></span> <span class='ocrx_word' id='word_1_51' title='bbox 705 615 873 645; x_wconf 91' lang='lat' dir='ltr'>curans</span> <span class='ocrx_word' id='word_1_52' title='bbox 900 615 1064 655; x_wconf 81' lang='lat' dir='ltr'>preces</span> <span class='ocrx_word' id='word_1_53' title='bbox 1091 603 1212 644; x_wconf 92' lang='lat' dir='ltr'>ultra</span> <span class='ocrx_word' id='word_1_54' title='bbox 1240 615 1387 655; x_wconf 92' lang='lat' dir='ltr'>penas</span> <span class='ocrx_word' id='word_1_55' title='bbox 1413 601 1648 655; x_wconf 90' lang='lat' dir='ltr'>predictas</span> <span class='ocrx_word' id='word_1_56' title='bbox 1677 602 1733 644; x_wconf 85' lang='lat' dir='ltr'>sit</span> <span class='ocrx_word' id='word_1_57' title='bbox 1760 614 1837 643; x_wconf 84' lang='lat' dir='ltr'>ex-</span> 
     </span>
     <span class='ocr_line' id='line_1_7' title="bbox 68 670 1379 728; baseline -0.002 -11"><span class='ocrx_word' id='word_1_58' title='bbox 68 675 171 728; x_wconf 89' lang='lat' dir='ltr'>ipso</span> <span class='ocrx_word' id='word_1_59' title='bbox 195 674 295 716; x_wconf 90' lang='lat' dir='ltr'>iure</span> <span class='ocrx_word' id='word_1_60' title='bbox 321 674 406 717; x_wconf 85' lang='lat' dir='ltr'>fiat</span> <span class='ocrx_word' id='word_1_61' title='bbox 430 674 488 716; x_wconf 91' lang='lat' dir='ltr'>ad</span> <span class='ocrx_word' id='word_1_62' title='bbox 512 673 633 727; x_wconf 84' lang='lat' dir='ltr'>epis·</span> <span class='ocrx_word' id='word_1_63' title='bbox 667 683 669 722; x_wconf 65' lang='grc' dir='ltr'><strong>ε</strong></span> <span class='ocrx_word' id='word_1_64' title='bbox 705 673 1066 715; x_wconf 84' lang='lat' dir='ltr'>communicatus</span> <span class='ocrx_word' id='word_1_65' title='bbox 1094 673 1196 726; x_wconf 92' lang='lat' dir='ltr'>ipso</span> <span class='ocrx_word' id='word_1_66' title='bbox 1219 670 1379 726; x_wconf 81' lang='lat' dir='ltr'>iure.¹‘)</span> 
     </span>
     <span class='ocr_line' id='line_1_8' title="bbox 65 726 669 798; baseline -0.003 -11"><span class='ocrx_word' id='word_1_67' title='bbox 65 748 277 798; x_wconf 17' lang='lat' dir='ltr'>cropatum</span> <span class='ocrx_word' id='word_1_68' title='bbox 352 748 397 787; x_wconf 88' lang='lat' dir='ltr'>et</span> <span class='ocrx_word' id='word_1_69' title='bbox 471 756 632 786; x_wconf 90' lang='lat' dir='ltr'>omnes</span> <span class='ocrx_word' id='word_1_70' title='bbox 668 726 669 784; x_wconf 52' lang='lat' dir='ltr'>l</span> 
     </span>
     <span class='ocr_line' id='line_1_9' title="bbox 63 814 669 868; baseline 0.003 -11"><span class='ocrx_word' id='word_1_71' title='bbox 63 815 405 858; x_wconf 88' lang='lat' dir='ltr'>ecclesiasticas</span> <span class='ocrx_word' id='word_1_72' title='bbox 437 814 634 868; x_wconf 83' lang='lat' dir='ltr'>dignita·</span> <span class='ocrx_word' id='word_1_73' title='bbox 668 852 669 859; x_wconf 70' lang='grc'>,</span> 
     </span>
     <span class='ocr_line' id='line_1_10' title="bbox 71 888 194 942; baseline 0 -14"><span class='ocrx_word' id='word_1_74' title='bbox 71 888 194 942; x_wconf 78' lang='lat' dir='ltr'>tes.⁰)</span> 
     </span>
    </p>

    <p class='ocr_par' dir='ltr' id='par_1_3' title="bbox 745 1023 1150 1079">
     <span class='ocr_line' id='line_1_11' title="bbox 745 1023 1150 1079; baseline -0.002 -10"><span class='ocrx_word' id='word_1_75' title='bbox 745 1026 785 1069; x_wconf 85' lang='lat'>3.</span> <span class='ocrx_word' id='word_1_76' title='bbox 819 1026 892 1069; x_wconf 89' lang='lat' dir='ltr'>Ad</span> <span class='ocrx_word' id='word_1_77' title='bbox 925 1023 1150 1079; x_wconf 74' lang='lat' dir='ltr'>idem.d)²)</span> 
     </span>
    </p>

    <p class='ocr_par' dir='ltr' id='par_1_4' title="bbox 69 1107 1845 2432">
     <span class='ocr_line' id='line_1_12' title="bbox 187 1107 1841 1163; baseline -0.003 -11"><span class='ocrx_word' id='word_1_78' title='bbox 187 1109 234 1152; x_wconf 89' lang='lat' dir='ltr'>Si</span> <span class='ocrx_word' id='word_1_79' title='bbox 256 1108 361 1163; x_wconf 92' lang='lat' dir='ltr'>quis</span> <span class='ocrx_word' id='word_1_80' title='bbox 379 1109 564 1151; x_wconf 88' lang='lat' dir='ltr'>vocales</span> <span class='ocrx_word' id='word_1_81' title='bbox 591 1112 667 1151; x_wconf 93' lang='lat' dir='ltr'>aut</span> <span class='ocrx_word' id='word_1_82' title='bbox 693 1108 922 1150; x_wconf 83' lang='lat' dir='ltr'>litterales</span> <span class='ocrx_word' id='word_1_83' title='bbox 946 1120 1112 1161; x_wconf 83' lang='lat' dir='ltr'>preces</span> <span class='ocrx_word' id='word_1_84' title='bbox 1139 1120 1518 1160; x_wconf 91' lang='lat' dir='ltr'>quorumcunque</span> <span class='ocrx_word' id='word_1_85' title='bbox 1546 1107 1841 1157; x_wconf 83' lang='lat' dir='ltr'>secularium,</span> 
     </span>
     <span class='ocr_line' id='line_1_13' title="bbox 70 1177 1841 1233; baseline -0.002 -11"><span class='ocrx_word' id='word_1_86' title='bbox 70 1192 160 1233; x_wconf 90' lang='lat' dir='ltr'>que</span> <span class='ocrx_word' id='word_1_87' title='bbox 185 1183 262 1222; x_wconf 90' lang='lat' dir='ltr'>aut</span> <span class='ocrx_word' id='word_1_88' title='bbox 282 1183 477 1233; x_wconf 87' lang='lat' dir='ltr'>propter</span> <span class='ocrx_word' id='word_1_89' title='bbox 506 1179 982 1232; x_wconf 85' lang='lat' dir='ltr'>consanguineitatem</span> <span class='ocrx_word' id='word_1_90' title='bbox 1012 1178 1086 1220; x_wconf 89' lang='lat' dir='ltr'>vel</span> <span class='ocrx_word' id='word_1_91' title='bbox 1117 1178 1234 1220; x_wconf 91' lang='lat' dir='ltr'>alias</span> <span class='ocrx_word' id='word_1_92' title='bbox 1262 1177 1520 1230; x_wconf 89' lang='lat' dir='ltr'>symoniam</span> <span class='ocrx_word' id='word_1_93' title='bbox 1552 1178 1735 1230; x_wconf 92' lang='lat' dir='ltr'>sapiant</span> <span class='ocrx_word' id='word_1_94' title='bbox 1764 1179 1841 1219; x_wconf 89' lang='lat' dir='ltr'>aut</span> 
     </span>
     <span class='ocr_line' id='line_1_14' title="bbox 69 1248 1840 1304; baseline -0.002 -13"><span class='ocrx_word' id='word_1_95' title='bbox 69 1253 262 1304; x_wconf 90' lang='lat' dir='ltr'>propter</span> <span class='ocrx_word' id='word_1_96' title='bbox 284 1250 548 1304; x_wconf 75' lang='lat' dir='ltr'>potenciam</span> <span class='ocrx_word' id='word_1_97' title='bbox 581 1249 938 1302; x_wconf 89' lang='lat' dir='ltr'>deprecancium</span> <span class='ocrx_word' id='word_1_98' title='bbox 969 1249 1342 1301; x_wconf 89' lang='lat' dir='ltr'>impressionem,</span> <span class='ocrx_word' id='word_1_99' title='bbox 1374 1261 1459 1302; x_wconf 93' lang='lat' dir='ltr'>pro</span> <span class='ocrx_word' id='word_1_100' title='bbox 1491 1261 1574 1291; x_wconf 92' lang='lat' dir='ltr'>sua</span> <span class='ocrx_word' id='word_1_101' title='bbox 1605 1248 1840 1289; x_wconf 88' lang='lat' dir='ltr'>eleccione</span> 
     </span>
     <span class='ocr_line' id='line_1_15' title="bbox 70 1309 1841 1374; baseline -0.002 -11"><span class='ocrx_word' id='word_1_102' title='bbox 70 1325 149 1364; x_wconf 91' lang='lat' dir='ltr'>aut</span> <span class='ocrx_word' id='word_1_103' title='bbox 167 1321 467 1374; x_wconf 88' lang='lat' dir='ltr'>promocione</span> <span class='ocrx_word' id='word_1_104' title='bbox 487 1321 546 1363; x_wconf 89' lang='lat' dir='ltr'>ad</span> <span class='ocrx_word' id='word_1_105' title='bbox 564 1320 884 1374; x_wconf 90' lang='lat' dir='ltr'>episcopatum</span> <span class='ocrx_word' id='word_1_106' title='bbox 906 1320 980 1361; x_wconf 92' lang='lat' dir='ltr'>vel</span> <span class='ocrx_word' id='word_1_107' title='bbox 1003 1319 1242 1362; x_wconf 87' lang='lat' dir='ltr'>abbaciam</span> <span class='ocrx_word' id='word_1_108' title='bbox 1266 1319 1378 1373; x_wconf 62' lang='lat' dir='ltr'>velss)</span> <span class='ocrx_word' id='word_1_109' title='bbox 1401 1309 1670 1372; x_wconf 86' lang='lat' dir='ltr'>provisione</span> <span class='ocrx_word' id='word_1_110' title='bbox 1692 1318 1841 1360; x_wconf 86' lang='lat' dir='ltr'>cuius-</span> 
     </span>
     <span class='ocr_line' id='line_1_16' title="bbox 70 1389 1842 1445; baseline -0.002 -11"><span class='ocrx_word' id='word_1_111' title='bbox 70 1404 251 1445; x_wconf 88' lang='lat' dir='ltr'>cunque</span> <span class='ocrx_word' id='word_1_112' title='bbox 279 1391 501 1433; x_wconf 81' lang='lat' dir='ltr'>beneficii</span> <span class='ocrx_word' id='word_1_113' title='bbox 532 1391 837 1433; x_wconf 86' lang='lat' dir='ltr'>ecclesiastici</span> <span class='ocrx_word' id='word_1_114' title='bbox 871 1391 1138 1444; x_wconf 88' lang='lat' dir='ltr'>impetrare,</span> <span class='ocrx_word' id='word_1_115' title='bbox 1172 1390 1236 1431; x_wconf 93' lang='lat' dir='ltr'>uti</span> <span class='ocrx_word' id='word_1_116' title='bbox 1270 1392 1348 1432; x_wconf 89' lang='lat' dir='ltr'>aut</span> <span class='ocrx_word' id='word_1_117' title='bbox 1379 1389 1657 1443; x_wconf 90' lang='lat' dir='ltr'>approbare,</span> <span class='ocrx_word' id='word_1_118' title='bbox 1690 1401 1842 1441; x_wconf 88' lang='lat' dir='ltr'>ymmo</span> 
     </span>
     <span class='ocr_line' id='line_1_17' title="bbox 70 1454 1842 1515; baseline -0.002 -12"><span class='ocrx_word' id='word_1_119' title='bbox 70 1474 164 1504; x_wconf 91' lang='lat' dir='ltr'>non</span> <span class='ocrx_word' id='word_1_120' title='bbox 194 1473 423 1515; x_wconf 78' lang='lat' dir='ltr'>expresse</span> <span class='ocrx_word' id='word_1_121' title='bbox 457 1461 776 1504; x_wconf 78' lang='lat' dir='ltr'>contradicere</span> <span class='ocrx_word' id='word_1_122' title='bbox 809 1464 855 1503; x_wconf 86' lang='lat' dir='ltr'>et</span> <span class='ocrx_word' id='word_1_123' title='bbox 887 1461 1055 1513; x_wconf 89' lang='lat' dir='ltr'>statim,</span> <span class='ocrx_word' id='word_1_124' title='bbox 1088 1473 1191 1502; x_wconf 91' lang='lat' dir='ltr'>cum</span> <span class='ocrx_word' id='word_1_125' title='bbox 1225 1461 1409 1513; x_wconf 91' lang='lat' dir='ltr'>poterit,</span> <span class='ocrx_word' id='word_1_126' title='bbox 1439 1454 1725 1502; x_wconf 89' lang='lat' dir='ltr'>electoribus</span> <span class='ocrx_word' id='word_1_127' title='bbox 1758 1472 1842 1501; x_wconf 88' lang='lat' dir='ltr'>seu</span> 
     </span>
     <span class='ocr_line' id='line_1_18' title="bbox 70 1524 1843 1586; baseline -0.002 -11"><span class='ocrx_word' id='word_1_128' title='bbox 70 1532 324 1586; x_wconf 89' lang='lat' dir='ltr'>promotori</span> <span class='ocrx_word' id='word_1_129' title='bbox 356 1535 435 1575; x_wconf 86' lang='lat' dir='ltr'>aut</span> <span class='ocrx_word' id='word_1_130' title='bbox 468 1525 700 1586; x_wconf 86' lang='lat' dir='ltr'>provisori</span> <span class='ocrx_word' id='word_1_131' title='bbox 734 1531 1154 1574; x_wconf 81' lang='lat' dir='ltr'>contradiccionem</span> <span class='ocrx_word' id='word_1_132' title='bbox 1192 1543 1322 1573; x_wconf 91' lang='lat' dir='ltr'>suam</span> <span class='ocrx_word' id='word_1_133' title='bbox 1357 1524 1450 1573; x_wconf 88' lang='lat' dir='ltr'>non</span> <span class='ocrx_word' id='word_1_134' title='bbox 1486 1530 1702 1572; x_wconf 87' lang='lat' dir='ltr'>intimare</span> <span class='ocrx_word' id='word_1_135' title='bbox 1739 1542 1843 1583; x_wconf 91' lang='lat' dir='ltr'>pre-</span> 
     </span>
     <span class='ocr_line' id='line_1_19' title="bbox 71 1600 1844 1656; baseline -0.002 -12"><span class='ocrx_word' id='word_1_136' title='bbox 71 1603 337 1656; x_wconf 85' lang='lat' dir='ltr'>sumpserit,</span> <span class='ocrx_word' id='word_1_137' title='bbox 358 1603 549 1656; x_wconf 85' lang='lat' dir='ltr'>eleccio,</span> <span class='ocrx_word' id='word_1_138' title='bbox 577 1603 816 1656; x_wconf 90' lang='lat' dir='ltr'>promocio</span> <span class='ocrx_word' id='word_1_139' title='bbox 843 1603 918 1644; x_wconf 90' lang='lat' dir='ltr'>vel</span> <span class='ocrx_word' id='word_1_140' title='bbox 946 1601 1155 1655; x_wconf 89' lang='lat' dir='ltr'>provisio</span> <span class='ocrx_word' id='word_1_141' title='bbox 1183 1601 1313 1643; x_wconf 92' lang='lat' dir='ltr'>nulla</span> <span class='ocrx_word' id='word_1_142' title='bbox 1344 1602 1403 1644; x_wconf 92' lang='lat' dir='ltr'>sit</span> <span class='ocrx_word' id='word_1_143' title='bbox 1431 1604 1475 1643; x_wconf 89' lang='lat' dir='ltr'>et</span> <span class='ocrx_word' id='word_1_144' title='bbox 1504 1600 1605 1654; x_wconf 92' lang='lat' dir='ltr'>ipse</span> <span class='ocrx_word' id='word_1_145' title='bbox 1636 1601 1694 1642; x_wconf 94' lang='lat' dir='ltr'>ad</span> <span class='ocrx_word' id='word_1_146' title='bbox 1723 1600 1844 1653; x_wconf 91' lang='lat' dir='ltr'>epis-</span> 
     </span>
     <span class='ocr_line' id='line_1_20' title="bbox 70 1667 1843 1727; baseline -0.002 -11"><span class='ocrx_word' id='word_1_147' title='bbox 70 1677 283 1727; x_wconf 80' lang='lat' dir='ltr'>copatum</span> <span class='ocrx_word' id='word_1_148' title='bbox 309 1673 465 1727; x_wconf 73' lang='lat' dir='ltr'>ipsum</span> <span class='ocrx_word' id='word_1_149' title='bbox 494 1685 581 1716; x_wconf 87' lang='lat' dir='ltr'>seu</span> <span class='ocrx_word' id='word_1_150' title='bbox 613 1673 853 1715; x_wconf 87' lang='lat' dir='ltr'>abbaciam</span> <span class='ocrx_word' id='word_1_151' title='bbox 885 1667 959 1714; x_wconf 90' lang='lat' dir='ltr'>vel</span> <span class='ocrx_word' id='word_1_152' title='bbox 993 1672 1279 1714; x_wconf 84' lang='lat' dir='ltr'>beneficium</span> <span class='ocrx_word' id='word_1_153' title='bbox 1309 1684 1369 1714; x_wconf 91' lang='lat' dir='ltr'>ea</span> <span class='ocrx_word' id='word_1_154' title='bbox 1400 1671 1498 1713; x_wconf 84' lang='lat' dir='ltr'>vioe</span> <span class='ocrx_word' id='word_1_155' title='bbox 1533 1671 1591 1714; x_wconf 91' lang='lat' dir='ltr'>sit</span> <span class='ocrx_word' id='word_1_156' title='bbox 1622 1670 1843 1713; x_wconf 88' lang='lat' dir='ltr'>inhabilis</span> 
     </span>
     <span class='ocr_line' id='line_1_21' title="bbox 72 1741 1842 1797; baseline -0.002 -11"><span class='ocrx_word' id='word_1_157' title='bbox 72 1743 176 1797; x_wconf 91' lang='lat' dir='ltr'>ipso</span> <span class='ocrx_word' id='word_1_158' title='bbox 203 1744 319 1786; x_wconf 85' lang='lat' dir='ltr'>iure.</span> <span class='ocrx_word' id='word_1_159' title='bbox 360 1743 555 1797; x_wconf 87' lang='lat' dir='ltr'>Sapiunt</span> <span class='ocrx_word' id='word_1_160' title='bbox 579 1743 706 1785; x_wconf 90' lang='lat' dir='ltr'>enim</span> <span class='ocrx_word' id='word_1_161' title='bbox 735 1748 785 1787; x_wconf 87' lang='lat' dir='ltr'>ut</span> <span class='ocrx_word' id='word_1_162' title='bbox 810 1743 1064 1796; x_wconf 90' lang='lat' dir='ltr'>plurimum</span> <span class='ocrx_word' id='word_1_163' title='bbox 1093 1743 1212 1784; x_wconf 88' lang='lat' dir='ltr'>tales</span> <span class='ocrx_word' id='word_1_164' title='bbox 1241 1755 1408 1795; x_wconf 86' lang='lat' dir='ltr'>preces</span> <span class='ocrx_word' id='word_1_165' title='bbox 1436 1742 1602 1783; x_wconf 89' lang='lat' dir='ltr'>vicium</span> <span class='ocrx_word' id='word_1_166' title='bbox 1634 1741 1842 1794; x_wconf 87' lang='lat' dir='ltr'>symonie</span> 
     </span>
     <span class='ocr_line' id='line_1_22' title="bbox 72 1808 1842 1868; baseline -0.002 -11"><span class='ocrx_word' id='word_1_167' title='bbox 72 1819 241 1857; x_wconf 89' lang='lat' dir='ltr'>etcum</span> <span class='ocrx_word' id='word_1_168' title='bbox 265 1828 292 1857; x_wconf 91' lang='lat' dir='ltr'>a</span> <span class='ocrx_word' id='word_1_169' title='bbox 313 1815 660 1868; x_wconf 86' lang='lat' dir='ltr'>potencioribus</span> <span class='ocrx_word' id='word_1_170' title='bbox 688 1808 977 1867; x_wconf 86' lang='lat' dir='ltr'>ingeruntur,</span> <span class='ocrx_word' id='word_1_171' title='bbox 1005 1816 1176 1855; x_wconf 90' lang='lat' dir='ltr'>metum</span> <span class='ocrx_word' id='word_1_172' title='bbox 1203 1816 1248 1855; x_wconf 90' lang='lat' dir='ltr'>et</span> <span class='ocrx_word' id='word_1_173' title='bbox 1275 1813 1458 1855; x_wconf 88' lang='lat' dir='ltr'>tacitam</span> <span class='ocrx_word' id='word_1_174' title='bbox 1487 1812 1842 1866; x_wconf 92' lang='lat' dir='ltr'>impressionem</span> 
     </span>
     <span class='ocr_line' id='line_1_23' title="bbox 72 1883 1844 1938; baseline -0.002 -10"><span class='ocrx_word' id='word_1_175' title='bbox 72 1885 308 1928; x_wconf 89' lang='lat' dir='ltr'>inducunt.</span> <span class='ocrx_word' id='word_1_176' title='bbox 343 1885 390 1928; x_wconf 88' lang='lat' dir='ltr'>Si</span> <span class='ocrx_word' id='word_1_177' title='bbox 411 1885 518 1938; x_wconf 79' lang='lat' dir='ltr'>quis</span> <span class='ocrx_word' id='word_1_178' title='bbox 540 1885 686 1927; x_wconf 77' lang='lat' dir='ltr'>eciam</span> <span class='ocrx_word' id='word_1_179' title='bbox 707 1885 954 1926; x_wconf 85' lang='lat' dir='ltr'>ecclesiam</span> <span class='ocrx_word' id='word_1_180' title='bbox 979 1896 1301 1937; x_wconf 90' lang='lat' dir='ltr'>quamcunque</span> <span class='ocrx_word' id='word_1_181' title='bbox 1328 1896 1412 1926; x_wconf 90' lang='lat' dir='ltr'>seu</span> <span class='ocrx_word' id='word_1_182' title='bbox 1434 1883 1717 1925; x_wconf 79' lang='lat' dir='ltr'>beneficium</span> <span class='ocrx_word' id='word_1_183' title='bbox 1739 1886 1844 1936; x_wconf 89' lang='lat' dir='ltr'>post</span> 
     </span>
     <span class='ocr_line' id='line_1_24' title="bbox 73 1953 1843 2009; baseline -0.001 -12"><span class='ocrx_word' id='word_1_184' title='bbox 73 1968 172 1998; x_wconf 89' lang='lat' dir='ltr'>rem</span> <span class='ocrx_word' id='word_1_185' title='bbox 209 1958 370 1999; x_wconf 88' lang='lat' dir='ltr'>contra</span> <span class='ocrx_word' id='word_1_186' title='bbox 410 1956 561 2009; x_wconf 88' lang='lat' dir='ltr'>ipsum</span> <span class='ocrx_word' id='word_1_187' title='bbox 598 1955 648 1997; x_wconf 81' lang='lat' dir='ltr'>in</span> <span class='ocrx_word' id='word_1_188' title='bbox 687 1955 793 1998; x_wconf 81' lang='lat' dir='ltr'>foro</span> <span class='ocrx_word' id='word_1_189' title='bbox 830 1955 1148 1998; x_wconf 84' lang='lat' dir='ltr'>ecclesiastico</span> <span class='ocrx_word' id='word_1_190' title='bbox 1187 1955 1233 1995; x_wconf 92' lang='lat' dir='ltr'>in</span> <span class='ocrx_word' id='word_1_191' title='bbox 1271 1954 1567 2007; x_wconf 87' lang='lat' dir='ltr'>possessorio</span> <span class='ocrx_word' id='word_1_192' title='bbox 1606 1966 1691 1996; x_wconf 91' lang='lat' dir='ltr'>seu</span> <span class='ocrx_word' id='word_1_193' title='bbox 1728 1953 1843 2006; x_wconf 89' lang='lat' dir='ltr'>peti-</span> 
     </span>
     <span class='ocr_line' id='line_1_25' title="bbox 74 2020 1844 2080; baseline -0.002 -11"><span class='ocrx_word' id='word_1_194' title='bbox 74 2027 192 2069; x_wconf 93' lang='lat' dir='ltr'>torio</span> <span class='ocrx_word' id='word_1_195' title='bbox 210 2026 472 2080; x_wconf 90' lang='lat' dir='ltr'>iudicatam,</span> <span class='ocrx_word' id='word_1_196' title='bbox 497 2029 544 2068; x_wconf 90' lang='lat' dir='ltr'>et</span> <span class='ocrx_word' id='word_1_197' title='bbox 570 2029 728 2069; x_wconf 91' lang='lat' dir='ltr'>contra</span> <span class='ocrx_word' id='word_1_198' title='bbox 753 2025 1072 2068; x_wconf 86' lang='lat' dir='ltr'>executorium</span> <span class='ocrx_word' id='word_1_199' title='bbox 1100 2025 1286 2067; x_wconf 92' lang='lat' dir='ltr'>iudicati</span> <span class='ocrx_word' id='word_1_200' title='bbox 1312 2037 1398 2078; x_wconf 92' lang='lat' dir='ltr'>per</span> <span class='ocrx_word' id='word_1_201' title='bbox 1426 2025 1572 2067; x_wconf 88' lang='lat' dir='ltr'>solam</span> <span class='ocrx_word' id='word_1_202' title='bbox 1596 2020 1705 2066; x_wconf 84' lang='lat' dir='ltr'>facti</span> <span class='ocrx_word' id='word_1_203' title='bbox 1732 2023 1844 2066; x_wconf 85' lang='lat' dir='ltr'>resi-</span> 
     </span>
     <span class='ocr_line' id='line_1_26' title="bbox 74 2094 1842 2150; baseline -0.002 -11"><span class='ocrx_word' id='word_1_204' title='bbox 74 2098 296 2140; x_wconf 86' lang='lat' dir='ltr'>stenciam</span> <span class='ocrx_word' id='word_1_205' title='bbox 321 2109 412 2150; x_wconf 85' lang='lat' dir='ltr'>per</span> <span class='ocrx_word' id='word_1_206' title='bbox 443 2109 651 2139; x_wconf 90' lang='lat' dir='ltr'>mensem</span> <span class='ocrx_word' id='word_1_207' title='bbox 685 2110 710 2139; x_wconf 92' lang='lat' dir='ltr'>a</span> <span class='ocrx_word' id='word_1_208' title='bbox 744 2096 819 2138; x_wconf 91' lang='lat' dir='ltr'>die</span> <span class='ocrx_word' id='word_1_209' title='bbox 855 2096 1052 2139; x_wconf 86' lang='lat' dir='ltr'>sciencie</span> <span class='ocrx_word' id='word_1_210' title='bbox 1087 2095 1298 2138; x_wconf 90' lang='lat' dir='ltr'>detinere</span> <span class='ocrx_word' id='word_1_211' title='bbox 1332 2094 1686 2148; x_wconf 89' lang='lat' dir='ltr'>presumpserit,</span> <span class='ocrx_word' id='word_1_212' title='bbox 1720 2095 1842 2137; x_wconf 90' lang='lat' dir='ltr'>omni</span> 
     </span>
     <span class='ocr_line' id='line_1_27' title="bbox 75 2164 1844 2221; baseline -0.002 -12"><span class='ocrx_word' id='word_1_213' title='bbox 75 2167 190 2221; x_wconf 87' lang='lat' dir='ltr'>iure,</span> <span class='ocrx_word' id='word_1_214' title='bbox 226 2167 349 2221; x_wconf 91' lang='lat' dir='ltr'>quod</span> <span class='ocrx_word' id='word_1_215' title='bbox 385 2168 432 2209; x_wconf 92' lang='lat' dir='ltr'>in</span> <span class='ocrx_word' id='word_1_216' title='bbox 466 2167 550 2210; x_wconf 93' lang='lat' dir='ltr'>illo</span> <span class='ocrx_word' id='word_1_217' title='bbox 584 2168 657 2209; x_wconf 88' lang='lat' dir='ltr'>vel</span> <span class='ocrx_word' id='word_1_218' title='bbox 695 2167 754 2209; x_wconf 93' lang='lat' dir='ltr'>ad</span> <span class='ocrx_word' id='word_1_219' title='bbox 789 2164 951 2220; x_wconf 72' lang='lat' dir='ltr'>aliudf)</span> <span class='ocrx_word' id='word_1_220' title='bbox 991 2166 1079 2208; x_wconf 93' lang='lat' dir='ltr'>sibi</span> <span class='ocrx_word' id='word_1_221' title='bbox 1116 2165 1236 2208; x_wconf 83' lang='lat' dir='ltr'>forte</span> <span class='ocrx_word' id='word_1_222' title='bbox 1271 2165 1564 2218; x_wconf 86' lang='lat' dir='ltr'>competebat</span> <span class='ocrx_word' id='word_1_223' title='bbox 1596 2169 1643 2208; x_wconf 90' lang='lat' dir='ltr'>et</span> <span class='ocrx_word' id='word_1_224' title='bbox 1675 2164 1844 2207; x_wconf 87' lang='lat' dir='ltr'>ceteris</span> 
     </span>
     <span class='ocr_line' id='line_1_28' title="bbox 75 2235 1844 2291; baseline -0.002 -11"><span class='ocrx_word' id='word_1_225' title='bbox 75 2237 321 2281; x_wconf 78' lang='lat' dir='ltr'>beneficiis</span> <span class='ocrx_word' id='word_1_226' title='bbox 355 2238 412 2281; x_wconf 81' lang='lat' dir='ltr'>sit</span> <span class='ocrx_word' id='word_1_227' title='bbox 446 2238 548 2291; x_wconf 89' lang='lat' dir='ltr'>ipso</span> <span class='ocrx_word' id='word_1_228' title='bbox 578 2237 683 2280; x_wconf 87' lang='lat' dir='ltr'>iure</span> <span class='ocrx_word' id='word_1_229' title='bbox 714 2238 937 2291; x_wconf 82' lang='lat' dir='ltr'>privatus.</span> <span class='ocrx_word' id='word_1_230' title='bbox 984 2236 1051 2279; x_wconf 89' lang='lat' dir='ltr'>Sit</span> <span class='ocrx_word' id='word_1_231' title='bbox 1083 2239 1301 2290; x_wconf 89' lang='lat' dir='ltr'>preterea</span> <span class='ocrx_word' id='word_1_232' title='bbox 1336 2236 1558 2278; x_wconf 90' lang='lat' dir='ltr'>inhabilis</span> <span class='ocrx_word' id='word_1_233' title='bbox 1592 2235 1651 2278; x_wconf 48' lang='lat' dir='ltr'>ard</span> <span class='ocrx_word' id='word_1_234' title='bbox 1683 2247 1844 2277; x_wconf 87' lang='lat' dir='ltr'>omnes</span> 
     </span>
     <span class='ocr_line' id='line_1_29' title="bbox 75 2305 1845 2362; baseline -0.002 -12"><span class='ocrx_word' id='word_1_235' title='bbox 75 2308 191 2351; x_wconf 88' lang='lat' dir='ltr'>alias</span> <span class='ocrx_word' id='word_1_236' title='bbox 213 2308 466 2362; x_wconf 80' lang='lat' dir='ltr'>dignitates</span> <span class='ocrx_word' id='word_1_237' title='bbox 496 2311 542 2350; x_wconf 90' lang='lat' dir='ltr'>et</span> <span class='ocrx_word' id='word_1_238' title='bbox 571 2307 886 2351; x_wconf 87' lang='lat' dir='ltr'>ecclesiastica</span> <span class='ocrx_word' id='word_1_239' title='bbox 918 2307 1151 2349; x_wconf 86' lang='lat' dir='ltr'>beneficia</span> <span class='ocrx_word' id='word_1_240' title='bbox 1183 2306 1449 2349; x_wconf 89' lang='lat' dir='ltr'>obtinenda.</span> <span class='ocrx_word' id='word_1_241' title='bbox 1494 2306 1666 2348; x_wconf 90' lang='lat' dir='ltr'>Eadem</span> <span class='ocrx_word' id='word_1_242' title='bbox 1700 2305 1845 2348; x_wconf 89' lang='lat' dir='ltr'>eciam</span> 
     </span>
     <span class='ocr_line' id='line_1_30' title="bbox 76 2370 1845 2432; baseline -0.001 -12"><span class='ocrx_word' id='word_1_243' title='bbox 76 2391 198 2432; x_wconf 90' lang='lat' dir='ltr'>pena</span> <span class='ocrx_word' id='word_1_244' title='bbox 222 2379 329 2432; x_wconf 82' lang='lat' dir='ltr'>ipso</span> <span class='ocrx_word' id='word_1_245' title='bbox 357 2379 460 2421; x_wconf 90' lang='lat' dir='ltr'>iure</span> <span class='ocrx_word' id='word_1_246' title='bbox 488 2378 828 2432; x_wconf 49' lang='lat' dir='ltr'>percellaturf)</span> <span class='ocrx_word' id='word_1_247' title='bbox 862 2378 899 2421; x_wconf 85' lang='lat' dir='ltr'>si</span> <span class='ocrx_word' id='word_1_248' title='bbox 929 2377 1033 2431; x_wconf 87' lang='lat' dir='ltr'>quis</span> <span class='ocrx_word' id='word_1_249' title='bbox 1063 2390 1205 2430; x_wconf 91' lang='lat' dir='ltr'>super</span> <span class='ocrx_word' id='word_1_250' title='bbox 1233 2370 1518 2431; x_wconf 78' lang='lat' dir='ltr'>episcopatu,</span> <span class='ocrx_word' id='word_1_251' title='bbox 1549 2376 1741 2419; x_wconf 91' lang='lat' dir='ltr'>abbacia</span> <span class='ocrx_word' id='word_1_252' title='bbox 1770 2377 1845 2418; x_wconf 88' lang='lat' dir='ltr'>vel</span> 
     </span>
    </p>
   </div>
   <div class='ocr_carea' id='block_1_3' title="bbox 76 2503 1847 3012">
    <p class='ocr_par' dir='ltr' id='par_1_5' title="bbox 76 2503 1847 3012">
     <span class='ocr_line' id='line_1_31' title="bbox 181 2503 1846 2540; baseline -0.003 -7"><span class='ocrx_word' id='word_1_253' title='bbox 181 2511 212 2537; x_wconf 81' lang='lat' dir='ltr'>a)</span> <span class='ocrx_word' id='word_1_254' title='bbox 235 2507 261 2533; x_wconf 74' lang='lat' dir='ltr'><em>E</em></span> <span class='ocrx_word' id='word_1_255' title='bbox 279 2505 410 2533; x_wconf 84' lang='lat' dir='ltr'>dieitur.</span> <span class='ocrx_word' id='word_1_256' title='bbox 467 2506 498 2533; x_wconf 72' lang='grc'>1»)</span> <span class='ocrx_word' id='word_1_257' title='bbox 519 2506 551 2533; x_wconf 85' lang='lat' dir='ltr'>S¹</span> <span class='ocrx_word' id='word_1_258' title='bbox 563 2506 646 2540; x_wconf 62' lang='lat' dir='ltr'>sola!</span> <span class='ocrx_word' id='word_1_259' title='bbox 662 2505 819 2532; x_wconf 85' lang='lat' dir='ltr'>Volumus</span> <span class='ocrx_word' id='word_1_260' title='bbox 831 2506 941 2532; x_wconf 85' lang='lat' dir='ltr'>autem</span> <span class='ocrx_word' id='word_1_261' title='bbox 960 2504 1144 2539; x_wconf 79' lang='lat' dir='ltr'>predictam</span> <span class='ocrx_word' id='word_1_262' title='bbox 1157 2503 1432 2531; x_wconf 71' lang='lat' dir='ltr'>constitucionem</span> <span class='ocrx_word' id='word_1_263' title='bbox 1449 2503 1580 2530; x_wconf 81' lang='lat' dir='ltr'>extendi</span> <span class='ocrx_word' id='word_1_264' title='bbox 1596 2503 1636 2530; x_wconf 87' lang='lat' dir='ltr'>ad</span> <span class='ocrx_word' id='word_1_265' title='bbox 1650 2503 1846 2532; x_wconf 77' lang='lat' dir='ltr'>elecciones.</span> 
     </span>
     <span class='ocr_line' id='line_1_32' title="bbox 76 2550 1843 2588; baseline -0.002 -8"><span class='ocrx_word' id='word_1_266' title='bbox 76 2552 289 2583; x_wconf 76' lang='lat' dir='ltr'>collaciones.</span> <span class='ocrx_word' id='word_1_267' title='bbox 309 2553 529 2588; x_wconf 79' lang='lat' dir='ltr'>provisiones,</span> <span class='ocrx_word' id='word_1_268' title='bbox 549 2552 820 2587; x_wconf 69' lang='lat' dir='ltr'>presentaciones</span> <span class='ocrx_word' id='word_1_269' title='bbox 843 2559 900 2579; x_wconf 83' lang='lat' dir='ltr'>seu</span> <span class='ocrx_word' id='word_1_270' title='bbox 922 2551 1059 2586; x_wconf 80' lang='lat' dir='ltr'>quasvis</span> <span class='ocrx_word' id='word_1_271' title='bbox 1080 2551 1164 2578; x_wconf 79' lang='lat' dir='ltr'>alias</span> <span class='ocrx_word' id='word_1_272' title='bbox 1185 2551 1428 2585; x_wconf 70' lang='lat' dir='ltr'>disposiciones</span> <span class='ocrx_word' id='word_1_273' title='bbox 1456 2557 1727 2584; x_wconf 80' lang='lat' dir='ltr'>quorumcunque</span> <span class='ocrx_word' id='word_1_274' title='bbox 1749 2550 1843 2576; x_wconf 77' lang='lat' dir='ltr'>lwne-</span> 
     </span>
     <span class='ocr_line' id='line_1_33' title="bbox 77 2597 1846 2635; baseline -0.003 -8"><span class='ocrx_word' id='word_1_275' title='bbox 77 2600 237 2631; x_wconf 72' lang='lat' dir='ltr'>ticiornm„</span> <span class='ocrx_word' id='word_1_276' title='bbox 256 2600 390 2627; x_wconf 81' lang='lat' dir='ltr'>eciamsi</span> <span class='ocrx_word' id='word_1_277' title='bbox 412 2600 524 2634; x_wconf 81' lang='lat' dir='ltr'>aliqua</span> <span class='ocrx_word' id='word_1_278' title='bbox 544 2600 688 2635; x_wconf 86' lang='lat' dir='ltr'>ipsarum</span> <span class='ocrx_word' id='word_1_279' title='bbox 711 2599 858 2633; x_wconf 67' lang='lat' dir='ltr'>dignitas</span> <span class='ocrx_word' id='word_1_280' title='bbox 879 2607 937 2627; x_wconf 80' lang='lat' dir='ltr'>seu</span> <span class='ocrx_word' id='word_1_281' title='bbox 957 2600 1156 2634; x_wconf 83' lang='lat' dir='ltr'>personatus</span> <span class='ocrx_word' id='word_1_282' title='bbox 1171 2606 1229 2625; x_wconf 86' lang='lat' dir='ltr'>sen</span> <span class='ocrx_word' id='word_1_283' title='bbox 1244 2598 1389 2626; x_wconf 75' lang='lat' dir='ltr'>officium</span> <span class='ocrx_word' id='word_1_284' title='bbox 1407 2597 1509 2625; x_wconf 86' lang='lat' dir='ltr'>eciam</span> <span class='ocrx_word' id='word_1_285' title='bbox 1532 2605 1603 2624; x_wconf 87' lang='lat' dir='ltr'>cum</span> <span class='ocrx_word' id='word_1_286' title='bbox 1620 2604 1700 2624; x_wconf 80' lang='lat' dir='ltr'>cura</span> <span class='ocrx_word' id='word_1_287' title='bbox 1714 2597 1846 2624; x_wconf 73' lang='lat' dir='ltr'>existat.</span> 
     </span>
     <span class='ocr_line' id='line_1_34' title="bbox 79 2643 1846 2680; baseline -0.003 -5"><span class='ocrx_word' id='word_1_288' title='bbox 79 2662 106 2667; x_wconf 91' lang='lat'><em>—</em></span> <span class='ocrx_word' id='word_1_289' title='bbox 125 2648 183 2675; x_wconf 77' lang='lat' dir='ltr'>Am</span> <span class='ocrx_word' id='word_1_290' title='bbox 200 2649 313 2676; x_wconf 74' lang='lat' dir='ltr'>Ranae</span> <span class='ocrx_word' id='word_1_291' title='bbox 346 2648 458 2675; x_wconf 83' lang='lat' dir='ltr'>Placet</span> <span class='ocrx_word' id='word_1_292' title='bbox 478 2647 620 2674; x_wconf 83' lang='lat' dir='ltr'>nacioni.</span> <span class='ocrx_word' id='word_1_293' title='bbox 696 2652 725 2680; x_wconf 84' lang='lat' dir='ltr'>c)</span> <span class='ocrx_word' id='word_1_294' title='bbox 754 2648 780 2673; x_wconf 91' lang='lat' dir='ltr'><em>V</em></span> <span class='ocrx_word' id='word_1_295' title='bbox 795 2654 848 2673; x_wconf 79' lang='lat' dir='ltr'>(im</span> <span class='ocrx_word' id='word_1_296' title='bbox 871 2647 984 2673; x_wconf 74' lang='lat' dir='ltr'>Raude</span> <span class='ocrx_word' id='word_1_297' title='bbox 1020 2646 1132 2673; x_wconf 75' lang='lat' dir='ltr'>Placet</span> <span class='ocrx_word' id='word_1_298' title='bbox 1152 2646 1208 2673; x_wconf 83' lang='lat' dir='ltr'>sed</span> <span class='ocrx_word' id='word_1_299' title='bbox 1231 2645 1374 2672; x_wconf 78' lang='lat' dir='ltr'>addatur</span> <span class='ocrx_word' id='word_1_300' title='bbox 1394 2646 1469 2679; x_wconf 81' lang='lat' dir='ltr'>post</span> <span class='ocrx_word' id='word_1_301' title='bbox 1489 2645 1624 2671; x_wconf 79' lang='lat' dir='ltr'>verbum</span> <span class='ocrx_word' id='word_1_302' title='bbox 1647 2643 1846 2678; x_wconf 74' lang='lat' dir='ltr'>,provisoi·i‘:</span> 
     </span>
     <span class='ocr_line' id='line_1_35' title="bbox 76 2691 1844 2729; baseline -0.003 -7"><span class='ocrx_word' id='word_1_303' title='bbox 76 2695 134 2722; x_wconf 84' lang='lat' dir='ltr'>sed</span> <span class='ocrx_word' id='word_1_304' title='bbox 154 2695 257 2722; x_wconf 82' lang='lat' dir='ltr'>eciam</span> <span class='ocrx_word' id='word_1_305' title='bbox 278 2694 306 2722; x_wconf 77' lang='lat' dir='ltr'>si</span> <span class='ocrx_word' id='word_1_306' title='bbox 327 2702 442 2729; x_wconf 80' lang='lat' dir='ltr'>preces</span> <span class='ocrx_word' id='word_1_307' title='bbox 463 2694 667 2721; x_wconf 78' lang='lat' dir='ltr'>litteratorie</span> <span class='ocrx_word' id='word_1_308' title='bbox 692 2694 742 2721; x_wconf 79' lang='lat' dir='ltr'>vel</span> <span class='ocrx_word' id='word_1_309' title='bbox 765 2693 899 2721; x_wconf 81' lang='lat' dir='ltr'>vocales</span> <span class='ocrx_word' id='word_1_310' title='bbox 920 2693 985 2720; x_wconf 85' lang='lat' dir='ltr'>sint</span> <span class='ocrx_word' id='word_1_311' title='bbox 1007 2693 1092 2720; x_wconf 76' lang='lat' dir='ltr'>tales</span> <span class='ocrx_word' id='word_1_312' title='bbox 1113 2695 1145 2720; x_wconf 85' lang='lat' dir='ltr'>et</span> <span class='ocrx_word' id='word_1_313' title='bbox 1169 2701 1187 2719; x_wconf 79' lang='lat' dir='ltr'>a</span> <span class='ocrx_word' id='word_1_314' title='bbox 1212 2692 1268 2719; x_wconf 80' lang='lat' dir='ltr'>tali</span> <span class='ocrx_word' id='word_1_315' title='bbox 1292 2692 1342 2719; x_wconf 80' lang='lat' dir='ltr'>vel</span> <span class='ocrx_word' id='word_1_316' title='bbox 1365 2692 1492 2719; x_wconf 81' lang='lat' dir='ltr'>talibus</span> <span class='ocrx_word' id='word_1_317' title='bbox 1513 2693 1714 2718; x_wconf 73' lang='lat' dir='ltr'>einai-entur.</span> <span class='ocrx_word' id='word_1_318' title='bbox 1753 2691 1844 2723; x_wconf 70' lang='lat' dir='ltr'>Quod</span> 
     </span>
     <span class='ocr_line' id='line_1_36' title="bbox 78 2738 1846 2776; baseline -0.004 -7"><span class='ocrx_word' id='word_1_319' title='bbox 78 2741 104 2769; x_wconf 81' lang='lat' dir='ltr'>sl</span> <span class='ocrx_word' id='word_1_320' title='bbox 127 2749 189 2769; x_wconf 88' lang='lat' dir='ltr'>non</span> <span class='ocrx_word' id='word_1_321' title='bbox 205 2743 370 2776; x_wconf 76' lang='lat' dir='ltr'>pareatur,</span> <span class='ocrx_word' id='word_1_322' title='bbox 391 2741 521 2776; x_wconf 77' lang='lat' dir='ltr'>possint</span> <span class='ocrx_word' id='word_1_323' title='bbox 541 2741 706 2768; x_wconf 67' lang='lat' dir='ltr'>ciocum-s</span> <span class='ocrx_word' id='word_1_324' title='bbox 727 2748 784 2767; x_wconf 87' lang='lat' dir='ltr'>seu</span> <span class='ocrx_word' id='word_1_325' title='bbox 808 2740 1000 2775; x_wconf 69' lang='lat' dir='ltr'>provisores</span> <span class='ocrx_word' id='word_1_326' title='bbox 1021 2740 1161 2774; x_wconf 82' lang='lat' dir='ltr'>dampna</span> <span class='ocrx_word' id='word_1_327' title='bbox 1183 2747 1239 2766; x_wconf 89' lang='lat' dir='ltr'>seu</span> <span class='ocrx_word' id='word_1_328' title='bbox 1262 2738 1469 2766; x_wconf 85' lang='lat' dir='ltr'>incommoda</span> <span class='ocrx_word' id='word_1_329' title='bbox 1490 2746 1551 2765; x_wconf 89' lang='lat' dir='ltr'>non</span> <span class='ocrx_word' id='word_1_330' title='bbox 1574 2738 1702 2765; x_wconf 84' lang='lat' dir='ltr'>modica</span> <span class='ocrx_word' id='word_1_331' title='bbox 1722 2738 1752 2764; x_wconf 93' lang='lat' dir='ltr'>in</span> <span class='ocrx_word' id='word_1_332' title='bbox 1775 2745 1846 2771; x_wconf 59' lang='lat' dir='ltr'>pei·-</span> 
     </span>
     <span class='ocr_line' id='line_1_37' title="bbox 77 2785 1846 2817; baseline -0.004 -1"><span class='ocrx_word' id='word_1_333' title='bbox 77 2789 169 2816; x_wconf 79' lang='lat' dir='ltr'>sonis</span> <span class='ocrx_word' id='word_1_334' title='bbox 189 2789 258 2817; x_wconf 78' lang='lat' dir='ltr'>suis</span> <span class='ocrx_word' id='word_1_335' title='bbox 277 2789 330 2816; x_wconf 77' lang='lat' dir='ltr'>vel</span> <span class='ocrx_word' id='word_1_336' title='bbox 353 2796 486 2817; x_wconf 82' lang='lat' dir='ltr'>suornm</span> <span class='ocrx_word' id='word_1_337' title='bbox 509 2788 559 2816; x_wconf 77' lang='lat' dir='ltr'>vel</span> <span class='ocrx_word' id='word_1_338' title='bbox 582 2789 682 2816; x_wconf 82' lang='lat' dir='ltr'>rebus</span> <span class='ocrx_word' id='word_1_339' title='bbox 704 2790 763 2815; x_wconf 84' lang='lat' dir='ltr'>aut</span> <span class='ocrx_word' id='word_1_340' title='bbox 782 2788 937 2816; x_wconf 86' lang='lat' dir='ltr'>ecclesiis</span> <span class='ocrx_word' id='word_1_341' title='bbox 959 2787 1186 2815; x_wconf 72' lang='lat' dir='ltr'>verisimiliter</span> <span class='ocrx_word' id='word_1_342' title='bbox 1207 2787 1393 2815; x_wconf 79' lang='lat' dir='ltr'>formidare.</span> <span class='ocrx_word' id='word_1_343' title='bbox 1424 2786 1468 2813; x_wconf 79' lang='lat' dir='ltr'>Ed</span> <span class='ocrx_word' id='word_1_344' title='bbox 1485 2786 1641 2813; x_wconf 83' lang='lat' dir='ltr'>addatur:</span> <span class='ocrx_word' id='word_1_345' title='bbox 1663 2785 1846 2811; x_wconf 65' lang='lat' dir='ltr'>Procurans</span> 
     </span>
     <span class='ocr_line' id='line_1_38' title="bbox 79 2831 1844 2871; baseline -0.004 -7"><span class='ocrx_word' id='word_1_346' title='bbox 79 2836 164 2864; x_wconf 70' lang='lat' dir='ltr'>¹ales</span> <span class='ocrx_word' id='word_1_347' title='bbox 186 2844 302 2871; x_wconf 80' lang='lat' dir='ltr'>preces</span> <span class='ocrx_word' id='word_1_348' title='bbox 323 2836 413 2864; x_wconf 86' lang='lat' dir='ltr'>ultra</span> <span class='ocrx_word' id='word_1_349' title='bbox 433 2843 534 2871; x_wconf 85' lang='lat' dir='ltr'>penas</span> <span class='ocrx_word' id='word_1_350' title='bbox 556 2836 723 2871; x_wconf 70' lang='lat' dir='ltr'>predictas</span> <span class='ocrx_word' id='word_1_351' title='bbox 745 2835 788 2862; x_wconf 81' lang='lat' dir='ltr'>sit</span> <span class='ocrx_word' id='word_1_352' title='bbox 809 2835 1116 2863; x_wconf 77' lang='lat' dir='ltr'>excommunicatus</span> <span class='ocrx_word' id='word_1_353' title='bbox 1139 2835 1211 2869; x_wconf 81' lang='lat' dir='ltr'>ipso</span> <span class='ocrx_word' id='word_1_354' title='bbox 1233 2834 1357 2861; x_wconf 85' lang='lat' dir='ltr'>iure.—-</span> <span class='ocrx_word' id='word_1_355' title='bbox 1376 2834 1411 2860; x_wconf 74' lang='lat' dir='ltr'>l-It</span> <span class='ocrx_word' id='word_1_356' title='bbox 1433 2833 1624 2868; x_wconf 82' lang='lat' dir='ltr'>publicetur</span> <span class='ocrx_word' id='word_1_357' title='bbox 1645 2832 1704 2858; x_wconf 81' lang='lat' dir='ltr'>lieo</span> <span class='ocrx_word' id='word_1_358' title='bbox 1725 2831 1844 2858; x_wconf 83' lang='lat' dir='ltr'>consti-</span> 
     </span>
     <span class='ocr_line' id='line_1_39' title="bbox 79 2879 1847 2918; baseline -0.004 -7"><span class='ocrx_word' id='word_1_359' title='bbox 79 2883 167 2911; x_wconf 73' lang='lat' dir='ltr'>tucio</span> <span class='ocrx_word' id='word_1_360' title='bbox 198 2883 230 2911; x_wconf 89' lang='lat' dir='ltr'>in</span> <span class='ocrx_word' id='word_1_361' title='bbox 261 2883 403 2918; x_wconf 75' lang='lat' dir='ltr'>singulis</span> <span class='ocrx_word' id='word_1_362' title='bbox 433 2883 560 2911; x_wconf 80' lang='lat' dir='ltr'>sinodis</span> <span class='ocrx_word' id='word_1_363' title='bbox 589 2886 621 2911; x_wconf 83' lang='lat' dir='ltr'>ct</span> <span class='ocrx_word' id='word_1_364' title='bbox 643 2883 801 2918; x_wconf 79' lang='lat' dir='ltr'>capitulis</span> <span class='ocrx_word' id='word_1_365' title='bbox 827 2882 1092 2918; x_wconf 75' lang='lat' dir='ltr'>provincialibus</span> <span class='ocrx_word' id='word_1_366' title='bbox 1121 2882 1170 2909; x_wconf 76' lang='lat' dir='ltr'>vel</span> <span class='ocrx_word' id='word_1_367' title='bbox 1200 2882 1411 2915; x_wconf 65' lang='lat' dir='ltr'>regularibus</span> <span class='ocrx_word' id='word_1_368' title='bbox 1435 2883 1467 2907; x_wconf 90' lang='lat' dir='ltr'>et</span> <span class='ocrx_word' id='word_1_369' title='bbox 1487 2880 1582 2911; x_wconf 82' lang='lat' dir='ltr'>alias,</span> <span class='ocrx_word' id='word_1_370' title='bbox 1602 2879 1656 2906; x_wconf 82' lang='lat' dir='ltr'>ubi</span> <span class='ocrx_word' id='word_1_371' title='bbox 1680 2879 1847 2905; x_wconf 80' lang='lat' dir='ltr'>videbitur</span> 
     </span>
     <span class='ocr_line' id='line_1_40' title="bbox 79 2926 1846 2965; baseline -0.005 -7"><span class='ocrx_word' id='word_1_372' title='bbox 79 2930 244 2965; x_wconf 77' lang='lat' dir='ltr'>expedire,</span> <span class='ocrx_word' id='word_1_373' title='bbox 266 2938 338 2957; x_wconf 89' lang='lat' dir='ltr'>eum</span> <span class='ocrx_word' id='word_1_374' title='bbox 360 2931 400 2957; x_wconf 84' lang='lat' dir='ltr'>ad</span> <span class='ocrx_word' id='word_1_375' title='bbox 421 2930 623 2958; x_wconf 85' lang='lat' dir='ltr'>eleccionem</span> <span class='ocrx_word' id='word_1_376' title='bbox 645 2930 745 2957; x_wconf 84' lang='lat' dir='ltr'>tuerit</span> <span class='ocrx_word' id='word_1_377' title='bbox 764 2929 1019 2964; x_wconf 83' lang='lat' dir='ltr'>procedendum.</span> <span class='ocrx_word' id='word_1_378' title='bbox 1074 2929 1106 2957; x_wconf 73' lang='lat' dir='ltr'>(l)</span> <span class='ocrx_word' id='word_1_379' title='bbox 1127 2929 1149 2956; x_wconf 99' lang='lat' dir='ltr'><strong><em>S</em></strong></span> <span class='ocrx_word' id='word_1_380' title='bbox 1169 2928 1236 2955; x_wconf 83' lang='lat' dir='ltr'>alia</span> <span class='ocrx_word' id='word_1_381' title='bbox 1257 2927 1458 2954; x_wconf 80' lang='lat' dir='ltr'>constitueio</span> <span class='ocrx_word' id='word_1_382' title='bbox 1480 2927 1519 2953; x_wconf 86' lang='lat' dir='ltr'>de</span> <span class='ocrx_word' id='word_1_383' title='bbox 1534 2926 1658 2953; x_wconf 86' lang='lat' dir='ltr'>codem.</span> <span class='ocrx_word' id='word_1_384' title='bbox 1704 2928 1732 2957; x_wconf 85' lang='lat' dir='ltr'>e)</span> <span class='ocrx_word' id='word_1_385' title='bbox 1747 2926 1768 2952; x_wconf 85' lang='lat' dir='ltr'><strong><em>S</em></strong></span> <span class='ocrx_word' id='word_1_386' title='bbox 1780 2927 1846 2951; x_wconf 80' lang='lat' dir='ltr'>aut.</span> 
     </span>
     <span class='ocr_line' id='line_1_41' title="bbox 79 2977 568 3012; baseline -0.002 -6"><span class='ocrx_word' id='word_1_387' title='bbox 79 2977 105 3009; x_wconf 75' lang='lat' dir='ltr'>f)</span> <span class='ocrx_word' id='word_1_388' title='bbox 127 2978 150 3006; x_wconf 88' lang='lat' dir='ltr'><strong><em>S</em></strong></span> <span class='ocrx_word' id='word_1_389' title='bbox 166 2978 259 3005; x_wconf 90' lang='lat' dir='ltr'>illud.</span> <span class='ocrx_word' id='word_1_390' title='bbox 314 2982 347 3011; x_wconf 75' lang='lat' dir='ltr'>g)</span> <span class='ocrx_word' id='word_1_391' title='bbox 371 2978 394 3006; x_wconf 90' lang='lat' dir='ltr'><strong><em>S</em></strong></span> <span class='ocrx_word' id='word_1_392' title='bbox 413 2977 568 3012; x_wconf 78' lang='lat' dir='ltr'>pellatur.</span> 
     </span>
    </p>
   </div>
   <div class='ocr_carea' id='block_1_4' title="bbox 197 3037 721 3141">
    <p class='ocr_par' dir='ltr' id='par_1_6' title="bbox 197 3037 721 3141">
     <span class='ocr_line' id='line_1_42' title="bbox 198 3037 670 3081; baseline -0.002 -8"><span class='ocrx_word' id='word_1_393' title='bbox 198 3039 229 3081; x_wconf 92' lang='lat'>¹)</span> <span class='ocrx_word' id='word_1_394' title='bbox 255 3039 432 3073; x_wconf 81' lang='lat' dir='ltr'>Decretal</span> <span class='ocrx_word' id='word_1_395' title='bbox 458 3038 487 3078; x_wconf 86' lang='lat'>1,</span> <span class='ocrx_word' id='word_1_396' title='bbox 513 3041 534 3073; x_wconf 80' lang='lat'>6</span> <span class='ocrx_word' id='word_1_397' title='bbox 561 3048 587 3072; x_wconf 87' lang='lat' dir='ltr'>c.</span> <span class='ocrx_word' id='word_1_398' title='bbox 614 3037 670 3073; x_wconf 78' lang='lat'>43.</span> 
     </span>
     <span class='ocr_line' id='line_1_43' title="bbox 197 3095 721 3141; baseline -0.002 -10"><span class='ocrx_word' id='word_1_399' title='bbox 197 3097 230 3141; x_wconf 88' lang='lat'>²)</span> <span class='ocrx_word' id='word_1_400' title='bbox 262 3096 351 3133; x_wconf 85' lang='lat' dir='ltr'>Cod.</span> <span class='ocrx_word' id='word_1_401' title='bbox 379 3096 425 3138; x_wconf 93' lang='lat' dir='ltr'>D,</span> <span class='ocrx_word' id='word_1_402' title='bbox 454 3096 493 3138; x_wconf 83' lang='lat' dir='ltr'>E,</span> <span class='ocrx_word' id='word_1_403' title='bbox 521 3096 545 3130; x_wconf 84' lang='lat' dir='ltr'><strong><em>S</em></strong></span> <span class='ocrx_word' id='word_1_404' title='bbox 572 3095 617 3140; x_wconf 75' lang='grc' dir='ltr'>(Τ.</span> <span class='ocrx_word' id='word_1_405' title='bbox 648 3096 721 3140; x_wconf 89' lang='grc'><em>75).</em></span> 
     </span>
    </p>
   </div>
  </div>
 </body>
</html>
