2102 3444
261 174 345 215 616
698 169 761 202 lll.
796 167 1002 201 Abschnilt.
1048 165 1198 198 Reform
1232 163 1307 197 und
1341 162 1588 207 Verfassung.

265 290 441 331 initas
475 286 762 338 exegerit
795 289 851 327 et
886 283 1162 325 facultas
1197 281 1250 323 ei
1285 280 1586 333 affuerit,
1620 293 1735 323 non
1770 280 2025 324 duxerit

263 358 664 411 puniendum,
709 368 776 397 eo
819 354 954 406 ipso
999 353 1287 393 subiacet
1330 351 1785 394 ecclesiastico
1827 351 2025 393 inter-

261 430 425 470 dicto
465 432 520 469 ct
559 424 1010 467 nichilominus
1052 425 1268 475 preter
1307 421 1531 463 dictam
1569 421 1780 464 urbem
1819 421 2025 475 ponti-

262 499 442 540 ficali
490 498 597 549 etfl)
646 508 833 547 supra
879 494 958 536 sit
1005 491 1125 546 e0'')
1176 491 1361 546 ipsob)
1412 491 1727 544 dignitate
1774 491 2025 545 privata

259 582 371 609 non
414 566 818 609 obstantibus
858 563 1235 617 privilegiis
1277 563 1774 616 quibuscunque.

375 638 667 679 Volumus
709 634 1180 687 insuper,qu0d
1224 635 1280 675 in
1321 634 1454 675 fine
1495 633 1848 676 cuiuslibet
1886 646 2025 676 con-

257 709 393 749 cilii
451 706 778 760 generalis
838 706 944 748 hoc
1004 704 1322 746 decretum
1382 704 1760 746 solemniter
1817 703 2024 757 publi-

257 782 441 822 cetur.
517 779 759 818 Necnon
821 775 1319 829 quandocunque
1382 777 1439 817 et
1498 774 1856 828 ubicunque
1915 775 2024 817 Ro-

257 849 412 891 mani
461 848 801 901 pontificis
848 846 1089 888 eleccio
1138 844 1490 887 imminebit
1536 844 1834 888 facienda
1881 848 2024 888 ante

259 921 609 972 ingressum
645 918 968 960 conclavis
1006 918 1256 970 legatur
1291 919 1348 958 et
1383 916 1642 968 publice
1679 916 2023 959 intimetur.

865 1024 885 1047 =l<
1386 1023 1407 1047 =l=

1127 1070 1148 1094 »ιε

767 1164 852 1207 ΙΙΙ.
892 1163 982 1218 [De
1017 1164 1310 1216 professione
1344 1162 1502 1218 pape]

257 1261 292 1301 1.
328 1260 602 1312 Professio¹)
643 1259 866 1301 Bonitacii
904 1258 1049 1305 VIIL
1087 1270 1177 1311 que
1214 1258 1288 1300 hic
1325 1257 1528 1312 ponitur,
1566 1259 1614 1301 ut
1649 1257 1708 1300 (le
1745 1258 1899 1300 cetero
1937 1268 2023 1310 per

254 1330 559 1373 assumendos
596 1330 641 1371 in
678 1329 923 1383 pontifices
958 1341 1164 1372 summos
1200 1329 1282 1371 fiat
1318 1328 1489 1371 additis
1528 1328 1636 1382 illis,
1673 1328 1731 1371 (le
1768 1327 1939 1381 quibus
1973 1328 2019 1372 in

338 1400 643 1453 sequentibus
674 1399 1120 1455 constitutionibus&
1156 1402 1201 1442 et
1232 1411 1323 1452 que
1354 1399 1639 1442 videbuntur
1670 1397 1932 1453 addendi.‘¹)

374 1483 435 1523 ln
469 1495 498 1523 n
515 1495 541 1523 ο
556 1495 597 1523 m
616 1482 670 1523 in
688 1483 753 1536 e2)
782 1486 937 1525 sancte
961 1486 1006 1524 et
1030 1482 1268 1524 individue
1292 1482 1511 1524 trinitatis
1535 1494 1684 1524 amen.
1720 1482 1857 1524 Anno
1879 1481 2022 1524 domi-

252 1554 352 1595 nIce
381 1553 718 1596 incarnacionis
750 1553 1052 1607 MCCXHIIss)
1085 1553 1342 1595 indiccione
1371 1555 1530 1595 octava
1569 1565 1679 1606 ego
1718 1551 2022 1594 Benedic-

253 1628 348 1667 tus
415 1624 664 1677 Gaytanus‚
710 1627 864 1666 sancte
908 1624 1113 1666 Romane
1160 1625 1356 1666 ecclesie
1402 1623 1636 1677 dyaconus
1679 1623 1933 1666 cardinalis
1976 1626 2022 1666 et

252 1696 439 1739 electus.
462 1698 510 1736 ut
532 1695 641 1736 fiam
665 1708 750 1748 per
773 1695 857 1736 Dei
878 1696 1081 1748 graciam
1103 1695 1240 1737 liutius
1263 1698 1420 1737 sancte
1455 1707 1479 1736 a
1495 1707 1524 1748 p
1540 1694 1812 1737 ostolice
1843 1707 1868 1736 <s
1884 1693 2020 1737 edis

250 1765 438 1808 humilis
477 1765 591 1806 min
609 1764 620 1805 i
638 1769 728 1807 ste
746 1779 792 1818 r,
832 1765 1059 1818 profiteor
1085 1766 1182 1815 tibi,
1210 1766 1345 1808 beate
1373 1766 1525 1818 Petre,
1553 1766 1868 1819 apostolorum
1893 1765 2021 1819 prin-

250 1848 372 1888 ceps,
397 1837 466 1877 cui
493 1837 646 1878 claves
671 1838 801 1889 regni
826 1837 1014 1879 celestis
1038 1837 1096 1879 ad
1121 1837 1358 1890 ligandum
1385 1840 1521 1890 atque
1548 1837 1822 1879 solvendum
1846 1836 1894 1878 in
1919 1836 2020 1878 celo

251 1909 293 1947 et
328 1907 371 1947 in
403 1910 527 1949 terra
561 1911 739 1949 creator
772 1911 909 1960 atque
942 1908 1210 1961 redemptor
1242 1908 1447 1950 omnium
1481 1908 1653 1951 Jhesus
1687 1907 1900 1951 Christus
1929 1910 2019 1950 tra-

251 1977 377 2028 didit,
421 1979 652 2029 inquiens:
709 1991 982 2031 quecunque
1026 1979 1246 2031 ligaveris
1289 1991 1432 2032 super
1471 1982 1659 2031 terram,
1701 1981 1838 2021 erunt
1877 1979 2018 2032 ligata

250 2051 293 2089 et
324 2048 367 2088 in
398 2048 523 2100 celis,
553 2053 596 2090 et
627 2061 899 2101 quecunque
932 2050 1130 2092 solveris
1161 2063 1302 2103 super
1332 2053 1519 2102 terram,
1550 2053 1687 2092 erunt
1717 2050 1868 2092 soluta
1896 2053 1943 2092 et
1970 2048 2018 2091 in

250 2118 360 2159 celis
389 2122 635 2171 sancteque
663 2120 857 2161 ecclesie
885 2123 975 2172 tue,
1003 2133 1139 2172 quam
1167 2120 1304 2162 hodie
1331 2124 1409 2162 tuo
1434 2120 1644 2173 presidio
1681 2119 2017 2174 regendam

250 2188 501 2242 suscipio,‘·)
532 2190 666 2241 quod,
694 2190 911 2242 quamdiu
938 2190 984 2232 in
1009 2191 1095 2233 hac
1133 2192 1364 2233 misera
1402 2192 1529 2234 vita
1567 2192 1842 2234 constitutus
1866 2191 2016 2244 fuero,

251 2259 395 2311 ipsam
448 2272 475 2300 n
492 2272 559 2300 on
612 2260 638 2300 d
656 2273 680 2300 e
697 2273 717 2300 s
734 2273 758 2301 e
775 2274 796 2301 r
813 2274 837 2302 a
854 2274 895 2302 m
913 2296 922 2313 ,
972 2274 1064 2303 non
1105 2262 1444 2315 derelinquam,
1482 2270 1575 2304 rron
1614 2262 1858 2316 abnegabo
1906 2274 1938 2304 n
1952 2274 1978 2304 e
1993 2275 2016 2304 c

249 2342 272 2370 a
290 2330 317 2370 b
334 2329 389 2370 di
406 2342 426 2370 c
443 2343 466 2371 a
486 2331 510 2370 Ι)
527 2344 552 2371 0
589 2331 882 2383 aliquatenus
906 2345 1059 2385 neque
1087 2346 1144 2374 ex
1169 2345 1444 2386 quacunque
1468 2346 1608 2375 causa
1632 2336 1677 2375 et
1701 2333 2014 2386 cuiuscunque

249 2402 396 2441 metus
430 2401 500 2441 vel
537 2402 729 2453 periculi
765 2402 1002 2444 occasione
1040 2403 1264 2445 dimittam
1298 2405 1372 2445 vel
1407 2416 1479 2445 me
1515 2404 1773 2457 segregabo
1803 2404 1864 2446 ab
1898 2403 2014 2457 ipsa,

248 2470 329 2511 sed
360 2483 469 2511 vere
503 2470 611 2512 fidei
644 2473 979 2525 rectitudinem,
1011 2486 1148 2526 quam
1179 2474 1364 2516 Christo
1393 2477 1579 2517 auctore
1610 2475 1824 2517 tradente
1853 2487 1940 2528 per
1968 2478 2013 2517 te

248 2544 292 2581 et
332 2541 646 2583 beatissimum
691 2545 1002 2595 coapostolum
1045 2548 1172 2586 tuum
1215 2545 1410 2587 Paulum
1453 2558 1631 2598 perque
1673 2545 1928 2599 discipulos
1968 2548 2014 2588 et

248 2623 539 2653 successores
574 2617 751 2655 vestros
787 2627 933 2666 usque
972 2615 1028 2656 ad
1065 2615 1365 2668 exiguitatem
1401 2628 1551 2658 meam
1587 2617 1817 2669 prelatam
1852 2616 1900 2658 in
1934 2619 2012 2659 tua

247 2684 401 2722 sancta
430 2682 623 2724 ecclesia
653 2684 822 2736 reperi,
851 2685 955 2727 totis
984 2686 1225 2728 conatibus
1252 2687 1368 2728 meis
1406 2688 1602 2739 usque
1643 2686 1714 2728 ad
1752 2686 2011 2729 animam

246 2754 302 2792 et
349 2753 711 2804 sanguinem
760 2754 992 2797 custodire
1025 2759 1116 2798 tam
1153 2756 1210 2798 de
1247 2760 1403 2799 sancte
1439 2760 1484 2799 et
1520 2757 1759 2800 individue
1793 2757 2010 2801 trinitatis

351 2885 379 2903 a»
402 2880 422 2901 N
445 2881 485 2905 ut.
560 2879 590 2905 bl
621 2880 653 2904 ll·
671 2889 720 2906 am
748 2882 866 2908 li'aiiclc.
945 2885 972 2909 cl
997 2884 1027 2908 ct
1050 2889 1112 2916 quc
1133 2883 1212 2915 solil!
1230 2886 1258 2909 (2
1334 2883 1365 2913 (l)
1388 2883 1473 2910 Periit
1496 2884 1527 2916 ζ’,
1550 2884 1578 2910 D
1603 2884 1636 2909 E.
1710 2885 1739 2917 c)
1761 2884 1784 2911 C
1800 2883 1937 2918 accipio.

364 2938 394 2978 ¹)
422 2940 509 2973 (od.
536 2940 573 2974 (Ἄ
599 2940 642 2974 Ι).
670 2941 706 2981 15,
733 2943 764 2976 N.
794 2942 831 2974 ll’
859 2943 1149 2984 111·31,¹1·iitquiclee
1173 2944 1285 2978 For-m
1311 2945 1380 2979 des
1403 2943 1757 2987 Reformatoriums.

361 2999 390 3036 ²¹)
420 2996 471 3029 Zu
499 2998 570 3030 dcte
599 2997 839 3039 Spcrrunqcn
871 3000 937 3043 cyl.
966 3000 1126 3036 Glossen
1156 3003 1204 3035 im
1232 3002 1405 3045 Anhang.

361 3055 391 3094 ³)
421 3054 492 3085 IIss
520 3066 560 3085 sn
587 3058 672 3089 slal!
703 3056 799 3090 7294.
