2227 3434
549 174 592 209 A.
633 173 830 210 Fillastres
859 175 974 211 Gesta
1001 177 1152 211 concilii
1179 177 1493 213 Constantiensis.
1822 181 1904 224 109

138 303 223 345 per
244 303 366 344 eum,
389 295 435 334 et
456 292 579 345 quod
603 294 747 335 vellet
769 306 874 335 esse
901 295 946 335 in
972 295 1152 347 palacio
1176 308 1276 337 cum
1302 296 1466 349 legatis
1490 300 1534 338 et
1559 297 1677 350 aliis,
1703 298 1781 350 qui
1804 311 1905 339 cum

137 374 194 404 eo
213 361 424 404 fecerant
443 363 794 416 requisiciones.
827 365 1028 407 Sabbato
1051 366 1097 406 in
1119 366 1276 419 vigilia
1298 368 1664 422 penthecostes¹)
1690 369 1746 410 de
1770 382 1904 410 mane

137 444 222 474 rex
250 434 425 475 annuit.
467 434 521 475 Et
548 437 711 487 postea
739 435 929 477 mutavit
956 436 1118 478 horam
1146 437 1203 478 ad
1231 438 1421 479 terciam
1451 439 1610 480 horam
1640 442 1743 491 post
1770 452 1906 492 pran-

137 503 262 545 dium
288 507 333 546 et
360 504 485 546 venit
513 505 560 546 in
586 508 717 547 sexta
743 506 1100 560 cardinalesque
1127 511 1492 560 expectaverunt
1519 522 1604 562 per
1630 513 1725 552 tres
1753 511 1904 552 horas.

137 574 274 616 Venit
301 578 455 617 autem
483 576 611 618 solus
638 577 740 617 sine
771 577 934 629 legatis
962 581 1007 619 et
1034 577 1138 620 aliis
1167 579 1515 631 requirentibus
1544 583 1702 633 preter
1730 581 1906 634 legatos

137 645 384 688 Sabaudie.
445 646 720 688 Cardinales
768 647 981 689 fecerunt
1028 649 1117 690 sibi
1165 649 1442 702 responderi
1489 663 1575 703 per
1621 651 1906 693 cardinalem

138 717 282 758 sancti
311 717 463 770 Marci,
488 717 565 770 qui
590 717 711 760 facta
735 718 1005 770 prefacione
1032 720 1144 762 satis
1169 720 1227 761 ad
1253 733 1350 761 rem
1376 722 1640 773 pertinente
1667 723 1906 775 respondit

137 787 196 830 ad
219 788 403 841 singula
427 789 621 841 quesita.
657 789 729 830 Ad
753 789 967 842 primum,
993 791 1116 842 quod
1140 795 1379 833 cessarent
1403 805 1428 833 a
1453 792 1722 834 tractatibus
1747 793 1804 835 de
1829 806 1906 834 ne-

136 859 266 912 gocio
289 859 553 912 eleccionis,
580 860 702 913 quod
728 860 941 913 requisiti
967 862 1296 914 urgentissime
1324 875 1373 904 se
1401 866 1598 905 tractare
1625 864 1905 915 obtulerunt,

136 929 353 983 quodque
380 930 556 972 utinam
584 931 677 982 alii,
706 931 765 973 ad
793 944 908 984 quos
935 944 1027 973 non
1055 933 1334 985 pertinebat,
1362 946 1455 975 non
1482 937 1746 976 tractarent.
1787 934 1906 976 Satis

137 1000 260 1042 enim
287 1004 389 1043 erat
415 1002 659 1054 cognitum,
688 1002 811 1054 quod
838 1003 981 1055 aliqui
1010 1003 1275 1056 singulares
1302 1004 1385 1046 hoc
1414 1005 1684 1057 tractabant,
1712 1009 1756 1047 et
1784 1005 1906 1058 quod

139 1071 229 1113 iam
254 1075 389 1114 erant
417 1072 712 1114 determinati
741 1073 863 1115 modi
892 1073 1047 1115 future
1076 1074 1339 1127 eleccionis,
1367 1088 1425 1116 ex
1454 1076 1622 1128 quibus
1651 1079 1751 1118 erat
1780 1089 1907 1118 scan-

137 1142 293 1185 dalum
322 1146 367 1184 et
395 1143 442 1184 in
470 1143 663 1185 concilio
693 1147 738 1185 et
767 1144 890 1196 apud
919 1144 1130 1186 diversas
1159 1148 1204 1186 et
1234 1149 1434 1188 remotas
1465 1146 1694 1199 regiones.
1736 1147 1809 1188 Ad
1838 1159 1907 1189 se-

137 1213 350 1266 cundum,
377 1214 500 1266 quod
526 1218 769 1256 servarent
793 1215 980 1257 decreta
1006 1216 1203 1268 concilii,
1230 1217 1488 1269 respondit:
1528 1217 1650 1271 quod
1675 1218 1804 1259 nulla
1830 1217 1906 1260 ad-

138 1284 224 1326 huc
252 1283 555 1337 violaverant,
587 1288 631 1327 et
661 1289 708 1327 ut
739 1286 825 1327 ista
856 1286 1009 1328 omnia
1039 1290 1292 1339 cessarent,
1322 1287 1487 1329 obtulit
1518 1288 1702 1330 modum
1732 1288 1907 1329 delibe-

137 1357 285 1397 ratum
318 1367 404 1408 per
438 1355 702 1398 cardinales
736 1359 1000 1398 contentum
1035 1357 1082 1398 in
1118 1358 1345 1410 scriptura
1380 1358 1608 1411 sequenti,
1642 1371 1779 1412 quam
1814 1359 1906 1400 alta

137 1437 248 1468 voce
272 1425 382 1479 legit
407 1430 453 1468 et
477 1427 642 1468 lectam
667 1427 832 1469 obtulit
858 1428 955 1481 regi
981 1440 1040 1469 ex
1064 1431 1197 1481 parte
1222 1429 1420 1482 collegii,
1446 1432 1491 1470 et
1517 1429 1717 1471 similem
1742 1429 1906 1471 obtulit

139 1495 201 1538 ibi
226 1496 442 1549 pluribus
468 1497 791 1540 existentibus.
831 1497 972 1541 Cuius
998 1502 1132 1541 tenor
1157 1499 1263 1541 talis
1289 1502 1376 1542 est:

254 1567 327 1609 Ad
359 1567 560 1621 laudem,
593 1569 789 1622 gloriam
823 1572 868 1611 et
900 1570 1126 1611 honorem
1161 1570 1490 1623 omnipotentis
1524 1571 1651 1626 Dei2)
1691 1605 1698 1612 .
1735 1604 1743 1612 .
1779 1605 1787 1612 .

253 1637 350 1689 Qua
376 1638 495 1681 lecta
520 1642 565 1681 et
589 1643 859 1692 presentata
886 1641 999 1693 regi,
1026 1653 1128 1682 cum
1154 1641 1236 1682 illa
1261 1641 1517 1683 offerretur
1545 1641 1709 1694 legatis
1735 1641 1907 1683 Sabau-

137 1707 212 1750 die
239 1711 285 1750 et
312 1708 546 1762 aliquibus
575 1710 632 1751 de
659 1710 853 1753 nacione
883 1710 1133 1753 Germanie
1161 1712 1225 1753 ibi
1253 1712 1567 1764 presentibus,
1596 1712 1665 1753 illi
1694 1713 1904 1765 recipere

138 1791 230 1821 non
254 1780 370 1832 ausi,
393 1783 441 1822 ut
464 1780 613 1822 visum
637 1784 720 1834 est,
744 1782 1008 1823 noluerunt.
1044 1782 1143 1823 Rex
1168 1783 1292 1824 enim
1316 1783 1444 1824 illam
1468 1783 1663 1825 moleste
1687 1783 1814 1825 visus
1837 1786 1906 1824 est

138 1849 373 1893 audivisse
400 1854 446 1893 et
472 1851 601 1904 dixit,
629 1852 751 1904 quod
779 1853 907 1894 illam
934 1865 1025 1894 non
1053 1853 1334 1905 acceptabat,
1362 1856 1406 1895 et
1432 1856 1556 1895 certe
1583 1866 1676 1895 non
1706 1854 1906 1895 libenter

137 1920 323 1975 recepit.
361 1921 567 1963 Tandem
584 1922 703 1964 dicto
720 1922 807 1964 sibi
822 1935 908 1975 per
921 1922 1223 1976 cardinalem,
1240 1924 1362 1976 qued
1379 1924 1506 1965 illam
1523 1923 1716 1975 videret,
1733 1924 1907 1976 recepit

138 1994 183 2033 et
205 1992 361 2045 aliqua
385 1992 514 2045 dixit,
541 2005 629 2046 que
653 2006 745 2035 non
769 1994 1069 2046 pertinebant
1093 1994 1152 2036 ad
1174 1995 1415 2046 materiam
1439 1995 1605 2037 cedule
1629 1998 1675 2037 et
1698 1996 1903 2038 recessit.

253 2063 530 2105 Cardinales
560 2064 686 2106 illam
717 2065 943 2106 miserunt
972 2065 1138 2118 legatis
1168 2065 1386 2118 Castelle,
1415 2067 1493 2119 qui
1522 2066 1650 2108 illam
1678 2069 1807 2119 grate
1837 2079 1905 2108 ac-

137 2135 396 2186 ceptarunt;
421 2137 466 2175 et
491 2133 537 2175 in
563 2134 813 2176 crastinum
840 2135 958 2177 dicte
983 2136 1310 2188 penthecostes
1337 2140 1616 2189 rogaverunt
1641 2137 1904 2179 cardinales

137 2204 546 2258 congregacionem
575 2208 678 2258 post
706 2217 945 2258 vesperas,
975 2206 1098 2258 quod
1127 2207 1353 2248 fecerunt.
1397 2207 1451 2249 Et
1479 2211 1708 2249 venerunt
1738 2207 1797 2250 ad
1824 2219 1904 2249 eos

139 2273 275 2327 legati
303 2287 465 2318 omnes
493 2279 538 2317 et
566 2287 667 2317 cum
696 2288 862 2329 magna
889 2277 1151 2329 graciarum
1181 2277 1357 2319 actione
1388 2281 1744 2331 acceptaverunt
1774 2278 1904 2319 illum

139 2344 336 2398 modum,
364 2346 514 2399 parati
545 2359 594 2388 se
625 2347 759 2388 unire
790 2347 998 2399 concilio,
1029 2348 1066 2390 si
1097 2348 1304 2400 placeret
1333 2349 1528 2390 concilio
1558 2348 1688 2390 illum
1719 2348 1903 2390 modum

139 2418 392 2468 acceptare,
417 2415 625 2459 dicentes
650 2429 701 2459 se
725 2417 786 2459 ita
812 2417 1014 2459 dicturos
1040 2418 1137 2471 regi
1161 2422 1206 2460 et
1231 2419 1446 2460 omnibus
1470 2418 1756 2471 nacionibus,
1782 2419 1904 2472 quod

137 2488 182 2527 et
212 2484 424 2528 fecerunt
455 2486 724 2540 diligenter;
759 2488 842 2529 sed
874 2500 957 2529 rex
991 2489 1184 2530 moleste
1218 2489 1393 2530 audivit
1425 2501 1519 2531 eos.

255 2557 324 2598 Ex
345 2557 432 2600 ista
453 2557 617 2600 cedula
640 2569 724 2599 rex
745 2558 998 2611 plurimum
1020 2559 1231 2601 turbatus
1253 2563 1323 2601 est
1345 2563 1390 2601 et
1410 2560 1586 2612 plures,
1609 2560 1685 2613 qui
1709 2560 1902 2601 invicem

138 2624 364 2670 factiones
392 2627 646 2680 habebant;
680 2632 724 2670 et
755 2628 840 2671 visi
874 2632 979 2671 sunt
1009 2629 1137 2671 illam
1167 2630 1378 2672 cedulam
1412 2629 1684 2683 impugnare
1717 2643 1775 2672 ex
1807 2631 1904 2682 qui-

139 2695 331 2739 busdam
363 2697 780 2741 adinvencionibus
812 2698 1007 2742 frivolis.

254 2767 529 2810 Cardinales
556 2769 729 2811 diversi
760 2770 942 2812 iverunt
969 2770 1026 2811 ad
1054 2769 1265 2813 diversas
1291 2774 1335 2812 et
1363 2771 1421 2812 ad
1449 2771 1655 2824 singulas
1683 2771 1901 2812 naciones

140 2836 246 2879 lune
276 2842 378 2891 post
409 2839 771 2891 pentliecostem.
814 2840 868 2881 Et
899 2840 979 2882 illa
1010 2841 1174 2882 cedula
1205 2842 1417 2893 exposita
1449 2841 1629 2883 nacioni
1661 2841 1900 2883 Gallicane

138 2908 183 2948 et
208 2907 325 2951 lecta
353 2913 726 2962 supervenerunt
755 2910 846 2952 duo
873 2923 932 2952 ex
960 2911 1125 2964 legatis
1154 2911 1357 2953 Castelle
1386 2924 1443 2953 ex
1472 2914 1603 2964 parte
1632 2911 1828 2953 aliorum
1857 2913 1901 2951 et

253 2991 293 3055 ἦ
313 2992 486 3048 29ᾟᾶ

251 3071 284 3112 ²)
309 3070 429 3106 Hardt
453 3071 504 3113 II,
530 3073 616 3114 586;
643 3072 768 3107 Mansi
794 3070 974 3115 XXI‘III,
996 3074 1075 3108 361.
