2227 3434
579 149 619 184 B.
660 148 910 183 Avisamente
938 148 1008 182 der
1037 147 1354 183 Reformatorien.
1764 148 1849 191 607

82 267 304 322 pontifice
333 280 384 310 se
413 266 680 321 gerencium
711 266 836 309 infra
864 279 1073 309 mensem
1102 279 1128 308 a
1156 266 1248 319 die,
1279 279 1370 319 qua
1399 266 1644 309 scienciam
1674 266 1850 308 habere

81 338 228 392 potuit
259 338 401 381 alium
432 338 507 379 vel
541 337 658 380 alios
688 337 998 390 assumpsisse
1029 340 1228 390 papatus
1261 338 1462 390 insignia
1493 337 1567 378 vel
1600 337 1647 378 in
1679 340 1851 390 papatu

83 409 465 462 amministrasse,
502 411 718 450 teneatur
757 408 842 450 sub
882 408 1263 450 interminacione
1305 408 1651 450 malediccionis
1689 411 1850 450 eterne

83 483 128 522 et
151 479 401 522 amissione
426 479 556 531 iuris,
580 479 618 521 si
643 478 767 531 quod
790 476 911 520 fort'e
936 479 1137 531 quesivit
1162 479 1208 519 in
1232 482 1418 531 papatu,
1443 491 1579 532 quam
1605 479 1708 531 ipso
1731 478 1852 521 facto

83 551 289 592 incurrat
320 553 367 592 et
399 550 521 592 ultra
555 550 639 591 hoc
674 549 732 591 ad
767 549 998 602 quaslibet
1034 549 1283 602 dignitates
1317 550 1463 591 active
1497 553 1542 592 et
1573 549 1760 602 passive
1796 549 1851 591 sit

82 621 318 674 inhabilis,
354 620 596 663 concilium
635 621 786 673 ipsum
823 620 882 661 ad
917 620 1166 661 terminum
1202 620 1311 661 anni
1348 619 1607 672 predictum
1645 620 1851 661 indicere

83 695 129 734 et
166 691 407 745 publicare
447 703 498 733 ac
538 703 624 744 per
663 703 771 733 suas
810 691 990 733 litteras
1029 690 1316 742 competitori
1358 691 1432 731 vel
1472 690 1853 743 competitoribus

83 761 234 815 ipsum
265 762 339 803 vel
373 762 499 815 ipsos
527 761 822 814 provocando
853 761 911 803 ad
941 773 1126 803 causam
1157 764 1203 803 et
1231 761 1400 803 ceteris
1428 762 1624 814 prelatis
1653 766 1697 804 et
1729 762 1853 814 prin-

83 833 278 886 cipibus,
307 836 528 886 quantum
559 833 604 874 in
634 845 690 874 eo
717 832 873 883 fuerit,
902 831 1115 873 intimare
1145 843 1325 873 necnon
1355 832 1554 873 termino
1580 831 1766 885 prefixo
1796 831 1853 873 ad

84 904 233 946 locum
260 904 442 946 concilii
469 903 782 956 personaliter
807 915 858 944 se
886 902 1148 944 transferre
1174 915 1259 943 nec
1287 902 1394 944 inde
1422 902 1679 955 discedere,
1708 903 1853 944 donec

80 986 166 1028 per
179 974 424 1016 concilium
439 986 577 1016 causa
594 974 821 1016 scismatis
836 974 1051 1026 plenarie
1067 972 1123 1014 sit
1139 972 1288 1015 finita.
1304 973 1430 1027 Quia)
1450 974 1515 1014 sic
1529 973 1664 1015 electi
1681 985 1763 1014 seu
1779 985 1855 1025 pa-

82 1048 242 1098 patum
262 1043 519 1098 tenentesh)
545 1057 570 1087 a
592 1045 667 1086 die
689 1044 896 1097 predicta
920 1045 965 1085 in
986 1047 1159 1097 papatu
1181 1044 1451 1086 nullatenus
1473 1044 1851 1097 amministrent)

83 1128 169 1158 nec
200 1115 385 1158 interim
418 1115 597 1157 eisdem
631 1128 655 1157 a
690 1115 914 1157 fidelibus
947 1115 1037 1156 nisi
1071 1115 1225 1168 quoad
1256 1115 1627 1156 conveniendum
1661 1115 1720 1157 ad
1753 1127 1855 1156 con-

84 1186 239 1228 cilium
265 1186 350 1229 sub
376 1185 760 1228 interminacione
787 1185 931 1227 divini
957 1184 1155 1239 iudicii⁴¹)
1184 1185 1530 1238 quomodolibet
1554 1185 1853 1239 obediatur).

200 1257 372 1309 Quodsi
400 1257 682 1298 eleccionem
712 1256 832 1298 forte
862 1257 1056 1298 Romani
1084 1256 1321 1309 pontificis
1350 1269 1435 1310 per
1464 1260 1635 1298 metum
1664 1269 1747 1299 seu
1776 1257 1855 1298 im-

83 1329 376 1382 pressionem
406 1327 516 1369 fieri
546 1327 791 1380 contingat,
822 1327 971 1380 ipsam
1002 1328 1178 1370 nullius
1210 1327 1505 1370 decernimus
1535 1327 1748 1370 efficacie
1781 1327 1853 1368 vel

85 1398 304 1441 momenti
327 1411 413 1440 nec
438 1411 578 1452 posse
604 1411 690 1451 per
716 1402 988 1451 sequentem
1016 1410 1294 1439 consensum
1321 1398 1466 1440 eciam
1492 1402 1615 1440 metu
1643 1401 1854 1440 cessante

84 1469 308 1512 ratifioari
343 1470 416 1511 vel
453 1469 718 1522 approbari.
764 1469 863 1511 Non
897 1472 1052 1510 tamen
1088 1469 1225 1511 liceat
1260 1469 1578 1511 cardinalibus
1613 1469 1698 1511 sub
1734 1481 1856 1522 pena

84 1540 351 1583 amissionis
383 1540 698 1583 cardinalatus
731 1543 775 1582 et
808 1541 1012 1581 omnium
1045 1539 1398 1592 beneficiorum,
1433 1552 1570 1593 quam
1604 1540 1706 1593 ipso
1737 1540 1856 1582 facto

84 1610 324 1653 incurrant
350 1611 408 1653 ad
435 1611 574 1653 aliam
601 1611 885 1653 eleccionem
912 1610 1184 1664 procedere,
1212 1611 1303 1653 nisi
1331 1611 1410 1652 ille
1440 1611 1504 1653 sic
1532 1611 1708 1653 electus
1735 1610 1855 1652 forte

85 1682 329 1724 renunciet
358 1683 433 1724 vel
466 1675 673 1734 decedat,
706 1682 852 1723 donec
884 1694 970 1735 per
999 1682 1222 1735 generale
1255 1681 1499 1723 concilium
1532 1681 1589 1723 de
1623 1681 1856 1723 eleccione

86 1752 169 1795 illa
204 1752 347 1795 fuerit
382 1752 646 1804 iudicatum,
684 1756 728 1794 et
766 1753 803 1795 si
840 1752 1108 1805 procedant,
1145 1753 1276 1794 nulla
1312 1752 1368 1794 sit
1405 1752 1580 1794 eleccio
1615 1752 1717 1806 ipso
1755 1753 1856 1794 iure

86 1822 269 1876 sintque
296 1824 361 1866 sic
385 1823 614 1876 eligentes
639 1826 683 1865 et
708 1823 898 1875 electus,
925 1823 962 1865 si
986 1835 1037 1864 se
1061 1823 1252 1876 papatui
1279 1823 1540 1876 ingesserit,
1565 1822 1690 1865 omni
1714 1822 1858 1876 digni-

84 1896 192 1947 tate,
222 1893 399 1936 honore
432 1897 477 1935 et
508 1897 628 1936 statu
660 1893 805 1936 eciam
836 1894 1008 1947 papali,
1039 1893 1357 1936 cardinalatus
1388 1897 1434 1935 et
1463 1893 1722 1947 pontificali
1757 1894 1858 1946 ipso

87 1964 188 2007 iure
216 1964 386 2018 privati
416 1968 461 2006 et
490 1964 726 2007 inhabiles
757 1965 813 2006 de
844 1968 1000 2007 cetero
1029 1965 1089 2006 ad
1117 1963 1360 2018 easdemf).
1403 1964 1495 2006 Sed
1525 1964 1674 2017 liceat,
1705 1977 1857 2017 ymmo

86 2038 132 2078 et
155 2038 371 2077 teneatur
394 2035 640 2088 collegium
665 2038 808 2078 totum
835 2039 912 2078 aut
935 2036 1101 2078 saltem
1128 2036 1276 2078 maior
1300 2048 1411 2089 pars
1437 2036 1644 2088 ipsorum
1670 2062 1725 2066 —
1751 2046 1857 2076 nam

84 2105 382 2158 paucioribus
406 2106 455 2148 in
476 2106 561 2148 hoc
585 2118 694 2148 casu
717 2106 1009 2148 audienciam
1034 2106 1092 2148 ad
1115 2106 1381 2160 evitandum
1407 2106 1676 2148 scandalum
1699 2106 1857 2147 decer-

86 2176 241 2219 nimus
273 2175 496 2230 denegari
528 2203 584 2208 -
618 2189 756 2230 quam
788 2178 875 2219 cito
909 2178 1012 2219 sine
1043 2177 1254 2230 periculo
1282 2189 1594 2230 personarum
1626 2180 1857 2230 poterunt,

87 2246 274 2290 eciamsi
315 2247 574 2301 periculum
615 2247 819 2289 omnium
860 2248 1087 2290 bonorum
1128 2248 1380 2300 immineat,
1421 2247 1664 2291 retrahere
1706 2260 1756 2290 se
1797 2246 1855 2289 ad

87 2317 236 2359 locum
267 2319 414 2360 tutum
447 2321 492 2360 et
525 2322 695 2361 metum
729 2318 987 2372 predictum
1022 2319 1289 2373 allegareg),
1321 2331 1409 2360 nec
1441 2319 1563 2361 ultra
1593 2319 1857 2372 proximum

86 2386 292 2430 futurum
320 2388 564 2430 concilium
593 2389 691 2431 ullo
719 2389 855 2431 modo
884 2390 1065 2442 possint
1093 2389 1308 2431 differre.
1351 2389 1619 2431 Teneantur
1649 2390 1856 2441 insuper,

86 2460 330 2511 postquam
355 2471 407 2502 se
432 2460 715 2502 retraxerint
739 2463 786 2502 et
811 2463 982 2502 metum
1010 2460 1318 2513 allegaverint
1343 2460 1479 2502 modo
1502 2459 1726 2513 predicto,
1753 2472 1856 2512 pro-

87 2541 254 2572 vocare
275 2530 341 2572 sic
360 2530 560 2572 electum
582 2530 640 2572 ad
660 2530 919 2573 concilium.
953 2531 1084 2583 Quod
1107 2531 1145 2572 si
1168 2531 1291 2573 ultra
1313 2543 1485 2573 annum
1506 2530 1712 2583 pendeat
1733 2543 1758 2572 a
1779 2529 1856 2571 die

190 2637 221 2664 a)
250 2633 273 2659 S
299 2640 353 2659 am
373 2633 504 2660 Ranale:
538 2633 584 2660 De
615 2633 847 2661 subtracemnu
878 2633 1071 2661 obediencie
1102 2636 1250 2668 tempore
1281 2633 1458 2660 scismatis.
1554 2634 1586 2667 b)
1624 2634 1644 2661 ,δ’
1672 2641 1722 2659 am
1746 2634 1858 2660 lentule

86 2677 231 2706 addicio:
262 2679 310 2706 sic
343 2681 461 2712 tamen,
496 2680 583 2714 quod
604 2680 716 2707 nullus
746 2680 880 2708 illorum
912 2681 1184 2708 conti-mlencinni
1215 2681 1246 2708 in
1277 2681 1419 2708 concilio
1447 2680 1630 2715 1›rcsid=·bit
1665 2688 1723 2707 nnec
1745 2687 1857 2707 vocem

85 2723 223 2753 habebit
242 2725 274 2753 in
295 2725 504 2754 discussione
525 2734 634 2755 cause.
711 2730 738 2760 c)
762 2727 783 2755 S
804 2737 854 2754 um
877 2728 991 2755 Raude
1012 2728 1157 2755 addicto:
1182 2730 1336 2762 pretextu
1358 2727 1537 2755 eleccionis
1566 2728 1649 2755 facte
1671 2728 1711 2754 ab
1733 2727 1796 2753 hiis
1817 2727 1855 2754 ad

87 2771 174 2806 quod
195 2772 245 2800 ius
267 2773 411 2808 pertinet
431 2773 586 2808 eligendi.
667 2775 698 2802 du
719 2776 740 2801 S
759 2783 809 2801 am
833 2775 946 2801 Ranae
967 2774 1114 2802 audicio:
1143 2778 1175 2802 et
1202 2782 1285 2809 pena
1312 2776 1453 2802 fautoris
1475 2775 1650 2803 scismatis.
1717 2776 1744 2806 υ)
1766 2776 1786 2801 S
1805 2782 1854 2799 um

87 2819 199 2847 Ranae
224 2819 370 2847 addicio:
405 2821 591 2848 cardinal-fs
625 2829 702 2849 vero
729 2824 761 2849 et
789 2821 846 2848 alii
874 2822 1062 2856 quicunque
1090 2822 1251 2855 eligentes
1273 2822 1380 2849 medio
1402 2824 1550 2856 tempore
1572 2822 1670 2848 nichil
1694 2821 1854 2855 recipiant

87 2865 127 2893 de
146 2873 277 2894 camera
295 2874 400 2901 neque
432 2867 472 2894 de
505 2868 683 2900 beneficiis,
713 2876 775 2902 quc.-
805 2869 1013 2902 ntstinebunt,
1043 2872 1093 2896 set
1124 2876 1180 2896 eos
1202 2869 1404 2896 camerarius
1426 2869 1585 2900 COlllLst-l'k·
1607 2871 1761 2895 teneatur
1781 2868 1854 2894 dili-

86 2915 202 2948 genter
221 2914 453 2942 retribuendos
479 2917 511 2942 ct
537 2915 786 2943 distribuendos
812 2918 912 2950 prout
932 2916 1132 2943 deliberavit
1155 2916 1341 2943 concilium.
1417 2917 1441 2942 s»
1462 2919 1482 2941 s
1502 2924 1553 2941 am
1578 2916 1690 2942 Hande
1711 2914 1856 2941 addicio:

87 2966 152 2994 quo
171 2967 250 2988 casu
270 2968 354 2996 pape
378 2961 502 2989 eleccio
524 2970 623 2996 penes
644 2963 822 2989 concilium
843 2962 990 2997 plenarie
1014 2966 1192 2990 remaneat.
1267 2963 1298 2997 g)
1325 2963 1346 2990 S
1365 2972 1416 2989 um
1440 2964 1552 2989 Isundc
1573 2962 1718 2989 adnlicio:
1746 2968 1855 2988 coram

87 3007 228 3035 notariis
246 3007 392 3042 publicis
413 3011 445 3035 et
464 3008 634 3036 nobilibus
655 3009 806 3044 personis
827 3011 860 3036 et
887 3009 913 3036 si
935 3009 966 3036 in
988 3009 1064 3037 loco
1085 3009 1205 3043 insigni
1228 3009 1351 3036 suerint
1372 3016 1480 3036 coi-ain
1506 3008 1718 3036 multitudine
1742 3008 1855 3042 populi

87 3054 122 3081 et
140 3054 202 3082 sub
222 3055 316 3089 penis
337 3055 585 3090 suprascriptis.
