2227 3434
888 101 979 135 1417
1003 101 1082 136 Juli
1107 101 1138 134 4.
1813 102 1898 144 499

247 218 406 262 Reus
443 232 467 260 e
485 220 567 261 rit
603 219 892 261 concilio.
933 219 1088 261 Matth.
1116 220 1168 261 V.
1196 219 1486 272 originaliter
1510 223 1555 261 et
1582 220 1628 261 in
1654 220 1898 273 evangelio

128 290 354 332 hodierne
380 290 608 331 dominice
635 290 888 331 secundum
915 303 1099 331 cursum
1127 290 1332 332 Romane
1357 291 1499 342 curie,
1526 303 1663 343 quem
1689 291 1899 343 sequitur

128 361 244 403 ordo
271 373 416 413 meus,
446 360 794 413 transumptive.

245 431 356 483 Quis
377 435 450 473 est
473 432 551 472 ille
576 431 847 473 statuendus
870 431 1106 473 hominum
1121 433 1382 484 presencia,
1399 435 1446 473 ut
1461 431 1741 473 diiudicetur
1757 431 1895 473 reus‘?

245 502 356 554 Quis
391 506 462 544 est
500 502 600 555 ipse
638 502 924 544 accusandus
962 503 1148 543 testium
1188 503 1427 555 instancia,
1466 506 1514 544 ut
1550 503 1898 555 pronuncietur,

128 572 251 625 quod
276 585 384 614 reus
411 573 529 614 erit‘?

243 643 464 695 Quisnam
497 644 560 685 sic
592 647 662 685 est
693 643 1106 696 condempnandus
1139 643 1358 684 iudicium
1391 645 1636 696 sententia,
1669 647 1718 686 ut
1749 647 1899 685 exter-

128 715 329 757 minetur
351 714 577 756 concilio?

243 785 316 827 Sic
344 786 558 838 querenti
590 786 757 838 iugiter
786 785 1067 837 respondeo:
1112 785 1195 836 Qui
1227 785 1449 827 unitatem
1480 785 1672 838 impedit
1700 786 1896 827 ecclesie

127 856 350 898 catholice
385 857 598 898 scismate
635 856 899 909 nephando,
936 855 1013 908 qui
1049 856 1291 897 veritatem
1327 855 1474 898 inficit
1510 857 1738 909 scripture
1774 857 1898 898 theo-

127 927 273 980 logice
301 927 512 980 dogmate
541 926 851 978 dampnando,
879 927 956 979 qui
985 926 1247 968 libertatem
1276 927 1454 979 impetit
1481 927 1615 969 turbe
1644 927 1895 979 apostolice

126 998 395 1050 gravamine
423 997 666 1050 culpando.
690 990 846 1050 Talis,
874 1001 922 1038 ut
948 997 1043 1038 dixi
1074 997 1303 1039 sermonis
1331 998 1376 1038 in
1404 997 1646 1050 principio,
1675 1010 1784 1040 reus
1811 999 1898 1038 erit

126 1069 357 1110 concilio.
394 1102 401 1110 .
437 1103 446 1110 .

241 1139 479 1191 Quomodo
509 1151 620 1192 ergo
652 1142 829 1180 reatum
863 1139 1029 1181 evadet
1060 1139 1231 1180 nedum
1264 1139 1401 1181 huius
1433 1139 1551 1180 sacri
1584 1139 1780 1191 concilii,
1813 1138 1896 1180 sed

125 1213 171 1252 et
193 1210 336 1251 divini
361 1210 518 1252 iudicii
543 1209 817 1252 maledictus
842 1210 1007 1252 Petrus
1032 1210 1089 1251 de
1114 1210 1257 1262 Luna,
1283 1210 1359 1262 qui
1384 1209 1559 1251 tamdiu
1582 1210 1665 1251 hoc
1690 1210 1896 1263 nephan-

125 1280 233 1322 dum
258 1281 425 1323 scisma
450 1281 496 1322 in
521 1280 717 1323 ecclesia
745 1280 828 1322 Dei
852 1280 965 1322 fovit
989 1284 1035 1322 et
1059 1281 1221 1333 adhue,
1247 1284 1468 1333 quantum
1496 1281 1541 1321 in
1567 1293 1623 1322 eo
1646 1284 1731 1333 est,
1757 1292 1896 1321 manu

125 1354 287 1393 tenere
315 1351 571 1405 presumit?
605 1385 612 1393 .
649 1386 656 1393 .
693 1385 700 1393 .
742 1351 898 1393 Potest
926 1351 1081 1393 dicere
1109 1352 1193 1393 hoc
1223 1364 1403 1393 sacrum
1432 1351 1675 1392 concilium
1703 1351 1896 1393 verbum

126 1421 313 1466 Cesaris
345 1422 554 1476 Augusti,
588 1422 644 1464 de
678 1435 767 1475 quo
801 1421 947 1463 refert
981 1422 1242 1464 Macrobius
1276 1422 1397 1464 libro
1434 1422 1501 1463 III
1535 1422 1896 1464 saturnaliorum

125 1493 452 1535 conviviorum.
510 1493 624 1535 Cum
667 1493 853 1546 quidam
899 1493 1021 1546 apud
1067 1493 1287 1534 Cesarem
1333 1505 1517 1534 causam
1563 1496 1735 1546 ageret,
1780 1492 1895 1533 dixit

125 1563 303 1607 Cesari:
353 1563 573 1617 „Corrige
608 1576 695 1616 me,
730 1564 768 1605 si
803 1563 913 1616 quid
947 1563 1301 1616 reprehendis.“
1349 1563 1607 1617 Respondit
1639 1564 1891 1616 Augustus:

124 1635 248 1689 „Ego
270 1638 315 1677 te
341 1647 532 1677 monere
557 1647 761 1688 possum,
787 1634 1020 1687 corrigere
1046 1647 1139 1676 non
1164 1634 1397 1687 possum.“
1435 1634 1507 1676 Sic
1533 1637 1577 1676 et
1604 1646 1785 1676 sacrum
1809 1634 1894 1675 hoc

123 1717 320 1758 presens
352 1706 596 1748 concilium
628 1705 766 1747 Petro
798 1706 999 1747 lunatico
1032 1705 1187 1747 dicere
1220 1708 1388 1757 potest:
1437 1704 1613 1756 „Citavi
1646 1708 1704 1757 te,
1738 1704 1893 1746 monui

123 1779 182 1830 te,
220 1776 305 1819 sed
340 1789 434 1818 non
471 1776 667 1829 correxi,
705 1776 814 1829 quia
852 1776 1182 1829 incorrigibilis
1220 1776 1426 1818 existiS.“
1468 1809 1475 1816 .
1512 1809 1520 1817 .
1556 1810 1564 1817 .
1605 1775 1808 1828 „Stultus
1845 1778 1893 1816 ut

125 1849 234 1890 luna
253 1847 482 1890 mutatur“
507 1848 651 1901 (Eccli
673 1847 742 1900 27,
766 1847 857 1901 12).
892 1847 973 1888 Hic
994 1850 1147 1889 autem
1169 1846 1470 1889 stultissimus
1490 1847 1695 1888 virorum
1718 1858 1893 1899 „senex

122 1917 281 1962 fatuus
303 1921 348 1960 et
374 1918 684 1970 insensatus“,
710 1930 846 1971 quem
873 1918 1063 1971 sapiens
1086 1917 1181 1959 odit
1209 1917 1366 1971 (Eccli.
1393 1917 1462 1969 25,
1487 1917 1552 1971 4),
1579 1917 1743 1959 Petrus
1767 1916 1893 1958 vide-

125 1989 230 2032 licet
263 1989 320 2031 de
354 1989 484 2031 Luna
518 2001 754 2041 nunquam
789 1990 956 2031 mutari
992 1989 1138 2042 potuit
1172 1989 1230 2030 de
1264 1988 1386 2030 malo
1422 1989 1467 2029 in
1503 1988 1689 2040 bonum,
1725 1987 1808 2030 sed
1843 1998 1892 2029 se

125 2072 311 2114 semper
336 2061 527 2102 mutavit
552 2060 609 2102 de
635 2060 756 2102 malo
783 2060 829 2101 in
853 2060 1001 2112 peius.
1042 2093 1049 2100 .
1086 2093 1093 2100 .
1130 2093 1137 2100 .
1177 2057 1325 2111 „Dedi
1350 2059 1481 2101 vobis
1504 2061 1780 2112 potestatem
1805 2058 1895 2100 cal·
1916 2113 1921 2122 Ἰ

121 2131 256 2173 candi
283 2143 426 2184 super
452 2134 698 2183 serpentes
724 2134 768 2172 et
796 2130 1094 2183 scorpiones“
1125 2130 1253 2183 (Luc.
1282 2130 1348 2182 10,
1378 2130 1469 2183 19).
1508 2128 1762 2183 Serpentes
1788 2131 1895 2170 sunt

124 2201 367 2244 Balth‘asar
400 2201 457 2243 de
491 2201 649 2254 Cossa,
683 2201 791 2243 olim
825 2201 1079 2253 Johannes,
1111 2204 1156 2242 et
1189 2201 1259 2243 sui
1293 2199 1589 2252 defensores3
1625 2198 1894 2252 scorpiones

126 2285 236 2315 vero
259 2276 365 2315 sunt
389 2273 555 2315 Petrus
580 2272 636 2314 de
662 2272 793 2314 Luna
815 2275 860 2314 et
884 2272 1032 2325 ipsius
1056 2271 1278 2314 fautores,
1316 2270 1522 2324 Serpens
1547 2270 1715 2323 lingwa
1739 2269 1895 2312 sibilat

122 2347 168 2385 et
186 2356 321 2385 omne
343 2343 507 2396 inficit;
524 2343 593 2385 sic
613 2344 724 2385 olim
745 2343 986 2385 <Iohannes
1008 2343 1174 2396 lingwa
1191 2341 1407 2394 sibilavit,
1424 2354 1525 2383 cum
1542 2341 1710 2383 iuravit
1725 2340 1825 2393 ipse
1842 2352 1892 2381 se

126 2415 247 2456 velle
268 2414 437 2456 cedere
458 2414 662 2467 papatui,
685 2427 762 2456 cor
785 2417 936 2456 autem
959 2413 1060 2456 eius
1082 2413 1219 2466 longe
1243 2415 1342 2454 erat
1365 2425 1390 2454 a
1412 2413 1558 2453 verbo
1578 2410 1893 2465 promissorio.

123 2483 314 2538 Scorpio
344 2497 456 2527 vero
486 2485 532 2526 in
564 2488 773 2526 extrema
803 2487 937 2537 parte
967 2483 1188 2536 corporis,
1221 2484 1267 2525 id
1299 2486 1369 2525 est
1400 2482 1546 2525 cauda
1576 2485 1729 2535 portat
1756 2492 1894 2523 vene-

125 2567 252 2608 num3
279 2555 343 2597 sic
370 2556 535 2598 Petrus
560 2556 616 2597 de
643 2555 771 2598 Luna
800 2555 845 2596 in
869 2554 1029 2607 cauda,
1053 2555 1137 2596 hoc
1161 2557 1233 2596 est
1258 2555 1305 2595 in
1330 2556 1542 2595 extremo
1565 2556 1774 2605 tempore
1800 2552 1892 2594 vite

125 2637 206 2667 sue
235 2629 280 2668 et
308 2625 545 2679 decrepita
573 2629 694 2668 etate
724 2637 954 2667 venenum
985 2625 1213 2667 scismatis
1243 2625 1413 2666 retinet
1439 2626 1486 2665 et
1513 2625 1677 2677 portat.
1718 2622 1893 2664 Adver-

125 2695 219 2750 tite,
273 2700 444 2750 quanta
501 2696 758 2739 difficultas
815 2696 871 2738 sit
929 2697 974 2737 in
1031 2695 1242 2737 eiciendo
1299 2694 1532 2748 prefatum
1592 2694 1778 2735 Petrum
1836 2691 1891 2732 de

126 2766 255 2810 Luna
294 2770 340 2809 et
378 2767 462 2809 hoc
502 2767 622 2809 forte
664 2770 855 2820 propter
894 2769 1082 2819 peccata
1122 2778 1282 2807 eorum
1324 2769 1369 2807 et
1409 2764 1774 2815 indevocionem,
1815 2763 1891 2814 qui

125 2848 231 2879 eum
282 2839 436 2880 eicere
489 2838 662 2880 habent
715 2871 722 2879 .
759 2871 766 2879 .
803 2872 810 2879 .
859 2836 1116 2890 predictum
1168 2836 1416 2889 dyabolum
1470 2835 1758 2877 incarnatum
1795 2867 1803 2875 .
1839 2866 1847 2874 .
1884 2866 1892 2874 .

128 2908 202 2950 Illi
258 2909 419 2951 volunt
474 2909 538 2951 sic
594 2909 771 2961 eligere
828 2920 997 2961 papam
1054 2911 1099 2950 et
1136 2907 1212 2950 isti
1253 2907 1343 2948 alio
1383 2905 1519 2948 modo
1555 2908 1601 2946 et
1639 2905 1722 2946 hec
1761 2903 1892 2945 nacio

127 2979 223 3020 vult
254 2979 430 3021 habere
463 2980 514 3020 A.
547 2991 714 3032 papam
748 2982 791 3020 et
824 2978 915 3021 alia
948 2979 995 3020 B.
1028 2990 1196 3031 papam
1228 2980 1312 3019 ete.
1358 2975 1678 3018 Certissimum
1712 2974 1891 3027 signum

1601 3057 1678 3098 32*
