2227 3434
282 158 320 194 C.
362 159 439 193 Der
463 158 702 194 literarische
729 158 872 202 Kampf
896 168 958 192 um
986 158 1050 192 die
1075 158 1248 202 Stellung
1275 159 1343 193 des
1369 158 1528 202 Papstes
1554 169 1638 193 zum
1667 160 1812 194 Konzil.
1847 161 1929 202 727

164 275 249 327 hec
275 276 457 329 questio
483 276 687 329 pertinet
710 277 861 319 solum
889 276 947 318 ad
973 276 1289 318 auctoritatem
1317 281 1362 320 et
1389 276 1607 318 iudicium
1636 290 1782 319 suum.
1824 277 1931 319 Pre-

163 349 294 389 terea
327 346 568 399 obligacio,
602 359 693 399 qua
727 350 911 388 tenetur
943 346 1138 393 credere
1175 346 1393 389 articulos
1428 347 1542 389 fidei
1577 347 1729 400 quoad
1763 360 1930 400 penam

166 416 353 469 quidem
372 419 597 468 eternam,
626 416 737 471 [est]
767 430 792 459 a
809 417 1010 469 Christo,
1033 430 1134 459 cum
1156 417 1289 459 dixit:
1325 417 1409 468 Qui
1430 430 1523 459 non
1543 417 1806 470 crediderit,
1828 430 1931 459 con-

165 486 547 540 dempnabitur,¹)
575 487 726 540 quoad
749 500 861 529 vero
884 500 1052 540 penam
1075 489 1380 541 temporalem
1406 491 1476 530 est
1499 488 1556 530 ab
1579 488 1792 540 ecclesia,
1816 489 1931 531 sicut

164 556 211 598 in
239 558 472 610 premisso
498 557 686 600 decreto
713 558 899 610 ponitur
928 559 1013 600 sub
1043 559 1350 601 anathematis
1378 571 1501 611 pena
1527 563 1610 601 etc.
1638 562 1686 601 et
1712 559 1770 601 ad
1798 559 1931 600 istam

163 640 256 670 non
284 631 503 670 tenentur
531 628 613 680 illi,
641 629 717 681 qui
748 632 852 671 sunt
881 632 1013 671 extra
1040 629 1299 671 ecclesiam.
1338 629 1384 671 Si
1412 641 1524 682 ergo
1550 642 1673 682 papa
1699 642 1793 671 non
1821 629 1933 671 obli-

163 702 298 751 gatur
327 698 408 741 illo
437 698 638 751 decreto,
669 711 753 741 nec
783 698 903 741 cadit
935 699 1020 741 sub
1052 699 1131 741 illa
1163 699 1466 752 obligacione,
1497 703 1546 741 ut
1576 699 1683 742 dicit
1714 703 1932 752 assertor,

163 768 388 821 sequitur,
430 769 553 822 quod
593 782 684 811 non
725 773 877 822 potest
916 769 1139 822 convinci,
1180 770 1254 811 vel
1294 771 1460 812 saltem
1501 770 1833 823 condempnari
1875 770 1932 812 de

163 838 321 881 heresi
348 851 437 892 -per
469 839 727 882 ecclesiam.
772 839 936 882 Ymmo
969 840 1006 882 si
1039 852 1162 893 papa
1193 844 1373 882 asserat
1411 839 1510 895 [de]
1553 841 1710 893 aliquo
1741 841 1934 883 articulo

163 909 386 952 heretico:
429 910 525 951 Hec
552 913 623 952 est
652 909 775 953 fides
804 923 929 962 vera,
961 914 1366 963 quantumcunque
1398 911 1476 953 alii
1507 915 1783 964 repugnent,
1814 914 1934 953 stan-

165 979 275 1022 dum
294 981 384 1022 erit
401 981 656 1023 assercioni
676 984 722 1022 et
743 981 912 1023 iudicio
930 994 1067 1034 pape,
1089 981 1197 1034 quia
1218 981 1276 1023 ad
1297 982 1441 1023 solam
1465 994 1594 1023 suam
1616 982 1932 1024 auctoritatem

164 1050 248 1093 hoc
271 1051 487 1104 pertinet,
509 1054 560 1093 ut
583 1051 752 1093 dictum
776 1055 859 1104 est,
883 1055 929 1094 et
952 1053 1100 1105 ipsius
1123 1052 1268 1094 solius
1290 1055 1361 1094 est
1384 1052 1635 1105 disponere
1660 1055 1706 1094 et
1727 1052 1932 1094 iudicare

165 1122 293 1164 iuxta
313 1121 566 1164 doctrinam
590 1122 735 1164 sancti
757 1122 944 1165 Thome.
980 1122 1114 1164 Unde
1138 1124 1238 1176 ipse
1261 1123 1421 1176 pocius
1443 1123 1614 1176 poterit
1634 1135 1795 1165 omnes
1816 1123 1933 1165 alios

161 1190 435 1234 convincere
456 1193 502 1235 et
520 1191 864 1244 condempnare
884 1193 941 1234 de
962 1191 1119 1234 heresi
1139 1205 1276 1246 quam
1298 1195 1499 1236 econtra.
1532 1192 1627 1235 Nisi
1648 1194 1758 1235 velit
1779 1191 1933 1236 dicere

163 1261 378 1305 dominus
407 1266 626 1316 assertor,
656 1264 792 1316 quod,
822 1264 1008 1317 quando
1036 1277 1158 1317 papa
1184 1264 1553 1317 condempnatur
1581 1277 1606 1307 a
1635 1265 1830 1306 concilio
1858 1265 1933 1306 vel

162 1333 221 1376 ab
251 1333 463 1386 eccles-ia,
495 1335 765 1376 auctoritate
799 1348 881 1377 sua
914 1335 1295 1388 condempnatur,
1328 1335 1443 1377 sicut
1474 1335 1660 1388 quando
1691 1335 1858 1377 Petrus
1890 1339 1934 1378 et

162 1403 402 1447 Johannes
426 1405 556 1447 missi
582 1409 687 1448 sunt
711 1404 967 1448 Samariam
992 1405 1049 1448 ab
1073 1405 1309 1459 apostolis,
1334 1406 1411 1458 qui
1434 1409 1570 1448 erant
1593 1405 1933 1458 Jherosolimis,

163 1473 292 1517 missi
317 1478 423 1517 sunt
446 1475 503 1517 ab
528 1475 797 1518 auctoritate
822 1476 961 1530 Petri,
985 1476 1108 1529 quod
1130 1489 1225 1518 non
1249 1476 1434 1518 videtur
1456 1476 1692 1519 sustineri.

283 1544 396 1588 Item
426 1545 606 1598 dicitur,
636 1546 758 1599 quod
787 1550 993 1600 potestas
1022 1560 1143 1600 pape
1175 1547 1328 1600 quoad
1357 1547 1506 1600 ipsam
1533 1550 1811 1600 potestatem
1839 1560 1933 1589 non

162 1615 304 1658 habet
349 1616 719 1670 dependenciam
768 1620 983 1671 respectu
1032 1618 1228 1660 ecclesie
1276 1618 1350 1660 vel
1399 1618 1594 1672 concilii,
1643 1618 1861 1671 quoniam
1908 1630 1933 1660 a

165 1686 350 1729 Christo
373 1692 445 1731 est
468 1691 513 1730 et
536 1700 629 1730 non
654 1689 712 1730 ab
736 1688 937 1741 homine,
965 1692 1033 1731 set
1059 1689 1211 1742 quoad
1234 1690 1569 1731 correctionem
1595 1689 1768 1731 abusus
1792 1689 1933 1731 habet

161 1756 531 1811 dependenciam
565 1759 622 1801 ab
654 1759 851 1802 ecclesia
886 1760 958 1801 vel
993 1772 1018 1801 a
1052 1760 1258 1812 concilio,
1293 1759 1425 1812 quasi
1459 1760 1571 1802 velit
1605 1760 1775 1813 dicere,
1809 1759 1931 1813 quod

161 1828 419 1881 concilium,
450 1829 556 1871 licet
585 1842 678 1871 non
707 1829 852 1883 possit
883 1831 1094 1872 minuere
1123 1834 1400 1883 potestatem
1430 1843 1566 1884 pape,
1596 1833 1751 1873 tamen
1780 1833 1931 1883 potest

161 1899 395 1952 corrigere
419 1900 593 1943 abusus
616 1913 699 1942 sue
722 1902 982 1954 potestatis;
1008 1904 1052 1943 et
1075 1902 1162 1943 isto
1183 1901 1320 1943 modo
1341 1901 1562 1954 loquendi
1587 1902 1716 1943 multi
1741 1904 1932 1944 utuntur

160 1972 206 2012 et
236 1969 421 2012 videtur
452 1970 628 2024 aliquid
661 1961 843 2023 sonare,
877 1977 947 2015 set
979 1984 1064 2025 ego
1094 1985 1188 2014 non
1220 1972 1369 2025 video,
1403 1971 1513 2025 quid
1546 1971 1774 2025 importet.
1819 1971 1930 2013 Nam

160 2040 347 2093 quando
374 2054 496 2094 papa
525 2041 635 2084 facit
664 2042 854 2095 aliquid,
885 2043 958 2084 vel
989 2042 1106 2084 illud
1136 2046 1300 2095 potest,
1331 2043 1439 2095 quia
1470 2042 1643 2085 scilicet
1672 2043 1716 2084 ei
1746 2043 1853 2084 licet
1886 2042 1930 2083 id

160 2110 332 2164 facere,
365 2112 439 2154 vel
471 2124 578 2154 non.
621 2111 668 2155 Si
700 2112 777 2164 sie,
810 2117 916 2156 tunc
948 2116 1019 2156 est
1052 2126 1163 2156 usus
1194 2113 1435 2165 potestatis
1465 2116 1513 2155 et
1544 2113 1607 2156 sic
1639 2113 1805 2166 corrigi
1837 2125 1930 2154 non

159 2184 324 2235 potest,
351 2183 459 2235 quia
484 2183 569 2225 hoc
595 2186 665 2225 est
688 2183 952 2225 diminuere
977 2186 1272 2236 potestate-m3
1302 2185 1339 2226 si
1366 2196 1479 2226 vero
1505 2184 1621 2225 illud
1646 2196 1739 2226 non
1764 2187 1929 2237 potest,

159 2255 265 2295 tunc
300 2256 371 2296 est
404 2266 515 2296 usus
550 2266 643 2296 non
678 2254 920 2307 potestatis
955 2258 999 2296 et
1033 2267 1126 2296 non
1160 2254 1334 2298 abusus
1369 2255 1624 2308 potestatis,
1661 2254 1769 2307 quia
1804 2254 1929 2297 abuti

160 2322 317 2376 aliqua
343 2336 394 2366 re
419 2327 508 2367 est:
538 2325 601 2367 uti
631 2324 711 2367 illa
739 2325 797 2367 ad
824 2325 964 2367 alium
993 2338 1125 2366 usum
1152 2338 1289 2378 quam
1317 2325 1460 2367 fuerit
1486 2325 1705 2369 instituta.
1745 2325 1791 2367 Si
1819 2337 1930 2377 ergo

159 2397 365 2446 potestas
389 2407 510 2448 pape
533 2407 624 2437 non
650 2396 738 2438 fuit
761 2396 968 2438 instituta
990 2396 1048 2438 ad
1073 2396 1118 2437 id
1142 2395 1422 2448 faciendum,
1446 2409 1598 2448 ymmo
1622 2395 1780 2449 pocius
1803 2396 1929 2437 insti-

159 2466 255 2507 tuta
287 2464 388 2518 fuit,
420 2468 468 2507 ut
499 2465 615 2507 illud
647 2469 694 2508 et
726 2466 895 2508 similia
927 2479 1020 2508 non
1053 2466 1239 2518 fierent,
1274 2466 1496 2519 sequitur,
1531 2466 1653 2519 quod
1686 2466 1803 2508 illud
1837 2478 1927 2507 non

158 2534 280 2577 cadit
313 2535 399 2578 sub
433 2539 661 2589 potestate
696 2549 817 2590 pape
851 2541 896 2580 et
930 2549 1016 2590 per
1051 2529 1343 2590 consequens
1378 2549 1513 2590 papa,
1549 2549 1650 2578 cum
1687 2537 1808 2588 facit,
1843 2549 1927 2577 nec

161 2604 302 2648 utitur
326 2618 410 2648 nec
435 2605 638 2650 abutitur
662 2610 904 2660 potestate.

278 2676 502 2719 Preterea
523 2689 661 2730 papa,
686 2678 1055 2731 quandocunque
1081 2681 1239 2731 peccat
1264 2681 1421 2720 contra
1448 2679 1598 2730 legem
1625 2678 1827 2719 divinam
1853 2677 1925 2718 vcl

159 2747 435 2799 naturalem,
465 2760 554 2800 que
585 2749 729 2790 eciam
760 2748 919 2791 divina
955 2748 1086 2802 [dici]
1126 2752 1290 2801 potest,
1322 2748 1422 2801 ipsa
1454 2747 1656 2790 abutitur
1686 2750 1926 2800 potestate.

160 2817 290 2860 Alias
313 2817 436 2859 enim
458 2830 550 2860 non
573 2822 698 2861 esset
721 2819 833 2861 dare
857 2831 1028 2871 casum,
1052 2819 1097 2860 in
1123 2832 1212 2871 quo
1236 2819 1507 2860 abuteretur
1529 2820 1770 2870 potestate.
1808 2818 1927 2869 Ergo

161 2900 247 2942 pro
266 2888 473 2941 quolibet
494 2889 574 2930 tali
597 2892 784 2941 peccato
805 2889 1047 2930 concilium
1070 2892 1221 2942 potest
1242 2889 1392 2941 ipsum
1415 2888 1649 2940 corrigere
1671 2891 1716 2929 et
1738 2888 1924 2939 punirc;

161 2961 207 3000 et
229 2958 266 3001 si
291 2958 369 3011 sic,
393 2958 616 3011 sequitur,
640 2959 763 3012 quod
787 2960 858 3000 vel
885 2972 970 3012 per
994 2959 1234 3012 quodlibet
1257 2959 1348 3000 tale
1373 2960 1609 3010 peccatum
1634 2958 1779 2999 eciam
1801 2957 1925 2998 veni-

251 3030 310 3093 ἰ)
337 3030 495 3092 fflj‘15‚‘
510 3051 564 3086 16.
